2150 3866
1002 265 1123 320 222

363 408 529 471 „Fert
562 423 735 458 seeum
765 409 985 475 spolium
1017 410 1226 459 sceleris
1251 426 1626 482 progressaque
1651 422 1808 482 porta

365 489 465 538 Per
497 488 692 538 medios
724 489 892 538 hostes
926 487 1147 552 (meritis
1165 490 1376 557 fiducia
1407 498 1562 543 tanta
1596 501 1671 544 est
1686 497 1732 559 Ι)

363 568 606 619 Pervenit
642 568 712 618 acl
743 570 976 635 regem.''

231 648 334 698 Sed
366 648 463 698 iam
498 648 665 698 Minos
698 649 825 714 ipse,
860 650 1104 715 superatis
1138 651 1425 712 moenibuS,
1476 651 1539 701 ad
1583 654 1768 717 regiam
1801 658 1907 704 ten-

228 729 319 777 dit.
387 728 480 779 Cui
511 729 704 778 obviam
739 731 1042 794 procedente
1075 731 1274 795 Scylla,
1309 737 1419 781 acta
1453 737 1567 781 sunt
1614 733 1731 793 illa,
1780 749 1907 798 quae

231 808 310 858 his
344 810 509 859 verbis
545 808 753 859 Ovidius
795 811 1048 874 exposuit:

360 915 428 925 -—-
590 916 655 924 -—
821 906 1008 956 „quem
1041 891 1117 939 sic
1153 893 1319 958 affata
1348 897 1628 957 paventem
1664 898 1774 941 est.-

359 967 544 1018 Suasit
579 985 720 1018 amor
739 970 990 1034 facinus:
1020 972 1195 1037 proles
1233 988 1327 1037 ego
1361 973 1513 1037 regia
1550 970 1675 1020 Nisi

360 1048 542 1114 Scylla
575 1049 674 1097 tibi
705 1048 859 1098 trado
887 1052 1189 1119 patriosque
1220 1067 1459 1117 meosque
1484 1058 1742 1117 penates:

357 1127 602 1179 Praemia
635 1129 783 1177 nulla
811 1136 953 1195 peto,
987 1132 1092 1180 nisi
1122 1138 1190 1180 te.
1267 1129 1407 1197 Cape
1435 1133 1630 1197 pignus
1665 1130 1852 1180 amoris

351 1209 679 1275 Purpureum
715 1210 938 1258 crinem:
974 1226 1070 1260 nec
1104 1228 1188 1260 me
1222 1227 1359 1260 nunc
1392 1211 1605 1260 tradere
1639 1212 1852 1271 crinem,

359 1288 471 1338 Sed
497 1290 736 1354 patrium
769 1289 868 1338 tibi
900 1290 1053 1339 crede
1090 1297 1281 1357 caput.-
1327 1292 1688 1359 scelerataque
1721 1290 1909 1341 dextra

363 1368 592 1419 Munera
620 1370 872 1435 porrexit.
946 1369 1119 1419 Minos
1147 1377 1391 1437 porrecta
1424 1373 1640 1437 refugit,

363 1449 721 1515 Turbatusque
753 1451 874 1499 novi
906 1449 1171 1516 respondit
1209 1452 1439 1517 imagine
1459 1453 1639 1516 facti.-

355 1530 432 1580 Di
460 1536 515 1578 te
547 1536 918 1588 summoveant,
955 1546 984 1579 o
1017 1532 1181 1579 nostri
1215 1532 1440 1594 infamia
1472 1532 1653 1590 saecli,

354 1611 489 1661 Orbe
519 1626 629 1671 suo,
663 1610 915 1677 tellusque
947 1610 1047 1659 tibi
1071 1617 1364 1678 pontusque
1397 1611 1691 1676 negentur!
1702 1609 1755 1670 *)

359 1689 514 1740 Certe
550 1707 645 1756 ego
678 1705 781 1739 non
811 1692 992 1756 patiar
1028 1690 1166 1740 Iovis
1200 1691 1515 1741 incunabula
1555 1691 1758 1750 Creten,

359 1770 462 1834 Qui
494 1787 638 1820 meus
673 1776 750 1819 est
787 1771 949 1830 orbiS,
996 1776 1204 1820 tantum
1240 1773 1542 1837 contingere
1574 1766 1904 1819 monstrum.''

224 1852 317 1901 His
364 1852 510 1902 dictis
544 1850 737 1911 Minoe,
789 1851 1138 1915 praesidioque
1183 1853 1234 1900 in
1269 1851 1454 1917 oppido
1489 1851 1759 1910 collocato,
1808 1853 1904 1898 sta-

222 1932 314 1981 tim
349 1947 463 1982 cum
498 1930 762 1980 comitibus
795 1932 845 1979 in
879 1936 1046 1980 castra
1079 1931 1228 1980 rediit
1260 1936 1408 1995 atque

885 2011 1100 2072 „classis
1133 2012 1431 2061 retinacula
1461 2011 1591 2060 solvi

359 2090 518 2140 Iussit
553 2097 604 2140 et
641 2097 853 2139 aeratas
884 2091 1086 2157 impelli
1130 2093 1329 2157 remige
1358 2097 1607 2158 puppes.”

226 2171 392 2235 Scylla
425 2186 561 2230 vero,
595 2187 746 2233 quum
781 2186 1020 2234 nusquam
1054 2177 1300 2220 terrarum
1331 2172 1430 2219 iam
1452 2176 1562 2219 tuto
1583 2170 1767 2219 morari
1789 2183 1904 2234 pos·

226 2251 322 2311 sit,
371 2250 443 2298 ira
482 2250 627 2298 simul
663 2266 720 2298 ac
753 2266 938 2314 pavore
972 2267 1174 2308 amens,
1212 2250 1430 2299 Minoem
1463 2250 1806 2315 persequitur,
1852 2249 1904 2298 in

225 2346 364 2381 mare
399 2346 455 2379 se
487 2329 886 2394 praecipitatura,
923 2331 965 2379 si
997 2332 1131 2379 navis
1165 2335 1388 2394 negetur.

359 2409 570 2473 Quintus
606 2416 746 2458 actus
773 2411 986 2476 θρῆνον
1010 2412 1229 2460 habebat
1252 2409 1376 2471 Nisi,
1412 2409 1706 2458 fortitudine
1724 2424 1902 2473 regno-

227 2507 323 2556 que
357 2506 469 2539 cum
503 2491 638 2539 crine
673 2491 865 2555 privati.
933 2491 1009 2540 Ea
1042 2492 1254 2539 lamenta
1287 2507 1316 2538 a
1351 2505 1563 2554 persona
1594 2489 1728 2538 illius
1749 2489 1906 2538 aliena

230 2586 345 2619 esse
367 2569 599 2619 iudicavit
621 2570 922 2620 Aristoteles
942 2570 1082 2620 Poet.
1104 2587 1147 2619 c.
1165 2572 1244 2629 15,
1267 2575 1323 2619 5:
1358 2568 1467 2620 ἔστι
1489 2566 1547 2619 δὲ
1570 2567 1906 2634 παράδειγμα

225 2653 324 2700 τοῦ
358 2647 631 2714 ἀπρεποῦς
665 2648 754 2700 καὶ
787 2649 858 2717 μὴ
893 2648 1248 2716 ἁρμόττοντος
1269 2648 1299 2700 ὅ
1323 2666 1378 2700 τε
1402 2652 1607 2716 θρῆνος
1630 2648 1811 2700 Νίσου
1823 2646 1904 2714 **)

226 2725 285 2780 ἐν
331 2734 395 2796 τῇ
446 2729 662 2797 Σκύλλῃ
708 2729 797 2782 καὶ
840 2730 876 2798 ἦ
919 2733 1014 2798 τῆς
1046 2729 1399 2795 Μελανίππης
1443 2728 1610 2797 ῥῆσις.
1690 2731 1907 2780 Videtur

224 2816 391 2860 autem
426 2811 754 2875 philosophus
789 2813 971 2861 oblitus
1006 2814 1161 2861 fuisse
1194 2813 1494 2872 mutationis,
1537 2827 1663 2875 quae
1696 2811 1906 2859 resectis

227 2891 416 2954 capillis
452 2896 717 2939 consecuta
752 2889 968 2957 est***).
1022 2892 1156 2940 Inter
1180 2892 1269 2939 has
1295 2892 1518 2955 querelas
1551 2892 1718 2951 Nisus,
1753 2906 1903 2953 quum

226 2985 412 3034 pennas
459 2971 551 3018 sibi
597 2970 659 3018 ad
705 2973 1098 3036 persequendam
1131 2971 1284 3019 finam
1319 2971 1426 3019 dari
1471 2975 1705 3035 cuperet,
1753 2970 1901 3017 citato

282 3101 331 3154 ³i‘)
361 3098 509 3141 Potuit
539 3100 654 3141 haec
681 3099 1000 3155 Aristophanes
1026 3100 1251 3156 respicere
1278 3099 1395 3142 Nub.
1422 3099 1503 3142 40:

476 3169 542 3218 εἰς
571 3167 657 3225 τὴν
685 3171 891 3225 κεφαλὴν
921 3166 1106 3213 ἅπαντα
1136 3166 1222 3223 τὴν
1252 3166 1337 3224 σὴν
1365 3167 1599 3227 τρέψεται.

254 3239 331 3294 **)
361 3239 582 3283 scribitur
606 3235 873 3291 Ὀδυσσέως.
931 3242 1205 3296 Frequenter
1223 3239 1268 3281 iu
1299 3239 1491 3294 propriis
1517 3237 1767 3281 nominibus
1791 3235 1903 3277 scri—-

367 3309 522 3352 bendis
551 3314 747 3352 erratum
778 3315 857 3354 est.

227 3378 335 3433 ¹¹⁶**)
366 3379 556 3422 Tzetzes
584 3381 642 3423 ad
670 3380 779 3436 Lyc.
810 3396 854 3423 v.
877 3379 982 3423 650:
1012 3380 1060 3423 ἐν
1086 3379 1233 3438 ἐκείνῃ
1260 3376 1348 3436 γὰρ
1377 3380 1434 3437 τῇ
1462 3377 1577 3436 τριχὶ
1605 3369 1662 3433 ἦν
1693 3370 1820 3433 αὐτῷ
1845 3370 1898 3418 τὸ

367 3450 461 3492 πᾶν
488 3449 571 3506 τῆς
599 3449 851 3504 δυνάμεως,
880 3448 1098 3507 καθάπερ
1127 3450 1206 3494 καὶ
1235 3451 1300 3509 τῷ
1330 3446 1564 3507 Σαμψών.
1654 3500 1658 3501 ⁷
