2124 3860
1131 239 1252 298 352

493 379 726 452 Περσεὺς
754 386 887 451 πρὸς
902 378 1095 453 ’Ἄργος
1127 388 1452 453 ναυστολῶν,
1491 389 1550 441 τὸ
1586 390 1861 458 Γοργόνος
1903 441 1907 444 ,

489 467 626 532 κάρα
658 466 901 531 κομίζων.

360 549 487 599 Tum
523 556 572 598 et
605 550 811 597 salutem
846 549 890 597 ei
923 550 1169 613 promittit
1203 556 1254 599 et
1289 566 1507 600 amorem
1541 551 1814 614 significat:

490 620 531 678 ὦ
565 626 805 692 παρθέν’,
841 627 884 677 εἰ
918 628 1142 693 σώσαιμί
1177 630 1236 691 σ’,
1271 628 1396 680 εἴσει
1429 647 1519 694 μοι
1551 630 1728 696 χάριν,

359 708 484 758 Tam
519 710 831 758 temerarium
868 711 1162 773 promissum
1198 711 1516 759 ludificationi
1556 727 1699 774 quam
1733 709 1925 760 veritati
1954 710 2022 759 si-

360 789 522 838 milius
558 805 668 837 esse
702 790 894 838 videtur
925 791 1313 840 Andromachae.
1383 790 1473 839 Cui
1507 790 1749 839 Perseus:

487 867 579 927 τὰς
611 867 892 934 συμφορὰς
924 868 1024 934 γὰρ
1059 870 1166 919 τῶν
1199 870 1372 929 κακῶς
1405 869 1749 934 πεπραγότων

489 948 767 999 οὐπώποθ’
800 948 993 1015 ὕβρισ’,
1027 949 1184 1010 αὐτὸς
1217 948 1474 1014 όῤῥωδῶν
1505 953 1713 1001 παθεῖν.

487 1100 521 1173 ἦ
554 1124 660 1159 που
694 1107 754 1160 τὸ
790 1108 978 1173 μέλλον
1013 1107 1233 1175 ἐκφοβεῖ
1261 1112 1385 1161 καθ’
1419 1108 1636 1176 ἡμέραν,

486 1187 556 1248 ὡς
588 1193 686 1240 τοῦ
720 1206 778 1255 γε
809 1191 1023 1256 πάσχειν
1055 1190 1276 1241 τούπιὸν
1310 1193 1486 1256 μεῖζον
1519 1189 1711 1251 κακόν,

356 1270 611 1319 Paullatim
646 1271 794 1318 fidem
828 1271 964 1332 facit,
999 1272 1045 1320 id
1083 1273 1211 1335 quod
1248 1273 1325 1319 his
1362 1274 1525 1321 verbis
1561 1273 1697 1336 virgo
1732 1270 1974 1320 declarat:

486 1349 557 1414 μή
592 1366 683 1412 μοι
715 1348 1007 1413 προτείνων
1040 1347 1203 1402 ἐλπίδ’
1239 1348 1425 1416 έξιὶγου
1463 1350 1655 1415 δάκρυ·

484 1426 690 1493 γένοιτο
728 1429 773 1479 δ’
810 1428 876 1480 ἂν
909 1430 1073 1494 πόλλ’,
1110 1420 1186 1481 ὧν
1221 1430 1433 1497 δόκησις
1468 1431 1566 1482 οὐκ
1600 1428 1692 1481 ἔνι.

355 1511 641 1570 Postremo,
687 1512 877 1576 cognita
912 1512 1002 1558 viri
1035 1514 1240 1572 virtute,
1291 1529 1407 1578 spes
1455 1512 1655 1576 virginis
1702 1509 2017 1558 confirmatur

353 1589 494 1649 adeo,
530 1597 583 1638 ut
618 1591 675 1639 ad
714 1607 889 1656 preces
923 1593 1033 1657 ipsa
1067 1608 1121 1641 se
1156 1599 1441 1642 convertere
1476 1600 1526 1640 et
1568 1592 1775 1640 salutem
1809 1588 2014 1654 supplex

354 1685 495 1719 orare
530 1686 624 1718 non
666 1671 886 1719 dubitet:

486 1740 527 1798 ὦ
562 1748 685 1812 ξένε,
722 1749 1078 1815 κατοίκτειρόν
1109 1768 1172 1817 με
1204 1749 1301 1817 τὴν
1334 1749 1665 1802 παναθλίαν·

475 1829 640 1880 λῦσόν
673 1847 736 1895 με
771 1830 991 1895 δεσμῶν.

349 1911 450 1962 Ubi
485 1919 675 1960 servata
722 1913 810 1974 sit,
861 1914 1043 1962 nullam
1089 1927 1183 1961 non
1229 1913 1558 1962 conditionem
1604 1927 1660 1960 se
1703 1918 2012 1979 accepturam

351 2007 463 2042 esse
497 1992 783 2053 pollicetur:

487 2071 624 2134 α”γου
661 2068 716 2121 δέ
750 2073 819 2136 μ’,
856 2062 897 2121 ὦ
930 2069 1068 2134 ξεῖν’,
1105 2069 1203 2120 εἴτε
1236 2069 1536 2134 πρόςπολον
1568 2069 1741 2130 θέλεις

478 2148 568 2199 εἴτ’
604 2153 797 2216 ἄλοχον
829 2151 927 2201 ε’ίτε
962 2150 1169 2215 δμωΐδα
1381 2178 1442 2186 -
1607 2177 1686 2199 —.-.

351 2230 459 2292 Quo
506 2239 711 2295 accepto
757 2233 1027 2296 promisso,
1077 2232 1185 2278 sine
1233 2246 1371 2277 mora
1414 2230 1496 2277 ille
1531 2229 1785 2293 Cepheum
1818 2236 2009 2294 patrem

347 2315 656 2374 praesentem
683 2310 805 2358 adit:
840 2313 931 2372 cui,
967 2310 1076 2372 quis
1111 2309 1175 2356 sit
1208 2313 1257 2355 et
1286 2308 1416 2356 unde
1439 2309 1614 2368 veniat,
1653 2310 1902 2371 quaerenti
1927 2327 2009 2360 res

349 2395 513 2454 gestas
549 2388 839 2456 exponit*)‚
884 2392 1022 2438 cuius
1068 2388 1355 2437 narrationis
1390 2393 1729 2451 argumentum
1763 2389 2009 2440 Lucianus

350 2473 500 2532 atque
532 2469 862 2532 Apollodorus
895 2469 1235 2519 reddiderunt.
1303 2467 1558 2531 Reliquiae
1591 2474 1753 2518 autem
1777 2470 2010 2535 colloquii
2043 2509 2045 2511 .

350 2547 554 2612 exiguae
588 2554 804 2598 exstant:

478 2626 659 2692 νεότης
693 2630 745 2692 μ’
782 2624 939 2695 ἐπῆρε
971 2625 1060 2679 καὶ
1094 2624 1285 2686 σθένος
1317 2629 1413 2676 τοῦ
1448 2628 1550 2676 νοῦ
1583 2625 1757 2679 πλέον.

347 2704 486 2755 Haec
534 2709 595 2756 ad
644 2710 976 2759 temeritatem
1033 2714 1257 2773 spectant
1302 2707 1657 2768 adolescentis,
1718 2725 1812 2773 qua
1859 2716 2007 2775 caput

347 2783 590 2853 Gorgonis
624 2804 679 2837 se
712 2805 802 2854 pro
837 2790 1059 2853 symbola
1093 2789 1350 2837 allaturum
1387 2803 1497 2835 esse
1533 2788 1775 2851 pollicitus
1810 2794 1900 2840 est.

475 2867 695 2931 ἤπειρον
729 2867 802 2928 εἰς
834 2870 1054 2933 ἄπειρον
1086 2864 1456 2931 ἐξεπλεύσαμεν
1470 2866 1566 2931 **).

471 3025 691 3087 „Quot
714 3029 872 3078 luna
897 3031 1107 3079 circos
1127 3043 1339 3077 annuo
1366 3029 1435 3077 in
1460 3043 1658 3077 cursu
1685 3028 2001 3076 institit?

397 3265 447 3320 ²⁶)
477 3266 723 3310 Lucianus:
752 3269 900 3312 ταῦτα
927 3266 1013 3326 γὰρ
1041 3263 1215 3323 ἤκουσα
1235 3265 1537 3324 διηγουμένου
1558 3261 1702 3310 αὐτοῦ
1730 3264 1876 3322 πρὸς
1903 3264 2001 3324 τὴν

481 3335 856 3395 Ἀνδρομέδαν
885 3336 1156 3397 καὶπρὸς
1183 3336 1281 3382 τὸν
1309 3337 1516 3395 Κηφέα
1544 3334 1805 3394 ὕστερον.

373 3406 452 3460 ²⁸²²)
481 3407 662 3465 Fragm.
694 3409 778 3452 inc.
808 3408 906 3452 210.
