2170 3866
929 274 1049 333 393

151 427 196 476 A
241 423 511 474 sobrietate
561 428 724 472 autem
770 427 822 473 et
864 422 1128 488 prudentia
1179 421 1431 470 hominum
1480 433 1624 469 veros
1659 431 1823 467 rerum

151 504 325 554 modos
372 504 753 567 expendentium
802 503 1008 568 perinde
1053 507 1257 565 utraque
1301 502 1466 566 poesis
1514 501 1669 548 abest.
1736 497 1822 546 Al-

90 624 99 642 ,
153 592 257 633 tera
307 584 433 632 enim
484 585 728 632 auctiores
774 583 1276 647 praestantioresqne‚
1334 597 1477 644 quam
1514 586 1627 628 sunt
1659 579 1709 627 in
1743 594 1824 626 re-

150 680 262 713 rum
298 665 523 723 veritate,
559 679 793 728 personas
830 662 1046 726 effingit,
1092 661 1324 709 mortales
1376 661 1574 723 quidem
1609 658 1669 706 ad
1705 658 1824 707 deo-

151 760 261 793 rum
300 745 607 791 maiestatem
645 743 918 798 evehendo,
957 742 1093 789 divos
1128 749 1289 790 antem
1326 741 1386 788 ad
1423 740 1621 787 modum
1650 739 1824 786 huma-

151 839 327 872 norum
377 823 676 881 revocand03
726 822 881 871 altera
917 821 1302 875 contractiores,
1352 820 1640 868 humiliores
1683 818 1824 866 dete-

151 904 410 967 rioresque
444 903 735 963 conformat,
770 902 818 950 in
855 902 1098 949 belluinae
1121 909 1326 949 naturae
1352 899 1702 962 turpitudinem
1727 912 1823 946 non

150 983 378 1031 homines
426 988 647 1043 tantum,
697 982 785 1030 sed
822 983 941 1030 deos
977 997 1173 1046 quoque
1221 981 1450 1044 (quorum
1486 993 1727 1042 personae
1762 976 1824 1025 ad

91 1121 93 1123 ι
149 1062 346 1110 illorum
408 1077 606 1127 semper
665 1061 1034 1111 similitudinem
1095 1060 1416 1126 effinguntur)
1483 1057 1821 1107 deformando.

151 1142 485 1204 Quamobrem
529 1142 613 1190 illa
644 1146 729 1189 aut
763 1143 970 1190 heroum
1007 1148 1091 1190 ant
1125 1141 1420 1206 sapientium
1455 1153 1692 1202 personas
1726 1139 1822 1184 vir-

150 1227 388 1285 tutesque
421 1221 514 1269 diis
550 1221 768 1270 aemulas
804 1222 1102 1285 effingente,
1150 1222 1275 1269 haec
1322 1226 1404 1267 aut
1451 1220 1634 1267 bestias
1670 1220 1824 1280 ipsas,

149 1300 284 1348 velut
316 1306 510 1364 satyros
547 1308 596 1349 et
630 1301 863 1349 renardos
911 1317 1019 1348 cum
1067 1300 1378 1369 isengrimis,
1428 1299 1730 1347 brunonibus
1773 1300 1825 1346 et

148 1380 393 1428 similibus
428 1379 641 1438 inducit,
691 1386 776 1428 aut
824 1380 1050 1429 homines
1085 1380 1205 1428 facit
1239 1395 1377 1427 more
1410 1379 1679 1428 bestiarum
1712 1376 1825 1425 libi-

144 1459 342 1507 dinibus
376 1459 688 1523 impudenter
722 1459 917 1508 deditos
952 1466 1003 1508 et
1036 1459 1267 1524 quicquid
1301 1464 1478 1524 gerunt
1502 1474 1683 1519 rernm,
1718 1463 1825 1505 tur-

145 1539 293 1603 piter,
329 1540 560 1596 absurde,
596 1540 871 1588 socorditer
893 1546 1110 1605 agentes.
1181 1539 1368 1587 Eadem
1405 1538 1672 1587 divinarum
1708 1551 1824 1602 per-

149 1635 380 1668 sonarum
411 1619 671 1668 diversitas
699 1623 791 1666 est.
846 1619 971 1667 Nam
1007 1636 1154 1683 quum
1179 1635 1380 1668 severae
1408 1635 1575 1666 musae
1601 1616 1823 1682 proposi-

148 1705 257 1748 tum
281 1699 343 1747 sit
377 1699 582 1748 deorum
603 1698 920 1758 voluntatem,
955 1699 1294 1747 absconditam
1326 1698 1459 1746 illam
1495 1698 1690 1761 quidem
1726 1696 1823 1744 dit·-

147 1778 429 1842 ficilenique
463 1778 733 1839 intellectu,
770 1778 859 1825 sed
897 1785 1081 1827 certam
1112 1780 1498 1844 sapientemque,
1534 1779 1581 1826 in
1615 1776 1823 1826 admini-

150 1859 362 1906 strandis
394 1859 542 1906 rebus
575 1858 800 1906 humanis
835 1864 1154 1923 apparentem
1182 1859 1460 1921 ostendere,
1494 1865 1639 1922 atque
1663 1857 1824 1905 omnia

149 1937 211 1985 ad
259 1938 421 2003 legem
468 1939 710 2002 quandam
743 1943 1032 2001 perpetuam
1068 1943 1415 2002 aeternamque
1452 1939 1692 2002 dirigere,
1739 1941 1824 1985 aut

149 2019 328 2065 summi
373 2019 585 2067 numinis
635 2018 906 2082 potentiam
957 2018 1324 2078 demonstrare,
1377 2019 1712 2067 consultorum
1746 2017 1821 2065 fa-

149 2103 441 2161 ctorumque
491 2100 708 2147 omnium
756 2103 1012 2157 eventum,
1071 2099 1239 2152 insciis
1299 2099 1584 2147 mortalibus
1632 2097 1823 2146 invitis-

150 2193 274 2240 que,
320 2178 645 2236 moderantia
697 2179 879 2226 comica
930 2178 1141 2226 invicem
1187 2179 1354 2242 poesis
1397 2179 1447 2226 in
1488 2179 1651 2226 locum
1694 2175 1822 2224 lovis

146 2254 337 2320 fatique
371 2273 537 2305 casum
572 2258 865 2318 fortuitum,
905 2273 1122 2305 scurram
1160 2258 1400 2319 quendam
1436 2263 1488 2305 et
1519 2261 1822 2322 nugatorem,

146 2336 330 2396 evehit,
364 2337 449 2402 qui
482 2337 678 2386 illorum
711 2337 842 2386 facta
876 2337 1072 2385 imitans
1107 2354 1165 2386 ac
1198 2344 1388 2385 temere
1423 2353 1505 2386 res
1541 2337 1672 2385 nullo
1707 2353 1822 2386 con-

148 2416 258 2464 silio
290 2418 505 2472 miscens
538 2419 838 2481 turbansque
871 2418 917 2465 in
953 2418 1105 2465 risum
1142 2434 1330 2474 severa,
1366 2418 1415 2466 in
1440 2418 1610 2466 ludum
1635 2419 1821 2466 iocum-

150 2510 248 2558 que
296 2497 552 2559 magnifica
599 2496 908 2562 detorqueat.
976 2498 1060 2546 Sic
1108 2513 1169 2545 ne
1202 2498 1379 2561 Oedipi
1425 2498 1623 2559 quidem
1659 2511 1820 2556 casus,

150 2574 235 2637 qui
270 2581 384 2623 sunt
418 2578 656 2638 omnium,
692 2593 817 2640 quae
854 2577 1147 2638 cogitatione
1182 2576 1352 2640 effingi
1385 2583 1608 2642 possunt,
1643 2576 1821 2624 miser-

148 2653 259 2702 rimi
293 2660 344 2703 et
377 2654 766 2705 imbecillitatem
812 2664 1012 2705 naturae
1047 2657 1314 2714 humanae,
1363 2664 1676 2720 comparatae
1710 2672 1820 2705 cum

147 2734 494 2782 immortalium
529 2736 815 2796 maiestate,
853 2736 1161 2785 ostendendo
1197 2738 1382 2784 animos
1418 2737 1718 2802 percellunt,
1754 2737 1821 2785 ri-

150 2828 260 2862 sum
294 2813 562 2878 effugiunt,
609 2815 653 2862 si
692 2815 952 2865 inducatur
998 2816 1288 2864 adolescens
1322 2832 1414 2880 pro
1447 2817 1634 2879 virgine
1669 2816 1823 2866 nubili

150 2909 324 2949 anum,
370 2900 421 2941 et
454 2895 657 2958 insuper
689 2901 896 2946 matrem
932 2913 1098 2954 suam,
1146 2897 1331 2945 ducens
1378 2902 1428 2945 et
1462 2913 1551 2960 pro
1587 2897 1704 2944 dote
1739 2913 1822 2945 ac-

151 2974 338 3035 cipiens
382 2990 614 3036 regnum,
663 2976 793 3036 quod
840 2977 947 3025 sine
990 2977 1183 3025 vetulae
1230 2976 1500 3040 appendice
1544 2977 1823 3026 hereditate

150 3053 492 3117 accipiendum
542 3052 725 3115 erat*).
809 3055 1055 3105 Incestum
1102 3044 1230 3104 enim
1280 3061 1331 3104 et
1379 3057 1568 3119 reliqua
1617 3057 1822 3117 nefaria,

154 3149 280 3197 quae
314 3134 518 3181 horrent
544 3133 690 3180 animi
725 3137 1003 3196 verecundi,
1040 3152 1134 3185 non
1163 3141 1333 3183 curant
1357 3137 1554 3196 risores,
1590 3138 1741 3184 servis
1769 3141 1821 3185 et

149 3212 427 3261 hominibus
463 3204 606 3260 trivio
640 3213 830 3274 innatis,
865 3218 1092 3282 turpibus
1126 3215 1482 3280 flagitiosisque
1516 3217 1730 3276 simileS,
1765 3222 1822 3278 ut

150 3306 214 3340 ne
256 3293 306 3341 in
352 3292 643 3341 miserrimis
685 3293 884 3356 quidem
929 3298 1078 3346 rebus
1114 3296 1213 3345 suis
1262 3296 1474 3346 ludibria
1509 3302 1560 3347 et
1594 3295 1820 3345 libidines

207 3460 256 3515 ὴ)
285 3462 355 3505 cf.
383 3462 606 3519 Aristoph.
636 3462 752 3507 nan.
785 3461 910 3506 1193.
