2170 3848
1140 251 1261 307 12⁰

358 417 453 452 non
485 402 675 464 potest,
723 395 837 461 quin
887 395 1174 461 profusione
1218 397 1466 462 sanguinis
1502 414 1634 449 mors
1669 405 2020 467 consequatur,

357 482 409 530 id
444 477 576 542 quod
609 477 658 526 in
690 477 879 540 reliqua
914 475 1148 525 dramatis
1182 481 1324 539 parte
1358 477 1530 541 perfici
1560 479 1804 529 videmus.

489 555 695 604 Deserta
727 556 872 619 igitur
905 572 934 604 a
966 561 1104 620 patre
1138 554 1406 604 Hermiona
1429 571 1526 605 non
1553 558 1713 607 minus
1739 559 2020 610 vehementi

357 635 674 701 poenitentia,
710 651 855 698 quam
889 639 1030 683 antea
1063 633 1344 683 vehementi
1375 636 1658 695 iracundia,
1693 637 2026 702 perturbatur,

359 719 594 778 metuque
627 714 894 778 trepidanS,
929 729 992 762 ne
1024 713 1231 762 maritus
1265 715 1556 763 iustissimas
1582 714 1870 765 delictorum
1903 733 2026 782 poe-

360 809 448 843 nas
485 797 674 856 sumat,
719 798 861 842 tanto
909 797 1100 842 aestuat
1134 793 1331 855 dolore,
1384 798 1440 842 ut
1474 793 1621 842 modo
1655 793 1816 859 gladio
1849 801 2025 860 pectus

358 876 640 938 percutere,
693 872 839 920 modo
874 873 1045 936 laqueo
1081 873 1258 921 collum
1293 873 1546 937 implicare
1582 879 1803 931 conetur,
1837 867 2030 923 nutrice

360 968 471 1001 cum
503 951 702 1000 famulis
738 953 797 999 ab
831 958 1038 1014 utroque
1072 952 1466 1014 prohibentibus.
1533 953 1825 1012 Postremo,
1862 957 2029 1002 mente

361 1030 596 1090 alienata,
643 1032 690 1079 in
727 1031 978 1095 publicum
1013 1046 1071 1078 se
1106 1031 1339 1095 proripit,
1387 1033 1548 1096 passis
1583 1033 1830 1090 crinibus,
1864 1038 2028 1081 vestes

360 1111 607 1172 scindens,
642 1126 790 1174 genas
820 1109 1056 1174 unguibus
1090 1108 1327 1171 lacerans,
1361 1110 1411 1157 in
1446 1111 1687 1170 flammas,
1722 1110 1773 1159 in
1805 1126 1941 1159 mare
1975 1125 2032 1160 se

359 1189 707 1254 praecipitare,
742 1190 788 1236 in
824 1204 989 1236 aerem
1025 1188 1231 1247 tollere,
1266 1189 1313 1236 in
1349 1189 1636 1238 solitudines
1670 1176 1909 1254 aufugere
1942 1205 2030 1240 cu-

360 1268 516 1333 pienS.
586 1269 745 1331 Quam
791 1267 865 1316 sic
915 1273 1083 1316 mente
1128 1269 1463 1331 perturbatam
1510 1270 1626 1317 dum
1673 1267 1917 1316 consolari
1950 1283 2032 1317 se-

361 1348 578 1411 dareque
611 1348 774 1397 nutrix
807 1346 1000 1407 studet,
1035 1346 1195 1407 venit,
1245 1347 1293 1395 in
1329 1347 1488 1397 locum
1524 1346 1738 1396 Menelai
1771 1363 2032 1397 successu-

361 1443 464 1486 rus,
498 1428 657 1492 pestis
694 1428 867 1475 domus
901 1425 1178 1474 Pelidarum
1206 1427 1361 1475 multo
1387 1427 1554 1486 etiam,
1591 1443 1736 1490 quam
1760 1426 1862 1488 ille,
1896 1431 2032 1476 atro-

362 1507 487 1567 cior,
521 1506 757 1564 orestes,
793 1506 874 1569 qui
905 1505 1066 1565 forte,
1102 1520 1251 1567 quum
1287 1522 1377 1569 per
1409 1505 1642 1554 Phthiam
1680 1506 1742 1554 ad
1778 1506 2031 1555 oraculum

361 1585 489 1634 lovis
532 1586 851 1634 Dodonaeum
896 1584 1322 1649 proficisceretur,
1371 1585 1565 1648 cognito
1600 1584 1900 1634 Hermionae
1931 1587 2032 1635 An-

361 1665 758 1726 dromachaeque
801 1663 1033 1722 dissidio,
1082 1663 1366 1726 speculatus
1414 1670 1545 1720 erat,
1597 1680 1856 1730 quemnam
1899 1663 2031 1714 illius

363 1747 416 1792 et
449 1743 661 1792 Menelai
696 1742 899 1790 consilia
932 1746 1161 1789 eventum
1197 1741 1453 1800 haberent,
1487 1748 1559 1803 ut,
1594 1745 1708 1791 data
1741 1743 2031 1807 opportuni-

363 1828 495 1883 tate,
542 1822 858 1870 Hermionam
905 1820 996 1867 sibi
1043 1819 1329 1868 vindicaret.
1396 1820 1579 1870 Fuerat
1614 1823 1742 1871 enim
1777 1823 1823 1870 ei
1858 1838 1886 1870 a
1920 1823 2033 1872 Me-

363 1901 534 1961 nela'o,
581 1902 866 1964 priusquam
899 1897 1099 1947 Troiam
1145 1901 1577 1963 proficisceretur,
1625 1903 1896 1966 desponsa,
1944 1903 2035 1952 sed

362 1986 537 2045 postea
560 1995 731 2027 rursus
755 1977 1097 2041 Neoptolemo,
1134 1978 1177 2024 si
1203 1978 1404 2027 Troiam
1431 1981 1717 2040 excidisset,
1753 1981 2029 2044 prom-issa:

364 2059 494 2124 quod
527 2056 711 2107 factum
746 2072 894 2122 aegre
926 2056 1093 2104 ferens
1130 2055 1365 2116 Orestes,
1411 2064 1467 2106 ut
1510 2061 1591 2122 qui
1627 2077 1654 2107 a
1691 2061 1849 2124 patria
1885 2077 2033 2110 exsu-

363 2140 467 2188 lans
510 2154 568 2186 ac
617 2136 878 2201 parricidio
922 2135 1201 2200 inquinatus
1251 2135 1456 2185 difficile
1489 2138 1760 2186 alienorum
1795 2139 2034 2188 affinitate

359 2218 669 2282 reciperetur
701 2216 989 2280 repudiatus
1043 2231 1069 2262 a
1105 2215 1418 2278 propinquis,
1455 2217 1761 2281 supplicibus
1797 2219 2028 2283 precibus

363 2297 743 2347 contenderat&
774 2294 1132 2358 Neoptolemo,
1180 2298 1252 2352 ut,
1296 2302 1529 2360 respectu
1564 2297 1730 2346 habito
1777 2297 2036 2347 infortunii

365 2377 470 2438 sui,
520 2392 750 2440 sponsam
798 2375 890 2422 sibi
937 2374 1153 2421 cederet.
1219 2375 1285 2422 At
1329 2375 1371 2423 is
1421 2377 1772 2425 contumeliose
1818 2377 2037 2443 propulit

363 2456 688 2514 matricidam,
724 2454 806 2518 qui
840 2459 947 2501 tum
982 2453 1199 2515 quidem,
1234 2454 1445 2502 miseriis
1480 2471 1766 2519 oppressus,
1804 2457 2031 2506 iniuriam

363 2536 592 2600 pertulit,
638 2534 726 2583 sed
759 2533 1026 2582 ulciscendi
1071 2534 1484 2598 opportunitatem
1519 2542 1813 2598 exspectare
1850 2537 2033 2585 consti-

362 2615 489 2672 tuit,
543 2630 687 2678 quam
732 2614 828 2661 hoc
872 2618 1097 2677 tempore
1139 2614 1345 2676 adeptus
1396 2620 1485 2661 est.
1563 2613 1688 2662 Nam
1734 2628 1831 2663 non
1875 2615 2035 2664 solum

363 2694 684 2743 Hermionam
730 2693 958 2752 abducit,
1006 2692 1092 2740 sed
1129 2691 1509 2755 Neoptolemum
1546 2710 1768 2758 quoque,
1819 2694 1914 2743 deo
1964 2696 2035 2743 iu-

365 2775 529 2832 bente,
562 2774 708 2821 huius
743 2772 886 2821 simul
921 2787 1129 2836 suasque
1163 2772 1362 2820 iniurias
1399 2787 1738 2836 persequens,
1784 2774 2034 2824 interficit.

500 2852 689 2900 Orestis
724 2857 871 2915 atque
904 2850 1218 2915 Neoptolemi
1265 2852 1328 2900 de
1363 2851 1631 2901 Hermiona
1666 2853 2035 2903 contentionem

369 2931 522 2979 caede
570 2931 886 2994 Neoptolemi
926 2931 1113 2978 finitam
1165 2929 1466 2992 Sophocles,
1515 2931 1648 2979 idem
1693 2936 2034 2997 argumentum

365 3015 606 3071 tractans,
651 3025 893 3059 summam
937 3010 1132 3059 fabulae
1166 3010 1499 3060 constituerat.
1571 3011 1771 3074 Delphis
1805 3026 1886 3059 res
1920 3028 2037 3077 age-

364 3093 564 3152 bantur,
602 3105 698 3153 quo
733 3090 1087 3154 Neoptolemus
1122 3105 1229 3137 cum
1265 3106 1433 3151 uxore,
1470 3091 1743 3139 sterilitatis
1766 3090 2037 3140 remedium

366 3185 637 3234 quaerens,
699 3185 753 3216 se
801 3170 1067 3218 contulisse
1110 3168 1386 3231 fingebatur
1402 3168 1469 3233 *).
1548 3170 1614 3218 Et
1660 3169 1858 3233 quidem
1903 3170 2035 3219 illam

367 3249 521 3315 prius·
542 3265 571 3296 a
606 3247 933 3312 Neoptolemo
966 3248 1076 3313 rapi
1109 3247 1321 3296 fecerat:
1359 3250 1497 3299 cuius
1531 3248 1892 3298 matrimonium
1925 3264 2036 3298 cum

365 3329 516 3379 invita
549 3342 698 3392 passa
731 3333 865 3377 esset
899 3333 1104 3394 propter
1129 3327 1342 3392 OrestiS,
1377 3330 1458 3379 cui
1479 3329 1724 3394 desponsa
1745 3332 1867 3391 erat,
1901 3344 2037 3379 amo·

422 3500 471 3556 >l‘)
501 3498 570 3545 ef.
591 3498 764 3544 Welck.
782 3512 827 3555 p.
846 3498 932 3543 319
952 3512 1074 3556 seqq.
