2202 3892
1122 257 1246 317 27⁰

345 405 532 474 probae
578 418 691 453 esse
735 402 962 464 mulieri,
1005 419 1130 469 quae
1173 406 1330 455 virum
1379 421 1522 467 eum,
1564 409 1640 458 cni
1683 410 1817 475 virgo
1851 409 2012 460 dedu-

346 492 429 536 cta
473 484 656 543 fuerit,
700 499 818 532 vere
852 500 912 533 ex
947 485 1112 533 animo
1148 485 1393 535 dilexerit.
1445 486 1587 536 Haec
1619 487 1800 554 largior
1832 496 1884 540 et
1923 506 2011 539 co·

343 564 529 631 piosior
563 567 642 612 est
675 563 959 627 disputatio,
996 581 1140 628 quam
1172 581 1254 614 res
1291 566 1544 630 postulare
1577 567 1785 629 videtur,
1821 575 1873 619 et
1908 586 2014 619 cre-

343 645 433 694 das
466 643 772 691 occasionem
807 643 1071 708 probarum
1101 662 1306 694 uxorum
1338 662 1501 695 mores
1527 647 1839 697 describendi
1873 666 2018 714 prae-

344 723 659 789 cipiendique
693 724 829 770 utilia
864 724 1091 789 cupidius
1127 728 1186 774 ab
1214 726 1456 792 Euripide
1493 734 1739 791 arreptam
1765 743 1894 779 esse.
1954 729 2019 778 At

343 802 556 868 primum
602 803 798 866 quidem
848 804 1114 853 curandum
1143 805 1267 866 fuit,
1302 823 1364 854 ne
1399 806 1608 855 lamenta
1644 807 1869 856 lamentis
1903 822 2021 857 con-

342 882 677 932 tinuarentur:
712 898 806 946 qua
841 884 1013 951 eadem
1053 886 1116 932 de
1151 902 1325 934 caussa
1358 886 1514 934 altero
1542 886 1782 950 episodio‚
1819 901 2023 936 accusa-

342 963 478 1013 tione
511 962 759 1022 Helenae,
808 963 905 1011 hoc
953 964 1124 1012 drama
1169 966 1503 1030 distinguitur.
1576 965 1706 1015 'l'um
1743 982 1909 1016 mores
1942 966 2022 1016 fe-

343 1043 601 1102 minarum,
637 1058 758 1105 quas
792 1044 966 1092 domos
991 1060 1103 1093 suas
1123 1046 1370 1111 principes
1398 1044 1700 1094 Graecorum
1726 1061 1816 1110 pro
1841 1046 2024 1111 praeda

343 1122 677 1184 deducerent,
726 1125 1003 1172 accuratius
1040 1126 1353 1174 describendi
1390 1125 1514 1173 hanc
1547 1126 1610 1173 ob
1646 1141 1868 1174 caussam
1907 1125 2023 1175 fue-

342 1208 474 1262 runt,
510 1208 566 1252 ut
600 1218 697 1251 non
732 1204 893 1251 minus
929 1207 1106 1268 probas
1140 1222 1283 1268 quam
1320 1206 1566 1270 improbas
1601 1205 1695 1253 illis
1731 1205 1934 1255 inutiles
1966 1221 2024 1255 ac

341 1282 643 1348 perniciosas
690 1283 800 1332 fore
841 1284 1211 1348 intelligeretur.
1278 1285 1500 1346 Denique
1534 1301 1707 1348 magna
1741 1285 2025 1352 tragoediae

340 1377 458 1427 pars
493 1362 671 1411 merito
705 1363 752 1412 in
787 1363 1019 1412 Hectoris
1055 1368 1106 1412 et
1139 1364 1521 1413 Hectoridarum
1554 1364 1753 1423 virtute,
1790 1380 1882 1428 qna
1910 1364 2023 1414 diu-

339 1441 532 1490 tissime
565 1441 713 1490 Troia
749 1442 955 1491 defensa
988 1450 1091 1504 est,
1135 1443 1429 1492 celebranda
1463 1450 1747 1508 occupatur.
1816 1444 2024 1494 Hecuba

343 1526 527 1579 autem,
562 1522 637 1570 his
674 1523 883 1582 auditis,
926 1524 1145 1587 quamvis
1181 1524 1275 1572 iam
1312 1539 1367 1571 se
1402 1524 1511 1588 ipsa
1540 1523 1688 1587 plane
1721 1528 2023 1589 tempestate

340 1600 474 1650 victa
506 1600 857 1666 desponderit,
903 1608 1064 1652 tamen
1110 1618 1204 1651 non
1239 1618 1434 1650 omnem
1470 1619 1609 1667 spem
1643 1603 1773 1652 illam
1809 1604 2025 1652 abiicere

341 1681 504 1741 iubet,
554 1682 643 1730 sed
689 1689 1004 1747 praesentem
1053 1683 1305 1731 dominum
1340 1683 1547 1731 colendo
1593 1683 1751 1731 lilium
1789 1682 2023 1731 Hectoris

341 1776 541 1811 servare
588 1768 735 1824 atque
783 1762 1029 1826 educare,
1079 1763 1159 1827 qui
1192 1761 1391 1811 Troiam
1441 1769 1700 1811 restauret.
1768 1762 1881 1810 Hoc
1913 1762 2025 1827 ipso

341 1847 591 1889 momento
627 1840 922 1906 Talthybius
956 1844 1088 1892 redit
1120 1859 1179 1892 ex
1215 1843 1419 1892 consilio
1453 1842 1649 1907 Ulyssis
1675 1844 2025 1908 Astyanactem

341 1920 645 1970 abducturus
691 1921 754 1970 de
799 1923 924 1971 turri
958 1924 1394 1989 praecipitandum.
1463 1922 1602 1971 Haec
1636 1922 1790 1971 altera
1827 1921 2024 1970 victima

339 1998 544 2050 iubente
575 2001 752 2050 invidia
800 2007 852 2051 et
901 2005 1141 2053 suadente
1187 2004 1371 2068 Ulysse
1417 2009 1620 2068 propter
1668 2001 2025 2067 praestantiam

342 2094 482 2128 suam
527 2082 766 2134 caeditur.
847 2083 991 2132 Forti
1026 2085 1219 2144 animo,
1264 2099 1375 2132 cum
1427 2083 1702 2131 cedendum
1750 2081 2025 2130 victoribus

341 2173 456 2208 esse
487 2160 669 2221 videat,
702 2179 909 2227 puerum
941 2170 1100 2212 mater
1134 2179 1195 2212 ex
1229 2162 1459 2227 amplexu
1495 2178 1584 2210 suo
1619 2162 1784 2209 divelli
1820 2161 2025 2224 patitur,

341 2236 565 2288 facinore
598 2247 697 2289 tam
734 2243 953 2301 crudeli,
1005 2250 1061 2290 ut
1091 2243 1173 2290 vix
1205 2257 1386 2306 praeco
1421 2242 1531 2305 ipse
1567 2246 1873 2304 perseveret.
1942 2237 2025 2301 „O

343 2319 648 2383 carissime‚’'
671 2322 842 2386 inquit,
870 2338 937 2381 „0
966 2321 1152 2369 frustra
1180 2320 1310 2368 culte
1333 2320 1424 2378 fili,
1453 2320 1751 2368 interficeris
1778 2319 1839 2367 ab
1865 2318 2025 2368 hosti-

342 2397 437 2447 bus
471 2401 642 2450 relicta
676 2409 835 2451 matre
869 2403 1081 2461 misera3
1142 2400 1294 2465 patris
1333 2406 1496 2448 autem
1535 2406 1585 2447 te
1619 2399 1838 2464 perdidit
1873 2409 2027 2464 gene-

340 2478 554 2540 rositas,
605 2497 731 2545 quae
776 2483 886 2531 aliis
931 2481 1078 2530 saluti
1130 2497 1242 2529 esse
1277 2480 1417 2530 solet.
1489 2478 1531 2527 Ο
1567 2479 1795 2528 infelices
1831 2479 2026 2547 nuptias

339 2573 506 2619 meas,
556 2577 619 2610 ex
669 2563 846 2626 quihus
881 2578 978 2611 non
1012 2578 1157 2624 reges
1191 2559 1418 2608 Troianis
1455 2576 1616 2618 eram,
1672 2561 1759 2608 sed
1803 2548 2026 2609 victimas

340 2638 594 2702 hostibus,
646 2643 891 2707 paritura!
953 2641 996 2691 Ο
1042 2642 1146 2699 fili,
1192 2640 1309 2704 quid
1370 2640 1570 2704 ploras?
1636 2640 1753 2704 quid
1801 2640 2023 2688 vestibus

341 2716 601 2781 inhaereS,
658 2724 750 2772 sub
794 2739 932 2772 meas
986 2722 1138 2770 veluti
1181 2721 1345 2785 pullus
1393 2720 1493 2767 alas
1539 2720 1862 2785 confugiens?
1913 2718 2025 2767 Non

340 2795 530 2848 Hector
564 2800 723 2863 adest,
759 2804 842 2867 qui
878 2803 1085 2851 salutem
1121 2800 1322 2857 afferat,
1358 2815 1453 2847 non
1488 2799 1700 2856 affines,
1735 2815 1832 2848 non
1866 2798 2027 2862 Phry-

341 2893 457 2941 ges:
520 2881 685 2945 itaque
747 2883 950 2932 funesto
998 2882 1125 2930 saltu
1172 2881 1221 2929 in
1267 2879 1510 2928 cervicem
1559 2880 1702 2926 datus
1755 2895 1784 2927 e
1833 2877 2028 2925 sublimi

341 2972 583 3025 praeceps
611 2962 842 3027 spiritum
867 2959 1182 3027 abrumpes.''
1236 2960 1482 3008 Ultimum
1509 2959 1843 3024 amplectitur,
1880 2970 2026 3004 ⁰⁸⁰⁰·

340 3035 472 3086 latur
506 3040 847 3092 dulcissimum
884 3059 1081 3108 corpus,
1115 3042 1303 3090 frustra
1339 3042 1566 3087 mammis
1595 3040 1747 3104 ipsius
1770 3036 2025 3094 nutritum,

341 3115 532 3167 frustra
582 3122 716 3171 curis
762 3123 865 3171 suis
911 3130 961 3172 et
1007 3122 1258 3171 laboribus
1304 3121 1597 3179 educatum,
1646 3124 1696 3167 et
1739 3120 2027 3166 exsecratur

342 3196 616 3263 Helenam,
663 3203 902 3263 invidiae,
953 3203 1151 3260 caedis,
1186 3199 1423 3264 perniciei
1457 3207 1508 3247 et
1542 3199 1781 3247 malorum
1806 3194 2023 3242 omnium

342 3291 582 3328 caussam.
651 3281 859 3331 Tradito
895 3283 1029 3344 filio,
1080 3281 1243 3329 statim
1281 3279 1341 3326 ad
1378 3296 1568 3340 navem,
1602 3277 1687 3327 ubi
1721 3289 1902 3338 corpus
1939 3287 2025 3320 oc-

341 3357 525 3423 cultet,
573 3362 671 3411 abit
704 3361 890 3411 haecce
935 3364 1138 3412 dicens:
1187 3360 1288 3419 „ad
1323 3359 1548 3425 egregios
1581 3371 1701 3407 vero
1733 3353 2024 3418 proficiscor

342 3433 645 3500 hymenaeos
677 3441 861 3491 liberos
893 3444 1092 3492 tradens
1127 3436 1470 3503 iugulandos.''
