2124 3860
941 256 1066 312 319

165 428 325 482 nuper
368 409 563 475 coepit,
609 407 660 457 in
693 404 941 456 veteribus
987 418 1136 467 vero,
1183 401 1363 466 quibus
1413 400 1615 451 minime
1655 399 1847 464 debuit,

166 513 278 547 cum
313 492 560 543 dedecore
597 504 797 546 eorum,
850 486 934 550 qui
969 499 1171 549 operam
1207 483 1303 530 illis
1355 483 1635 532 litterarum
1670 483 1848 533 studiis

163 580 373 635 navant,
423 574 706 621 etiamnunc
745 572 936 632 regnat.
1005 564 1143 614 Utile
1176 564 1326 626 igitur
1359 564 1471 612 fore
1505 564 1720 613 arbitror
1754 580 1850 614 non

165 655 456 706 disserendo
493 660 707 709 tantum,
744 649 834 697 sed
869 648 1019 695 etiam
1053 645 1303 704 imitando,
1340 645 1650 707 iniquitatem
1687 646 1850 708 istam,

166 753 291 801 quae
324 734 550 801 plurimis
586 731 792 795 probata
827 733 920 787 est,
956 742 1245 789 coarguere.
1313 725 1530 774 Facilius
1566 727 1692 774 enim
1730 742 1851 789 qua-

167 818 230 866 lis
266 818 332 865 sit
366 814 697 876 intelligetur,
747 809 790 857 si
826 809 999 856 eadem
1035 807 1257 866 ratione,
1306 822 1401 870 qua
1437 807 1497 854 ab
1534 806 1618 854 illo
1654 807 1853 870 Euripi-

168 898 312 956 dem,
356 895 502 943 etiam
537 889 839 954 Aeschylum
876 888 1275 951 Sophoclemque
1322 888 1517 936 concidi
1551 887 1855 951 lacerarique

166 993 317 1042 posse
362 980 618 1023 ostensum
664 974 770 1020 erit.
850 970 1131 1033 Aeschylus
1179 970 1331 1034 igitur
1378 969 1438 1017 ad
1474 969 1733 1017 horrorem
1771 983 1855 1016 co-

166 1042 358 1106 marum
394 1054 555 1103 omnia
589 1054 810 1118 paravit,
846 1053 914 1100 nil
949 1051 1147 1112 modici,
1184 1051 1251 1098 nil
1289 1050 1524 1099 credibile
1558 1054 1643 1098 aut
1677 1048 1854 1098 verisi-

164 1137 285 1187 mile
319 1135 479 1186 finxit.
549 1134 672 1195 Quis
705 1133 837 1181 ferat
870 1133 1095 1180 homines
1127 1147 1154 1179 a
1193 1148 1338 1180 mane
1365 1130 1427 1178 ad
1459 1147 1713 1195 vesperam
1741 1146 1856 1178 san-

165 1218 362 1282 guinem
405 1215 664 1280 profusum
710 1214 1213 1278 profundendumqne
1257 1212 1555 1275 crepantes?
1600 1211 1711 1273 quis
1746 1227 1856 1259 cre-

167 1298 254 1347 dat
300 1297 502 1345 licuisse
549 1302 776 1343 catervae
824 1294 1110 1343 ancillarum
1148 1294 1208 1341 in
1256 1293 1365 1357 ipso
1414 1292 1606 1356 tyranni
1652 1290 1856 1354 oppido,

170 1378 285 1442 quin
333 1378 479 1424 etiam
532 1381 644 1424 ante
693 1374 843 1423 aedes
894 1373 1058 1437 regias
1107 1372 1259 1422 stanti
1305 1389 1396 1439 per
1442 1373 1689 1436 integrum
1725 1372 1857 1420 diem

169 1457 374 1506 caedem
408 1455 606 1519 regibus
641 1455 884 1515 minitari,
930 1455 1065 1503 diras
1112 1455 1405 1519 imprecari,
1454 1453 1660 1502 deornm
1710 1467 1859 1516 opem

166 1537 452 1601 implorare,
487 1537 763 1596 lamentari,
800 1536 1031 1596 clamare,
1066 1535 1275 1592 ululare,
1310 1535 1621 1598 importunos
1647 1532 1858 1582 affectus

168 1618 462 1681 importunis
498 1617 699 1665 vocibus
736 1616 1098 1664 manifestare?
1151 1615 1218 1662 Et
1244 1631 1340 1678 quo
1381 1614 1580 1662 tandem
1607 1614 1860 1677 pertinent

168 1698 284 1747 illae
319 1698 368 1746 in
403 1698 702 1747 immensum
743 1696 1101 1760 multiplicatae
1147 1710 1354 1759 preces,
1400 1695 1515 1742 illae
1551 1701 1858 1743 mortuorum

170 1778 511 1839 evocationes,
558 1778 674 1825 illae
709 1777 875 1825 caedis
922 1776 1251 1824 volutationes
1287 1781 1338 1823 et
1370 1774 1650 1823 trucidandi
1686 1774 1859 1839 imagi-

171 1874 260 1906 nes
289 1859 632 1923 copiosissime
666 1856 870 1922 pictae?
905 1856 1153 1906 Utrumne
1179 1872 1375 1904 sensum
1401 1856 1736 1904 conscientiae
1760 1855 1860 1903 illis

171 1938 436 1987 ululatibus
483 1938 648 2002 sopire
682 1938 852 1986 volunt
886 1937 970 2000 qui
1006 1937 1244 1986 ultionem
1288 1936 1597 1985 moliuntur?
1646 1953 1706 1984 an
1753 1952 1861 1985 sur-

172 2017 263 2066 dos
308 2018 561 2066 auditores
618 2033 715 2067 non
775 2018 937 2066 minus
984 2035 1131 2082 quam
1180 2024 1484 2066 mortuorum
1534 2033 1703 2066 manes
1747 2033 1863 2065 esse

173 2099 366 2163 putavit
402 2099 587 2162 poeta‘3
630 2115 794 2147 nonne
829 2099 1102 2148 timendum
1140 2099 1253 2158 fuit,
1289 2114 1352 2146 ne
1386 2099 1697 2161 torpentibus
1732 2097 1861 2146 infe-

171 2180 238 2227 ris
290 2183 425 2226 certe
472 2180 643 2227 civitas
691 2180 1063 2228 concitaretur?-
1120 2179 1418 2243 Simplicitas
1467 2194 1585 2227 vero
1629 2179 1762 2243 regis
1813 2183 1864 2227 et

169 2259 372 2324 reginae
406 2259 555 2308 etiam
593 2260 848 2307 brutorum
887 2267 1144 2322 stuporem
1182 2266 1402 2323 superat.
1473 2259 1634 2308 Boves
1668 2260 1739 2307 sic
1769 2260 1862 2307 im-

171 2339 421 2389 molantur
468 2354 497 2387 e
542 2339 747 2387 stabulis
796 2339 1036 2399 detracti,
1086 2356 1182 2389 non
1219 2341 1413 2404 tyranni
1448 2341 1632 2402 timidi,
1680 2339 1863 2406 ignavi,

170 2435 262 2483 per
293 2420 389 2468 vim
423 2424 474 2468 ct
508 2418 701 2467 nefaria
748 2420 938 2469 scelera
983 2422 1191 2484 imperio
1226 2422 1389 2485 potiti,
1426 2422 1618 2470 infestis
1655 2421 1863 2485 popula-

172 2500 329 2558 ribus,
363 2499 515 2547 invita
539 2498 740 2560 familia,
764 2501 1118 2564 superstitibus
1149 2501 1317 2550 liberis
1344 2518 1532 2559 eornm,
1564 2517 1687 2564 quos
1708 2516 1862 2566 regno

173 2578 369 2642 vitaque
405 2579 750 2643 spoliaverunt.
823 2577 1053 2630 Puerulis
1091 2581 1214 2629 haec
1250 2598 1339 2644 per
1374 2582 1592 2629 nutrices
1620 2582 1863 2630 narranda

174 2659 397 2718 fuerunt,
434 2675 528 2708 non
563 2659 941 2708 Atheniensium
977 2662 1179 2726 populo,
1218 2662 1300 2725 qui
1336 2661 1693 2710 Themistoclis
1727 2668 1863 2710 astu-

177 2740 295 2787 tiam
331 2739 679 2797 admirabatur,
716 2756 811 2788 non
837 2741 1043 2789 Graecis
1079 2741 1381 2801 hominibuS‚
1422 2742 1505 2805 qui
1529 2742 1743 2805 Ulyssis,
1779 2742 1863 2805 qui

174 2818 413 2866 Mercurii
452 2819 762 2882 prudentiam
807 2821 1142 2872 imitabantur.
1226 2820 1415 2869 Harum
1450 2838 1616 2870 rerum
1658 2821 1862 2887 Euripi-

177 2898 267 2946 des
303 2914 463 2956 unam‚
502 2914 627 2962 qnae
661 2899 804 2965 longe
839 2901 1057 2950 omnium
1093 2900 1414 2949 insulsissima
1450 2907 1542 2961 est,
1577 2903 1741 2951 verbis
1778 2918 1863 2951 coq-

178 2978 367 3042 argnst,
414 2978 631 3042 reliquas
666 2996 830 3028 rernm
868 2982 1230 3045 compositione
1264 2981 1373 3044 ipsa
1409 2983 1638 3031 correxit.
1709 2984 1862 3032 Cuius

178 3067 462 3108 antecessor
509 3059 781 3121 Sophocles
830 3067 881 3109 et
928 3063 1169 3110 varietate
1214 3077 1381 3109 rerum
1431 3067 1481 3110 et
1516 3065 1862 3127 probabilitate

179 3139 350 3187 drama
384 3139 645 3186 utilissime
680 3142 997 3205 temperavit3
1049 3142 1182 3190 idem
1228 3142 1450 3190 veritatis
1497 3143 1775 3192 imitatione
1810 3148 1862 3194 et

181 3219 460 3282 cognitione
487 3224 690 3266 naturae
705 3220 946 3269 humanae
961 3222 1211 3286 Aeschylo
1238 3237 1293 3269 se
1315 3222 1602 3272 inferiorem
1624 3222 1860 3272 ostendit.

181 3299 279 3361 Qui
314 3298 591 3346 Theoridas
627 3303 678 3345 et
706 3299 981 3364 Archippas
1016 3303 1227 3361 amabat,
1263 3304 1347 3367 qui
1371 3319 1636 3367 puerorum
1666 3318 1861 3352 amores

181 3394 273 3443 per
319 3379 447 3427 bella
497 3394 686 3443 perque
734 3394 924 3428 summa
956 3382 1145 3446 patriae
1178 3382 1396 3444 pericula
1431 3384 1725 3443 sectabatur,
1759 3382 1859 3430 Mi-.

183 3474 354 3507 nervas
389 3458 623 3522 quasdam
671 3459 766 3507 sibi
810 3459 1071 3510 imitandas
1106 3463 1395 3528 proposuit,
1432 3467 1484 3512 et
1516 3463 1857 3517 austeritatem
