2170 3866
1184 288 1308 345 438

537 431 785 482 Poscehat
818 432 1096 497 Eurydice,
1137 437 1192 482 ut
1223 449 1314 499 pro
1347 433 1538 484 inferiis
1573 450 1713 486 serva
1745 435 1954 502 puerulo
1987 435 2075 486 ad-

405 514 510 564 dita
545 514 606 562 ad
640 512 823 561 inferos
858 513 1167 561 mittereturt

532 622 599 631 —
666 593 858 657 „Illam
895 591 993 653 (nil
1022 598 1239 660 poscunt
1275 593 1494 659 amplius
1529 593 1792 659 umbrae),‘

539 674 710 732 Illam,
749 689 851 732 oro,
891 674 1057 722 cineri
1087 674 1240 722 simul
1276 674 1581 740 excisaeque
1607 676 1828 741 parenti

535 753 778 813 Reddite,
815 759 1036 819 quaeso”
1073 758 1169 802 etc.

404 834 528 884 Stat.
564 833 646 892 Vl,
684 837 793 881 167.
864 832 930 880 Et
974 833 1212 898 arguebat
1259 850 1367 882 eam
1413 837 1497 883 aut
1543 834 1751 899 pecunia
1797 838 2078 900 corruptam

403 920 487 965 aut
521 915 769 963 amoribus
803 913 1017 960 virorum
1054 913 1196 960 nimis
1231 915 1509 962 studentem
1549 913 1765 962 officium
1796 915 2079 965 deseruisse

403 1010 460 1044 ac
493 994 767 1059 parvulum,
803 994 907 1040 eius
945 1008 1090 1039 curae
1126 994 1458 1051 commissum,
1497 994 1796 1056 neglexisse:
1862 1007 1877 1018 ⁴

534 1075 718 1132 κακοῖς
750 1069 809 1122 τὸ
845 1068 1031 1135 κέρδος
1061 1073 1151 1139 τῆς
1186 1071 1333 1138 δίκης
1364 1069 1667 1136 ὑπέρτερον.

407 1154 589 1202 Contra
614 1153 910 1218 Hypsipyle,
946 1169 1056 1202 cum
1080 1159 1288 1202 mortem
1317 1154 1682 1218 deprecaretur,
1718 1153 1887 1201 orabat
1909 1168 2077 1202 mone-

403 1234 584 1296 batque
607 1233 966 1292 adolescentes,
995 1233 1169 1296 quibus
1198 1234 1440 1282 iudicandi
1467 1249 1639 1282 munus
1665 1233 1943 1298 impositum
1959 1238 2080 1294 erat,

405 1329 467 1362 ne
503 1328 562 1360 ex
597 1312 794 1360 fortuna
829 1311 983 1374 magis
1019 1327 1163 1374 quam
1210 1328 1271 1359 ex
1321 1314 1539 1362 moribus
1589 1314 1779 1377 ingenia
1827 1313 2078 1361 hominum

405 1408 617 1458 pensare
651 1407 774 1439 neve
809 1391 918 1455 plus
953 1391 1132 1439 divitiis
1168 1406 1310 1453 quam
1345 1392 1560 1440 iustitiae
1593 1393 1813 1440 tribuere
1839 1393 2045 1443 vellent:

533 1468 764 1536 (ἰδόντα)
931 1497 993 1506 -
1157 1495 1225 1505 -
1390 1497 1453 1507 -
1620 1499 1683 1508 -

535 1549 668 1615 πρὸς
701 1547 853 1609 τοὶςδε
887 1547 1066 1615 χρήσει
1097 1546 1188 1598 καὶ
1218 1546 1283 1598 τὰ
1316 1548 1598 1613 πράγματα
1634 1551 1852 1601 σκοπεῖν

535 1629 624 1682 καὶ
657 1629 748 1689 τὰς
786 1629 990 1689 διαίτας
1023 1630 1131 1679 τῶν
1164 1629 1344 1680 κακῶν
1376 1645 1429 1679 τε
1465 1628 1751 1694 κάγαθῶν·

536 1709 705 1762 πειθὼ
742 1707 798 1760 δὲ
831 1713 943 1770 τοῖς
976 1709 1073 1774 μὲν
1107 1710 1380 1775 σώφροσιν
1412 1707 1614 1775 πολλὴν
1647 1707 1796 1774 ἔχειν,

533 1794 644 1851 τοῖς
676 1789 747 1857 μὴ
784 1790 1007 1850 δικαίοις
1041 1789 1089 1840 δ’
1126 1788 1250 1841 οὐδὲ
1283 1790 1602 1856 συμβάλλειν
1635 1788 1883 1855 χρεών*).

405 1871 550 1920 Parte
585 1879 790 1937 utraque
826 1872 994 1919 audita
1020 1872 1218 1920 Euneos
1253 1888 1446 1921 servam
1481 1872 1679 1935 reginae
1705 1873 1754 1919 in
1784 1869 2077 1934 supplicium

403 1950 664 2014 tradit**).
733 1952 862 2000 Tum
902 1968 1019 2000 vero
1046 1952 1323 2016 Hypsipyle
1359 1952 1603 1999 canticum
1638 1956 1835 1999 cantans
1870 1951 2078 1999 deorum

403 2031 708 2094 iniquitatem
756 2033 1070 2095 conqueritur
1117 2033 1179 2080 ad
1228 2037 1438 2080 mortem
1475 2031 1820 2095 proficiscens,
1868 2036 1920 2079 et
1953 2030 2077 2078 Bac-

404 2110 550 2158 chum
587 2112 843 2176 imprimis,
889 2116 1255 2176 procreatorem
1292 2111 1446 2175 patris
1484 2111 1586 2170 sui,
1622 2126 1717 2174 quo
1751 2116 1939 2157 servato
1973 2111 2079 2174 ipsa

403 2190 624 2253 perierit,
661 2198 887 2250 accusat,
924 2193 1053 2254 quod
1089 2194 1149 2240 ab
1185 2207 1245 2239 eo
1280 2192 1328 2239 in
1365 2190 1492 2238 mala
1525 2190 1846 2254 praecipitata
1881 2189 2076 2237 desera-

402 2272 499 2317 tur.
566 2268 697 2316 Hinc
734 2270 837 2318 sine
873 2270 1021 2317 dubio
1055 2270 1207 2332 petita
1244 2275 1356 2316 sunt
1390 2285 1474 2323 ea,
1512 2270 1684 2330 quibus
1719 2268 2075 2332 Aristophanes

401 2347 450 2395 in
485 2347 636 2395 Ranis
673 2346 739 2410 (v.
777 2347 944 2411 1320.)
981 2349 1164 2404 utitur,
1216 2347 1550 2395 diversissima
1597 2363 1657 2396 ex
1703 2346 1924 2412 pluribus
1972 2351 2074 2396 tra-

402 2426 593 2490 goediis
630 2434 862 2492 congesta
894 2433 1085 2476 temere
1117 2442 1442 2492 componens:

535 2504 768 2556 οἰνάνθα
802 2502 951 2569 φέρει

535 2586 630 2636 τὸν
665 2584 806 2652 ἱερὸν
841 2584 1059 2650 βότρυν,

535 2664 679 2717 ἕλικα
712 2666 1049 2717 παυσίπονον
1061 2661 1189 2729 ***).
1997 2725 1999 2728 .

403 2746 513 2810 Qua
570 2747 621 2797 in
681 2749 1028 2797 lamentatione
1085 2746 1302 2809 reliquos
1354 2761 1550 2810 quoque
1591 2748 1721 2797 vitae
1769 2762 1886 2796 suae
1927 2762 2071 2797 casus

403 2835 817 2876 commemorante
843 2827 1135 2893 Hypsipyla,
1172 2834 1438 2888 agnoscunt
1464 2827 1553 2874 filii
1582 2834 1804 2886 matrem,
1839 2827 2070 2877 invicem-

405 2922 502 2970 que
520 2907 735 2956 ostensis
757 2908 993 2971 symbolis
1010 2907 1106 2972 ipsi
1119 2907 1177 2955 ab
1201 2921 1261 2954 ea
1284 2912 1612 2972 agnoscuntur
1623 2906 1696 2970 †).
1732 2908 1850 2956 Stat.
1865 2906 1927 2967 V,
1943 2910 2070 2956 719:

459 3047 508 3102 δΧ)
537 3048 816 3092 Schneidew.
848 3048 986 3091 Conii.
1018 3046 1111 3089 crit.
1142 3061 1180 3101 p.
1214 3045 1268 3087 51
1300 3051 1343 3089 et
1368 3047 1436 3090 86.
1495 3048 1639 3104 Vulgo
1666 3045 1844 3105 χρήσεις
1873 3046 1957 3104 χρὴ
1986 3061 2067 3103 pro

541 3115 695 3173 χρήσει
725 3124 768 3161 et
798 3124 995 3162 extremo
1023 3131 1156 3162 versu
1186 3114 1321 3160 οὐδὲν
1350 3132 1430 3173 pro
1461 3115 1583 3161 οὐδέ.

431 3189 514 3244 *ἢ
539 3189 715 3231 Aristot.
744 3191 772 3231 l.
803 3191 833 3231 l.

404 3260 511 3315 **³⁶)
540 3260 739 3302 Tertium
769 3273 947 3302 versum
976 3273 1030 3301 ex
1058 3258 1214 3301 eodem
1242 3257 1549 3313 Aristophanis
1576 3259 1676 3299 loco
1706 3255 1871 3308 adieci,
1901 3260 1949 3298 ut
1975 3260 2065 3299 tres

544 3330 830 3372 efficerentur
859 3327 1068 3371 dochmii.

457 3399 511 3455 †)
539 3400 694 3456 Epigr.
719 3400 866 3456 Cyzic.
898 3399 940 3440 in
969 3400 1140 3441 lacobs.
1164 3399 1350 3454 paralip.
1375 3413 1428 3441 ex
1449 3398 1544 3439 cod.
1566 3397 1659 3439 Vnt.
1685 3395 1881 3451 (Anthol.
1901 3395 1980 3447 ΙΙΙ,
1997 3395 2063 3449 3.)

542 3484 584 3525 p.
615 3469 722 3513 63οε
769 3468 814 3514 ἐν
853 3467 903 3513 δὲ
941 3470 1003 3527 τῷ
1042 3465 1156 3512 κατὰ
1201 3467 1331 3512 δύσιν
1369 3467 1548 3526 πλενρῷ
1589 3465 1708 3510 ἐστὶν
1746 3464 1794 3509 ἐν
1836 3461 1949 3523 ἀρχῇ
1976 3465 2062 3508 τοῦ
