2150 3866
181 435 332 470 cursu
366 435 398 469 e
430 426 707 486 conspectu
740 419 875 472 abiit.
943 419 1154 484 Reliqua
1187 436 1281 485 per
1314 418 1570 482 nuntium,
1603 419 1690 484 qui
1721 434 1751 468 e
1785 418 1867 468 lit-

182 507 292 550 tore
325 500 530 559 rediret,
573 502 860 565 exponenda
895 502 1122 550 fuerunt:

315 579 609 647 „Insequar
645 582 863 630 invitum
890 581 1212 648 puppimque
1247 579 1490 645 amplexa
1522 595 1790 629 recurvam

319 661 420 710 Per
441 662 593 726 freta
626 662 782 727 longa
816 662 1015 711 trahar.
1078 659 1178 709 Via·
1213 658 1457 708 dixerat:
1493 661 1659 709 insilit
1683 659 1868 719 undas,

314 741 752 808 Consequiturque
784 749 940 800 rates,
964 741 1210 807 faciente
1248 738 1503 806 Cupidine
1536 741 1689 801 vires,

322 821 712 888 Gnosiacaeque
745 821 932 871 haeret
968 836 1134 871 comes
1169 819 1425 869 invidiosa
1461 821 1692 870 carinae.

321 901 488 964 Quam
517 907 678 968 pater
713 908 771 950 ut
805 902 938 951 vidit
969 930 1035 937 —
1068 918 1191 950 nam
1212 902 1319 950 iam
1343 900 1607 967 pendebat
1630 901 1688 948 in
1715 915 1870 949 auras

315 982 395 1031 Ec
425 980 574 1031 modo
594 983 780 1046 factus
816 990 931 1032 erat
951 983 1122 1048 fulvis
1156 981 1445 1030 haliaeetos
1479 976 1638 1042 alis*)
1675 1007 1738 1016 —

317 1061 452 1122 Ibat,
490 1067 550 1110 ut
583 1061 888 1112 haerentem
919 1070 1084 1112 rostro
1118 1063 1348 1111 laniaret
1385 1060 1602 1110 adunco.

323 1141 428 1190 Illa
461 1148 604 1191 metu
633 1144 851 1209 puppim
884 1143 1134 1192 «iimina.-
1172 1149 1228 1191 at
1264 1157 1398 1191 aura
1434 1140 1709 1190 cadentem

320 1220 645 1271 Sustinuisse
680 1224 823 1284 Ievis,
858 1241 926 1273 ne
959 1229 1205 1288 tangeret
1241 1237 1484 1288 aequora,
1519 1221 1632 1270 visa
1661 1225 1751 1269 est.

319 1302 507 1351 Pluma
527 1304 678 1367 suit.-
707 1304 903 1370 plumis
936 1307 992 1353 in
1028 1320 1177 1352 avem
1211 1309 1418 1352 mutata
1451 1307 1666 1351 vocatur

322 1381 471 1444 Giris,
509 1389 562 1432 et
597 1401 631 1433 a
663 1391 810 1434 tonso
845 1392 924 1434 est
957 1385 1051 1435 hoc
1085 1400 1272 1433 nomen
1308 1381 1505 1448 adepta
1539 1379 1779 1448 capillo.”

187 1460 331 1515 ovid.
367 1477 410 1514 v.
448 1465 543 1511 141
581 1479 721 1529 seqq.
783 1465 860 1514 cf.
897 1464 1038 1529 Virg.
1076 1464 1262 1531 Georg.
1300 1464 1336 1524 Ι,
1371 1464 1673 1513 404-409.

183 1776 392 1847 XVI.
501 1777 911 1848 Veritatem
960 1803 1104 1872 qua
1148 1777 1436 1848 ratione
1484 1772 1873 1868 Euripides

773 1884 1094 1973 imitatus
1151 1884 1270 1954 sit.

319 2098 566 2151 Goethius
600 2119 698 2167 quo
733 2109 962 2169 tempore
997 2104 1060 2152 de
1093 2101 1390 2152 nostratium
1423 2099 1607 2149 iudicio
1639 2103 1690 2147 et
1723 2114 1873 2147 sensu

185 2179 291 2228 veri
349 2181 619 2246 desperans
680 2183 901 2234 decrevit
949 2184 1131 2233 nuliam
1191 2181 1376 2230 saeculi
1421 2181 1473 2228 in
1521 2179 1873 2244 componendis

185 2261 485 2311 carminibus
517 2264 757 2312 rationem
793 2264 1069 2314 habendam
1106 2279 1248 2322 esse,
1282 2263 1388 2310 sine
1425 2261 1574 2311 dubio
1610 2262 1874 2309 vehemen-

183 2341 284 2389 tius
312 2342 524 2403 erravit,
559 2359 704 2407 quam
739 2360 954 2407 unquam
989 2343 1387 2393 adoiescentulus
1423 2342 1500 2390 vel
1534 2341 1762 2389 inscitiae
1793 2340 1874 2388 vel

184 2421 455 2471 affectuum
490 2423 649 2472 turbis
684 2425 968 2489 implicatus
1011 2429 1286 2484 erraverat,
1335 2423 1599 2486 coepitque
1634 2420 1875 2468 Achillei-

186 2501 303 2550 dem
337 2502 575 2564 scribere,
609 2505 741 2568 quod
777 2505 1152 2570 frigidissimum
1189 2520 1313 2569 opus
1347 2502 1459 2550 fore
1494 2517 1608 2549 mox
1626 2502 1734 2565 ipse
1759 2516 1873 2548 sen-

185 2581 316 2629 tiens
350 2583 534 2631 omisit.
601 2584 809 2651 Frigere
844 2590 1020 2650 putant
1054 2585 1200 2633 etiam
1238 2583 1538 2648 Iphigeniam
1573 2581 1735 2642 illius,
1786 2596 1873 2628 ne-

187 2676 286 2724 que
319 2661 370 2711 in
403 2678 465 2711 eo
497 2664 643 2729 plane
679 2665 936 2715 falluntur.
1010 2666 1268 2728 Quatenus
1304 2663 1434 2711 enim
1469 2662 1678 2710 heroum
1716 2661 1872 2709 Grae-

188 2756 359 2791 corum
395 2744 614 2807 speciem
647 2746 957 2809 formamque
996 2760 1241 2811 personae
1276 2743 1528 2797 referunt,
1579 2741 1763 2803 frigida
1797 2745 1875 2788 est

186 2821 379 2881 fabula3
426 2829 666 2886 quatenus
702 2833 865 2875 autem
901 2827 1199 2876 nostratium
1246 2824 1466 2871 moribus
1513 2821 1873 2883 sententiisque

186 2901 400 2951 imitatio
433 2906 731 2969 respondet,
778 2912 946 2966 tenet,
992 2913 1159 2955 movet
1193 2909 1341 2969 atque
1374 2901 1615 2950 delectat:
1664 2915 1875 2964 quorum

186 2982 311 3031 iliud
361 2983 560 3046 quidem
604 2985 820 3035 voluisse
869 2987 1065 3035 videtur
1098 2991 1277 3051 poeta,
1330 2985 1428 3032 hoc
1462 2986 1627 3029 autem
1665 2981 1871 3045 (rectius

186 3062 420 3112 nimirum
468 3069 640 3113 natura
690 3081 835 3129 quam
883 3067 1134 3116 voluntate
1181 3061 1420 3126 ducente)
1470 3067 1730 3110 assecutus
1766 3064 1872 3108 est:

186 3142 397 3192 heroum
441 3144 570 3193 enim
605 3146 817 3194 imitatio
857 3147 906 3196 in
941 3148 1223 3212 principum
1256 3145 1470 3193 virorum
1506 3142 1630 3190 abiit
1661 3134 1874 3189 ssmina-

244 3332 296 3386 ¹⁸²)
323 3333 550 3387 Aristoph.
584 3332 703 3374 Rau.
735 3332 872 3377 1352:

434 3401 459 3447 ὁ
491 3399 532 3446 δ’
564 3398 797 3456 ἀνέπτατ’,
830 3401 1048 3450 ἀνέπτατ’
1082 3403 1128 3456 ἐς
1159 3403 1330 3460 αἰθέρα

432 3471 751 3529 κουφοτάταις
778 3473 1017 3534 πτερύγων
1047 3474 1228 3532 ἀκμαῖς.
