2170 3866
959 300 1083 361 553

166 451 342 504 habitu
376 453 698 505 occultatum.
779 450 946 501 Mater
990 467 1106 502 eum
1139 450 1301 515 prima
1335 449 1616 515 conspicata
1650 446 1863 496 Bacchis

169 534 494 584 acclamabit:
555 533 719 596 ⁴„Quis
754 533 837 583 hic
871 532 1225 582 Thebanorum
1262 531 1549 596 explorator
1582 530 1631 578 in
1667 532 1862 577 montes

171 615 348 664 venit?
385 631 623 678 quaenam
661 615 859 663 tandem
883 614 1015 661 hunc
1050 618 1213 661 mater
1232 611 1468 677 peperit?
1505 627 1598 658 nou
1622 611 1751 658 enim
1774 625 1863 656 no-

173 696 263 744 stri
297 696 550 760 sanguinis
586 701 692 754 est,
741 695 829 743 sed
867 694 1067 742 leaenae
1100 692 1303 740 alicuius
1339 692 1415 738 vel
1455 689 1706 751 Gorgonis
1745 705 1862 751 pro-

171 775 322 824 les!”·
377 773 561 826 Veniat
595 774 857 824 manifesta
891 773 1122 824 Vindicta
1158 789 1271 821 cum
1306 771 1493 835 gladio!
1530 770 1735 820 dilaniet
1771 771 1862 817 im-

171 856 384 921 probum
419 856 1039 920 impiumque.monstr11m
1087 854 1305 903 hominis
1354 853 1534 901 iniusta
1580 853 1649 900 ira
1687 867 1744 899 ac
1778 866 1864 898 ve-

174 952 288 986 sana
326 943 492 985 mente
538 937 588 984 in
639 945 722 983 tua
767 936 932 999 orgia,
982 935 1203 994 Bacche,
1254 939 1305 982 et
1354 933 1530 982 Matris
1575 932 1862 996 grassantis,

173 1016 315 1081 quasi
349 1017 398 1064 vi
433 1016 501 1064 sit
534 1021 861 1079 superaturus
891 1017 1118 1065 invictos,
1188 1014 1471 1062 Modestum
1496 1029 1699 1061 servare
1728 1028 1866 1061 men-

172 1102 277 1146 tem
314 1102 392 1144 est
426 1096 741 1162 tranquillam
788 1097 977 1159 degere
1023 1096 1171 1142 vitam
1219 1102 1322 1145 tum
1371 1095 1575 1142 deorum
1613 1101 1898 1151 vacantem⁴

176 1176 367 1226 offensa
403 1173 864 1244 tumfhjttfflpnorum
913 1191 1116 1224 casuum
1162 1182 1439 1238 expertem.
1508 1175 1636 1223 Nolo
1672 1175 1745 1220 vel
1784 1189 1869 1220 sa-

173 1257 410 1322 pientiam
447 1254 778 1326 οιῇιιὴίηῖἰὼει
815 1255 1095 1312 sectari*):
1125 1271 1269 1345 §guae
1304 1262 1470 1302 autem
1507 1259 1709 1317 praeter
1743 1254 1868 1301 hauc

172 1353 352 1401 magna
386 1353 444 1385 ac
479 1327 741 1400 splendida
788 1332 1164 1402 habeuturff),
1212 1335 1260 1381 iu
1308 1333 1387 1381 his
1434 1334 1675 1397 pietatem
1721 1334 1869 1383 decet

175 1432 410 1477 servare,
458 1416 520 1464 ad
557 1416 730 1480 pulcra
762 1416 916 1464 vitam
951 1415 1000 1463 in
1037 1415 1150 1464 dies
1179 1413 1309 1464 hene
1344 1414 1671 1479 dirigentem,
1718 1420 1869 1477 atque

175 1497 374 1545 omissis
422 1496 485 1546 iis
531 1513 660 1559 quae
707 1503 908 1560 praeter
953 1495 1030 1543 ius
1077 1493 1257 1558 fasque
1307 1503 1635 1556 usurpantur,
1700 1495 1869 1543 coiere

173 1575 297 1625 deos
311 1574 448 1638 ***).
517 1575 698 1626 Veniat.
727 1577 880 1640 igitur
915 1575 1146 1625 Vindicta
1182 1582 1278 1623 etc.
1359 1575 1556 1639 Appare
1591 1576 1718 1622 tauri
1753 1593 1868 1640 spe-

175 1655 254 1705 cie
288 1661 373 1705 ant
407 1656 636 1705 draconis
672 1664 755 1705 aut
790 1656 946 1704 leonis
979 1654 1143 1720 ignei3
1190 1654 1328 1714 veni,
1366 1655 1592 1718 Bacche,
1629 1672 1686 1704 ac
1721 1673 1870 1705 vena-

173 1736 274 1785 tori
310 1737 618 1786 Baccharum
653 1737 822 1784 ridens
858 1736 1007 1784 iniice
1053 1736 1258 1800 laqueos
1301 1736 1584 1784 devenienti
1629 1738 1680 1786 in
1716 1736 1867 1786 Mae-

173 1815 357 1866 nadum
393 1817 584 1866 turbam
620 1816 887 1868 funestam.

313 1896 465 1947 Venit
514 1898 746 1954 nuntius,
799 1896 884 1960 qui
930 1895 994 1944 de
1027 1895 1241 1946 Penthei
1276 1897 1477 1946 interitu
1511 1913 1674 1947 coram
1713 1897 1869 1947 choro

174 1979 459 2045 gratulante
492 1978 587 2027 sibi
620 1993 680 2026 ac
713 1977 933 2026 laetante
968 1986 1200 2041 exponat.
1272 1978 1394 2026 Cum
1432 1978 1479 2025 in
1518 1978 1871 2027 Cithaeronem

177 2059 400 2108 venisset
425 2058 700 2120 Pentheus,
735 2058 789 2107 in
815 2058 1027 2107 'convalli
1063 2059 1271 2122 quadam
1310 2075 1465 2121 opaca
1500 2068 1650 2122 atque
1688 2060 1872 2125 irrigua

176 2140 390 2189 inventis
427 2139 639 2187 Bacchis
676 2140 857 2187 tacitus
896 2139 1151 2198 consedit,
1200 2129 1605 2203 utssconspiceret‘
1638 2140 1745 2187 illas
1780 2156 1874 2187 ne-

178 2236 275 2285 que
311 2222 421 2286 ipse
457 2220 851 2284 conspiceretur.
931 2218 1004 2267 lbi
1040 2219 1156 2269 dum
1194 2219 1421 2267 Bacchae
1458 2220 1633 2284 partim
1670 2219 1871 2283 thyrsos

176 2301 367 2351 hedera
413 2301 578 2349 denuo
629 2305 803 2348 ornant
849 2301 1026 2364 partim
1085 2316 1285 2348 carmen
1335 2301 1630 2348 Bacchicum
1681 2301 1872 2348 alterna

174 2381 288 2431 vice
325 2385 556 2440 cantant,
591 2379 848 2428 Pentheus
885 2379 1110 2444 effugere
1143 2381 1336 2429 illarum
1376 2380 1624 2428 lasciviam
1663 2397 1873 2444 conspe-

179 2467 316 2511 ctum
351 2476 495 2510 suum
529 2459 804 2523 arbitrans,
841 2466 898 2510 ut
931 2461 983 2511 in
1019 2461 1358 2510 sublimiorem
1394 2460 1559 2509 locum
1595 2461 1870 2523 tolleretur,

238 2728 289 2783 *)
320 2727 504 2783 „lusani
530 2730 702 2785 sapiens
731 2744 881 2771 nomen
904 2731 1052 2782 ferat,
1082 2742 1241 2784 aequus
1269 2729 1417 2784 iniqui,

328 2800 457 2841 Ultra
486 2814 612 2854 quam
641 2802 751 2842 satis
779 2807 843 2842 est
871 2801 1073 2842 virtutem
1102 2801 1141 2841 si
1165 2807 1291 2855 petat
1319 2800 1503 2856 ipsam.”

207 2869 289 2925 **)
319 2871 570 2913 Potentiam
603 2869 711 2912 dicit
750 2876 883 2925 atque
922 2871 1223 2919 dominatum,
1265 2871 1390 2913 cuius
1421 2871 1570 2928 gratia
1608 2871 1870 2917 violandam

322 2939 539 2983 iustitiam
569 2935 667 2983 esse
698 2948 848 2984 censet
876 2944 1083 2985 Eteocles
1112 2943 1155 2985 in
1187 2943 1356 2984 Phoen.
1388 2957 1432 2985 v.
1462 2941 1559 2985 524.

180 3010 289 3067 ἶΜΨ)
318 3009 508 3067 γνώμαν
536 3015 792 3064 σωφρονεῖν
820 3014 1017 3064 θνατοῖς
1048 3011 1396 3072 ἀπροφάσιστος

320 3083 385 3133 εἰς
415 3081 473 3125 τά
503 3097 552 3126 τε
580 3083 709 3126 θεῶν
740 3080 828 3139 ἔφυ

321 3154 543 3211 βροτείων
573 3155 724 3209 τυχῶν
753 3150 792 3197 τ’
823 3150 1000 3206 ἄλυπος
1025 3156 1140 3212 βίος.

320 3221 374 3268 τὸ
406 3222 558 3280 σοφὸν
588 3221 646 3268 ου’
677 3222 846 3282 φθόνῳ
876 3229 1020 3286 χαίρω
1050 3225 1348 3285 θηρεύουσα·
1378 3225 1438 3271 τὰ
1468 3222 1511 3272 δ’
1539 3225 1670 3285 ἕτερα
1698 3224 1874 3284 μεγάλα

326 3293 509 3352 φανερά
538 3293 576 3339 τ’
604 3293 717 3339 ὄντα
749 3297 833 3353 δεῖ,

324 3366 401 3410 ἐπὶ
429 3363 488 3410 τὰ
515 3363 635 3410 καλὰ
663 3367 823 3423 βίοτον

325 3430 451 3494 ἦμαρ
482 3438 547 3487 εἰς
574 3432 722 3481 νύκτα
750 3435 792 3481 τ’
821 3431 873 3482 εὖ
903 3435 1080 3494 ἄγοντ’,
1110 3435 1329 3495 εόσεβεῖν,

239 3516 243 3521 ’
325 3506 384 3553 τὰ
415 3505 455 3553 δ’
487 3507 572 3562 ἔξω
602 3505 775 3565 νόμιμα
805 3509 941 3561 δίκας
971 3507 1228 3565 ἐκβαλόντα
1255 3510 1396 3564 τιμᾶν
1423 3505 1581 3558 θεούς.
