2170 3866
1129 268 1252 326 398

352 418 576 467 narretur
620 413 938 463 colliciarium
970 414 1246 479 tegularum
1295 420 1488 480 partem
1534 417 1830 481 superfluam
1875 419 2021 469 dese-

354 501 522 545 cturus
554 493 605 541 in
651 509 711 541 ea
753 498 924 558 parte,
975 511 1118 559 quam
1168 495 1459 554 desecabat,
1513 497 1824 561 consedisse,
1876 499 2021 549 enixe

352 575 536 622 factum
570 573 861 633 ridebimus,
896 575 1114 638 quamvis
1149 589 1245 623 nou
1281 575 1409 622 absit
1443 581 1621 636 metuS‚
1656 592 1718 625 ne
1740 577 1824 627 ille
1853 579 2020 643 lapsus

352 653 416 701 de
462 658 595 702 tecto
645 653 902 701 brachium
954 654 1032 702 vel
1081 655 1320 702 cervicem
1369 654 1593 719 fregerit.
1672 657 1823 720 Atqui
1871 658 2019 707 huius

350 733 623 798 ignorantia
669 748 824 797 paene
873 749 966 781 uon
1017 734 1176 782 minus
1212 735 1390 781 misera
1427 741 1502 782 est
1537 737 1682 798 ‘quam
1718 734 1918 800 Oedipi,
1965 753 2019 787 se

349 814 513 876 ipsum
548 814 700 876 patria
735 829 790 860 ac
827 813 984 862 salute
1018 830 1109 878 per
1139 814 1458 878 ignorantiam
1495 815 1759 878 priv-antis,
1796 816 1913 865 dum
1945 817 2018 866 in-

349 892 607 941 terfectori
642 893 749 940 Laii
784 909 907 955 aqua
942 894 1140 957 ignique
1175 910 1283 940 cum
1320 895 1437 942 diris
1476 895 1910 957 imprecationibus
1945 895 2019 944 in-

349 972 573 1030 terdicit3
619 973 766 1019 etiam
814 973 1049 1020 inutilitas
1100 980 1302 1021 eventus
1353 990 1463 1021 cum
1499 976 1708 1023 utilitate
1744 975 1935 1024 consilii
1970 975 2020 1024 in

347 1058 557 1114 utroque
602 1051 737 1098 facto
774 1068 928 1114 aeque
974 1058 1170 1117 pugnat.
1240 1053 1339 1102 Sed
1375 1056 1505 1116 quod
1540 1055 1624 1102 ille
1657 1054 1867 1115 videtur,
1901 1054 2018 1119 quid

348 1136 633 1181 eventurum
669 1137 818 1191 esset,
854 1132 1139 1196 praevidere
1177 1133 1413 1197 potuisse,
1448 1134 1531 1180 hic
1565 1149 1660 1182 non
1696 1134 1907 1194 videtur,
1947 1134 2018 1183 al·

346 1218 425 1260 ter
441 1211 691 1258 voluntate
706 1212 927 1270 deorum,
956 1212 1078 1259 alter
1106 1213 1180 1259 sui
1206 1214 1370 1276 operis
1387 1214 1665 1262 temeritate
1688 1215 1852 1278 perire
1872 1220 2018 1279 puta-

344 1295 438 1339 tur.
487 1289 539 1337 Si
568 1290 677 1352 quis
704 1298 868 1338 orator
890 1307 1057 1354 magna
1085 1308 1193 1339 cum
1222 1293 1497 1340 auditorum
1523 1294 1892 1357 exspectatione
1912 1310 2015 1342 ma-

342 1385 534 1433 gnaque
569 1385 678 1417 cum
711 1370 873 1418 vultus
895 1371 1156 1418 severitate
1180 1377 1229 1419 et
1250 1372 1471 1419 incessus
1497 1375 1730 1434 gravitate
1753 1374 1813 1421 ad
1838 1389 2014 1436 sugge-

342 1454 473 1498 stum
508 1449 715 1496 tendens
757 1457 964 1514 repente
1008 1450 1167 1514 ruptis
1202 1451 1521 1499 femoralibus
1554 1454 1768 1516 turpiter
1802 1453 2016 1502 nudatus

342 1528 685 1591 conspiciatur,
721 1530 1034 1577 temerarium
1069 1530 1285 1592 gravium
1315 1531 1592 1595 leviumque
1614 1547 1778 1579 rerum
1804 1547 2013 1580 concur-

341 1624 448 1656 sum
478 1608 762 1667 ridebimus,
800 1610 1015 1673 quamvis
1056 1610 1119 1656 sit
1148 1610 1382 1659 miserum
1418 1612 1571 1658 virum
1603 1611 1820 1674 dignum,
1858 1611 1921 1660 de
1960 1627 2014 1660 re

338 1687 476 1753 gravi
508 1688 718 1750 graviter
746 1688 1005 1746 dicturum,
1040 1689 1274 1738 iacturam
1322 1699 1529 1754 repente
1555 1690 1723 1739 facere
1747 1691 2011 1755 dignitatis.

340 1766 523 1816 Contra
558 1767 599 1814 si
622 1783 718 1830 quo
745 1774 942 1816 oratore
962 1768 1083 1816 deos
1119 1775 1274 1817 testes
1310 1771 1359 1818 in
1394 1786 1570 1835 magua
1595 1770 1754 1834 aliqua
1782 1786 1839 1819 re
1863 1771 2012 1820 advo-

339 1852 482 1895 cante
526 1852 731 1911 repente
775 1849 986 1896 nubibus
1030 1848 1197 1896 divisis
1244 1849 1319 1896 sol
1366 1858 1600 1914 appareat
1642 1856 1692 1898 et
1727 1849 2013 1899 concionem

338 1926 609 1974 clarissima
643 1927 754 1974 luce
790 1927 1070 1987 collustret,
1121 1944 1218 1976 nou
1265 1929 1491 1977 videatur
1525 1930 1620 1978 hoc
1654 1945 1772 1978 casu
1804 1930 2012 1978 fortuito

335 2006 605 2065 accidisse,
658 2007 787 2069 quod
833 2009 993 2070 gravia
1029 2008 1253 2071 gravibus
1289 2016 1585 2073 augeantur,
1629 2015 1679 2057 et
1712 2012 2011 2074 putabuntur

333 2084 404 2132 dii
462 2086 557 2150 ipsi
611 2088 788 2135 oratori
835 2093 1122 2151 praesentes
1170 2090 1347 2137 adesse
1392 2097 1540 2152 atque
1587 2090 1859 2138 orationem
1903 2090 2009 2139 eius

334 2166 639 2214 confirmare.

465 2245 539 2292 Ad
576 2245 859 2306 tragoediae
892 2246 1071 2292 veteris
1107 2252 1327 2293 naturam
1356 2247 1692 2310 explicandam
1719 2247 1896 2294 abhoc
1930 2247 2006 2294 di-

331 2339 508 2390 gressu
542 2323 718 2383 redeo,
765 2340 909 2386 quam
943 2339 1116 2387 parum
1150 2325 1450 2372 nostratibus
1488 2326 1731 2387 cognitam
1770 2341 1882 2373 esse
1926 2326 2005 2374 vel

331 2403 444 2452 inde
478 2407 700 2466 apparet,
742 2404 870 2466 quod
906 2404 1096 2452 tristem
1131 2419 1295 2451 rerum
1333 2404 1517 2451 exitum
1553 2405 1710 2452 solum
1747 2406 1793 2452 in
1829 2419 2005 2454 nomen

331 2483 436 2531 eius
483 2483 741 2530 convenire
786 2484 1110 2543 arbitrantur:
1169 2499 1294 2545 quae
1341 2487 1393 2530 et
1436 2499 1526 2547 per
1571 2499 1625 2531 se
1671 2484 1880 2532 absurda
1927 2489 2008 2533 est

331 2562 496 2626 opinio
532 2578 692 2624 neque
728 2563 967 2626 exemplis
995 2563 1355 2628 tragoediarum
1385 2562 1461 2622 iis,
1498 2579 1624 2626 quae
1646 2570 1839 2611 servata
1874 2570 2003 2624 suut,

330 2642 433 2690 ullo
490 2641 637 2689 modo
696 2643 1029 2691 confirmatur.
1111 2641 1289 2690 Gravia
1336 2642 1408 2689 vel
1460 2658 1628 2690 severa
1677 2659 1735 2690 ac
1780 2643 2004 2691 sublimia

330 2737 444 2770 esse
479 2721 689 2769 diximus
726 2721 902 2785 quibus
939 2728 989 2770 et
1021 2724 1175 2770 virtus
1210 2721 1460 2769 hominum
1496 2738 1646 2785 supra
1679 2722 1895 2787 vulgaria
1929 2728 2003 2771 at-

328 2817 427 2864 que
461 2807 693 2850 consueta
728 2803 919 2850 enitens
954 2807 1006 2850 et
1039 2802 1242 2850 deorum
1278 2802 1495 2864 potentia
1525 2801 1717 2849 illorum
1752 2801 1828 2850 vel
1864 2817 2003 2851 ever-

327 2884 439 2928 tens
480 2880 558 2928 vel
602 2882 833 2930 adiuvans
882 2887 1086 2930 conatus
1130 2879 1495 2939 ostenderetur3
1542 2880 1667 2929 levia
1718 2885 1888 2930 contra
1921 2880 2002 2930 vel

326 2959 556 3021 ridicula,
601 2961 775 3023 quibus
822 2960 1007 3010 deliros
1055 2975 1166 3009 esse
1212 2960 1323 3007 illos
1373 2966 1575 3008 conatus
1620 2961 1857 3023 inaneque
1902 2961 1999 3009 vir-

324 3038 444 3086 tutis
478 3039 723 3102 studium,
759 3048 997 3103 regnante
1031 3055 1146 3089 casu
1179 3040 1441 3087 temerario
1477 3055 1566 3103 pro
1601 3041 1788 3088 iustitia
1821 3045 1879 3087 ac
1912 3054 1999 3087 ne-

326 3118 585 3181 cessitate,
654 3120 837 3168 docere
902 3127 1077 3184 poetae
1142 3119 1375 3167 scurriles
1450 3119 1747 3167 viderentur.
1843 3116 1996 3166 Seve-

324 3213 409 3246 rae
461 3204 626 3248 autem
670 3215 844 3248 musae
885 3216 1067 3264 genera
1111 3199 1209 3248 duo
1261 3199 1547 3263 posuimuS‚
1602 3197 1894 3262 epopoeiam
1944 3202 1996 3245 et

323 3278 647 3341 tragoediam,
708 3294 914 3342 quarum
972 3280 1055 3328 illa
1098 3279 1291 3326 virtutis
1338 3282 1387 3325 et
1431 3278 1634 3341 gloriam
1682 3282 1733 3324 et
1777 3276 1996 3324 laborem

322 3357 564 3406 narrando
611 3357 922 3420 ostenderet,
967 3360 1090 3407 haec
1123 3358 1251 3406 mala
1287 3361 1337 3405 et
1368 3357 1562 3406 labores
1596 3356 1847 3404 hominum
1883 3356 1997 3420 glo-

322 3435 443 3485 riam
490 3438 640 3488 rebus
677 3438 908 3501 gerendis
943 3438 1283 3504 quaerentium
1319 3437 1507 3500 agendo
1541 3435 1829 3485 imitaretur.
1899 3433 1994 3482 La-
