2170 3848
925 278 1044 338 115

142 434 315 485 nelaus
347 431 470 482 dicit
482 429 568 495 *):
627 432 766 480 Haec
801 445 950 495 parva
985 428 1179 492 quidem
1214 430 1328 476 sunt
1359 443 1519 491 neque
1551 427 1699 491 digna
1728 428 1815 478 im—

141 515 284 580 perio
315 527 452 571 meo3
498 518 550 560 at
583 511 744 570 scito,
780 524 876 573 quo
911 507 1020 571 quis
1053 522 1178 570 opus
1211 506 1393 566 habet,
1438 507 1486 553 id
1523 507 1678 556 maius
1714 509 1816 559 cui-

142 609 242 658 que
273 597 379 653 est,
430 607 575 655 quam
610 589 814 638 Troiam
859 601 1051 650 capere.
1118 584 1288 648 ltaque
1322 600 1414 651 ego
1459 585 1509 635 in
1553 587 1631 635 his
1665 588 1819 638 filiam

141 688 301 722 meam
338 671 543 720 adiuvo:
586 670 686 719 vita
719 669 847 718 enim
885 665 1071 714 excidit
1103 664 1309 724 mulier,
1360 681 1484 729 quae
1532 666 1636 714 viro
1683 669 1818 717 exci-

142 753 230 803 dit.
299 750 505 814 Reliqua
541 749 768 813 speciosa
801 749 940 794 sunt:
986 746 1212 809 quoniam
1250 745 1527 794 communia
1562 746 1660 793 siut
1694 748 1819 798 bona

143 832 448 888 amicorum,
482 830 634 877 licere
668 827 759 874 sibi
793 825 1110 890 Neoptolemi
1144 825 1254 874 loco
1290 825 1353 872 de
1388 824 1543 873 servis
1580 826 1687 874 eius
1722 828 1817 876 de-

144 924 365 960 cernere.
432 907 541 956 Non
586 905 865 954 Menelaum
919 905 1110 964 solum,
1171 905 1260 953 sed
1310 920 1482 952 omnes
1530 904 1818 970 SpartanoS,

145 989 322 1039 eodem
357 992 554 1036 utentes
589 990 878 1049 praetextu,
930 985 1187 1033 sociorum<
1213 985 1317 1032 sive
1351 985 1649 1047 amicorum,
1694 1002 1818 1050 quos

141 1069 405 1126 vocabant,
457 1066 604 1114 rebus
649 1066 942 1130 saepissime
987 1080 1042 1113 se
1089 1064 1422 1113 immiscuisse
1467 1069 1519 1113 et
1564 1065 1616 1113 in
1648 1065 1820 1117 alienis

141 1146 441 1206 civitatibus,
476 1151 707 1210 tanquam
742 1146 790 1193 in
825 1161 929 1204 sua,
965 1151 1189 1194 versatos
1225 1159 1338 1192 esse
1370 1150 1542 1193 notum
1585 1151 1676 1195 est.

273 1226 439 1288 Quum
488 1225 632 1274 alteri
667 1225 731 1274 de
774 1226 997 1285 duobuS‚
1045 1230 1132 1273 aut
1164 1224 1308 1272 matri
1342 1232 1427 1273 aut
1461 1225 1599 1283 filio,
1649 1225 1821 1290 utique

140 1305 447 1356 moriendum
481 1311 642 1365 esset,
691 1305 774 1353 illa
809 1321 896 1353 sua
930 1310 1093 1353 morte
1128 1305 1282 1352 filium
1319 1303 1564 1353 redimere
1597 1320 1694 1355 non
1727 1306 1820 1356 du-

139 1388 281 1436 bitat.
348 1385 418 1434 Et
463 1385 602 1434 initio
651 1385 847 1449 quidem
894 1391 1153 1449 precatur,
1198 1400 1289 1441 ne,
1336 1384 1467 1446 quod
1503 1389 1671 1434 coacta
1706 1402 1819 1435 cum

139 1465 351 1516 dominis
386 1465 735 1525 concubuerit,
787 1481 842 1513 se
887 1481 979 1530 pro
1031 1471 1233 1513 auctore
1266 1465 1507 1513 malorum
1540 1465 1820 1516 interficere

139 1546 287 1605 velit3
333 1560 449 1594 mox
495 1549 660 1593 autem
706 1550 942 1609 reputans
986 1545 1231 1604 miserias,
1278 1551 1330 1594 et
1372 1560 1493 1607 quas
1528 1552 1670 1595 antea
1705 1562 1819 1611 per-

138 1641 287 1692 pessa
333 1631 412 1674 est
458 1630 510 1674 et
557 1640 681 1689 quae
724 1626 824 1673 hoc
869 1632 1095 1688 tempore
1138 1625 1424 1684 imminent,
1477 1630 1686 1674 mortem
1722 1626 1822 1674 vita

138 1704 480 1754 infelicissima
512 1704 757 1770 potiorem
793 1720 907 1753 esse
942 1705 1212 1767 cognoscit.
1282 1704 1475 1766 Itaque,
1509 1705 1686 1753 relicta
1720 1721 1820 1766 ara,

138 1786 365 1834 hostibus
399 1800 456 1834 se
488 1785 831 1833 trucidandam
866 1785 1043 1842 tradit;
1091 1790 1313 1832 ceterum
1346 1783 1450 1831 filio
1483 1785 1714 1843 mandat,
1748 1790 1821 1848 ut,

138 1880 330 1914 memor
373 1865 575 1926 matris,
622 1870 813 1928 patrem
858 1863 1112 1912 blanditiis
1164 1864 1225 1912 ad
1271 1863 1602 1911 ulciscendam
1646 1881 1822 1914 necem

140 1944 532 1993 crudelissimam
566 1944 804 2007 impellat.
870 1944 1086 1992 Materni
1120 1942 1266 1989 animi
1301 1958 1500 1990 sensum
1535 1944 1823 2006 gravissima

141 2023 359 2072 declarat
392 2023 663 2082 sententia,
710 2038 855 2085 quam
892 2039 920 2070 a
956 2022 1059 2070 filio
1096 2022 1361 2070 discedens
1398 2022 1609 2070 effatur:
1660 2025 1820 2073 omni-

141 2103 234 2152 bus
269 2102 560 2151 mortalibus
608 2102 708 2150 vita
744 2106 858 2150 sunt
902 2101 1078 2162 liberi3
1127 2102 1304 2165 quibus
1352 2102 1434 2164 qui
1469 2118 1627 2166 aequo
1660 2105 1821 2153 animo

138 2187 307 2231 carent
328 2217 343 2241 ,
377 2183 540 2230 minus
575 2181 772 2246 quidem
809 2181 1009 2243 dolent,
1046 2182 1135 2229 sed
1171 2197 1267 2244 qua
1302 2197 1357 2229 se
1393 2182 1466 2229 uti
1501 2188 1674 2246 putant
1707 2183 1822 2232 feli-

138 2263 319 2324 citate,
357 2278 417 2311 ea
450 2263 559 2327 ipsa
593 2262 795 2310 miseria
831 2267 923 2327 est.
992 2261 1254 2309 Menelaus
1289 2277 1435 2322 vero,
1471 2263 1821 2311 Andromacha

136 2343 341 2406 potitus,
377 2342 567 2390 facinus
603 2342 870 2390 committit
904 2342 976 2391 uti
1010 2341 1423 2406 indignissimum,
1458 2342 1529 2390 ita
1563 2341 1820 2406 Spartanis

138 2421 258 2470 satis
305 2423 554 2473 usitatum.
625 2421 1056 2486 Impudentissime
1106 2422 1270 2481 enim,
1324 2421 1596 2470 eliciendae
1643 2423 1818 2470 matris

139 2516 340 2562 caussa,
391 2516 487 2565 quo
536 2501 680 2549 citius
729 2502 776 2549 in
810 2517 981 2550 manus
1018 2517 1129 2548 suas
1165 2501 1382 2561 veniret,
1430 2501 1574 2565 pueri
1607 2508 1820 2550 mortem

138 2597 196 2630 se
239 2580 580 2645 praetendisse
625 2580 842 2642 fatetur3
908 2582 1028 2641 iam,
1091 2581 1358 2644 impetrato
1417 2580 1548 2644 quod
1591 2581 1820 2640 voluerit,

137 2661 273 2710 hunc
309 2666 359 2709 et
392 2660 551 2724 ipsum
586 2660 719 2709 filiae
755 2676 873 2708 suae
908 2660 1249 2720 occidendum,
1284 2661 1327 2708 si
1361 2661 1497 2717 velit,
1535 2661 1821 2708 commissu-

136 2755 249 2790 rum
306 2755 434 2788 esse.
517 2740 592 2789 En
648 2740 1001 2789 vividissimam
1051 2740 1402 2804 Spartanorum
1467 2740 1724 2803 imaginem
1773 2743 1823 2788 et

136 2819 394 2868 verissima
447 2825 649 2869 naturae
710 2821 873 2885 gentis
933 2821 1256 2869 lineamenta!
1327 2820 1493 2867 Unum
1539 2819 1823 2870 Menelaum

138 2898 422 2964 adspiciens
482 2914 652 2948 omnes
709 2901 934 2960 noveris,
994 2905 1047 2948 et
1090 2900 1467 2948 Andromachae
1511 2899 1821 2963 Molossique

139 2985 329 3028 sortem
357 2979 551 3027 intuens
577 2979 783 3028 Helotas
809 2980 1098 3044 conspicere
1119 2980 1210 3028 tibi
1234 2980 1498 3040 videberis,
1535 2994 1597 3026 ex
1630 2978 1820 3042 Neptu-

138 3058 191 3106 ni
241 3058 429 3123 templo
475 3056 719 3109 Taenario
768 3075 858 3124 per
906 3059 1074 3108 dolum
1119 3065 1431 3123 protractos,
1476 3059 1668 3107 insidiis
1723 3059 1820 3106 cir-

138 3144 454 3198 cumventos,
517 3137 860 3187 crudelissima
905 3139 1059 3187 caede
1113 3138 1396 3187 catervatim
1444 3137 1819 3202 pereuntes**).

193 3331 247 3387 *)
277 3332 402 3374 idem
431 3333 685 3376 iudicarunt
712 3336 909 3375 veteres:
960 3332 1038 3376 καὶ
1067 3329 1092 3378 ὁ
1123 3332 1239 3391 πρὸς
1270 3330 1577 3391 Ἀνδρομάχην
1605 3329 1737 3388 λόγος
1766 3329 1823 3375 οὔ

276 3403 431 3452 κακῶς
459 3401 709 3461 εἰρημένος.

167 3471 246 3526 **)
274 3472 436 3516 Notum
467 3479 535 3517 est
562 3474 677 3517 illud
709 3470 945 3529 Ταινάρου
975 3471 1116 3530 &yos-3
1149 3473 1207 3516 cf.
1241 3473 1386 3518 Thuc.
1406 3474 1443 3524 1,
1467 3473 1566 3516 128.
1624 3508 1627 3509 ν

1418 3548 1450 3592 8
1466 3547 1489 3573 ²²³
