2170 3866
913 263 1039 325 559

263 409 718 475 τεθριππεύοντος
750 409 909 480 ἡλίου
942 414 1061 464 κατ’
1096 409 1291 477 αἰθέρα
1324 439 1389 448 -
1403 407 1457 471 *)

266 487 446 543 ἐλθὼν
481 490 533 553 ἐς
553 486 751 559 ’Ἄργος
785 494 933 560 ᾤκισ’
959 491 1170 559 Ἰνάχου
1203 493 1377 556 πόλιν,

268 572 648 640 Πελασγιώτας
681 573 728 624 δ’
765 571 1182 639 ὠνομασμένους
1214 572 1275 625 τὸ
1310 569 1440 636 πρὶν

266 648 526 716 Δαναοὺς
558 658 838 706 καλεῖσθαι
873 655 1046 719 νόμον
1080 651 1231 720 ἔθηκ’
1267 646 1343 705 ἄν’
1374 646 1621 704 Ἑλλάδα.

135 732 297 797 Haec‚
335 753 398 786 ex
434 739 755 802 Anaxagorae
788 737 1103 802 physiologia
1139 738 1400 802 depromta
1416 732 1517 793 **),
1556 738 1834 799 congruunt

136 831 253 866 cum
285 817 428 866 initio
464 817 703 867 Helenae.
782 817 861 866 Ad
911 833 1051 865 suam
1085 816 1267 866 deinde
1301 817 1552 866 fortunam
1586 815 1832 864 transiens

131 895 411 947 Archelaus
449 898 620 946 dicere
655 897 820 961 potuit-
853 898 1067 946 haecce:

265 974 430 1042 πένης
461 973 565 1041 γὰρ
603 977 707 1036 (ὤν
739 981 843 1038 τις)
873 976 975 1028 οὐκ
1009 973 1162 1028 ἐκεῖν’
1189 974 1473 1039 ἀπώλεσεν,

266 1057 328 1108 τὸ
362 1061 463 1110 τοῦ
498 1057 698 1123 πατρὸς
727 1060 1000 1124 γενναῖον.
1025 1074 1036 1083 ·

135 1136 298 1187 Simul
335 1156 427 1204 spe
462 1141 752 1204 erigebatur
795 1139 908 1189 fore
957 1144 1014 1188 ut
1057 1143 1289 1187 eventum
1321 1137 1619 1186 habentibus
1656 1153 1834 1187 oracu-

134 1218 217 1280 lis,
267 1220 447 1283 quibus
494 1221 545 1268 in
581 1220 881 1269 Macedonia
929 1235 1138 1283 regnum
1174 1234 1415 1281 quaerere
1447 1219 1706 1267 iuberetur
1742 1218 1836 1277 (cf.

132 1297 275 1349 Dion.
303 1300 484 1365 Chrys.
508 1299 542 1348 Ι.
572 1299 655 1359 L),
690 1301 741 1348 in
775 1300 952 1348 melius
989 1298 1189 1346 fortuna
1222 1314 1337 1346 mox
1362 1302 1657 1347 mutaretur.
1727 1298 1838 1360 Qua

133 1380 315 1429 ductus
350 1395 444 1444 spe
479 1379 587 1442 regi
633 1379 913 1427 ministeria
959 1394 1051 1426 sua
1083 1377 1270 1426 offerre
1303 1377 1577 1426 constituit.
1662 1379 1837 1429 Altera

132 1458 286 1524 igitur
330 1459 527 1524 prologi
570 1475 688 1524 pars
735 1458 984 1523 colloquio
1019 1459 1155 1522 regis
1199 1465 1252 1506 et
1285 1459 1505 1507 advenae
1539 1460 1836 1510 conficieba-

132 1544 232 1590 tur.
270 1538 566 1588 Sciscitatur
587 1539 794 1588 Cisseus
830 1538 1089 1587 consilium
1125 1538 1458 1587 adolescentis
1480 1538 1622 1588 hisce
1643 1540 1834 1590 verbis:

266 1616 420 1685 ήμῶν
453 1617 503 1668 τί
538 1617 674 1686 δῆτα
706 1616 986 1683 τυγχάνεις
1018 1615 1201 1683 χρείαν
1235 1617 1398 1684 ἔχωνς

267 1695 516 1763 πατέρων
550 1697 652 1764 γὰρ
689 1696 899 1750 ἐσθλῶν
934 1696 1150 1758 ἐλπίδας
1185 1697 1349 1762 δίδως
1380 1698 1564 1766 γεγώς.

138 1779 349 1846 Cognita
406 1797 585 1829 caussa
634 1798 693 1830 ac
745 1781 947 1830 fortuna
993 1780 1213 1829 advenae
1260 1782 1436 1830 lubens
1482 1798 1596 1830 eum
1642 1782 1835 1847 recipit,

137 1877 292 1926 opera
339 1862 444 1910 eius
490 1877 671 1911 usurus
706 1863 755 1911 in
790 1862 941 1924 bello,
989 1861 1122 1926 quod
1157 1862 1487 1910 cummaxime
1519 1863 1747 1912 imminet
1781 1867 1837 1920 (a

134 1940 362 1990 finitimis
411 1942 571 2003 enim,
634 1948 692 1991 ut
739 1944 809 1992 ait
855 1942 1112 2008 Hyginus,
1176 1948 1545 2006 oppugnatur),
1588 1943 1835 2009 simulque

136 2028 324 2081 mouet,
360 2027 416 2070 ut
450 2022 686 2071 fortunae
720 2024 901 2072 damna
936 2024 1121 2071 virtute
1156 2022 1423 2071 emendare
1458 2024 1684 2073 studeat:

271 2096 358 2152 σοὶ
391 2098 438 2150 δ’
476 2095 645 2162 εἶπον,
683 2094 724 2152 ὦ
758 2105 872 2165 παῖ,
907 2100 1001 2163 τὰς
1033 2101 1195 2167 τύχας
1229 2099 1286 2152 ἐκ
1319 2103 1429 2152 τῶν
1461 2103 1648 2156 πόνων

269 2185 476 2250 θηρᾶν·
514 2182 646 2248 ὁρᾷς
678 2182 782 2250 γὰρ
818 2184 918 2235 σὸν
950 2181 1151 2247 πατέρα
1186 2182 1503 2248 τιμώμενον.

267 2263 491 2316 νεανίαν
522 2263 628 2331 γὰρ
661 2263 839 2328 ἄνδρα
871 2263 970 2331 χρὴ
1005 2268 1210 2330 τολμᾶν
1243 2262 1348 2314 ἀεί·

270 2343 449 2405 οὐδεὶς
481 2343 585 2411 γὰρ
622 2342 699 2396 ὢν
733 2344 983 2412 ῥᾴθυμος
1018 2343 1232 2411 εὐκλεὴς
1266 2344 1424 2412 ἀνήρ,

269 2424 382 2476 ἀλλ’
420 2424 474 2477 οἱ
506 2426 667 2478 πόνοι
701 2427 942 2477 τίκτουσι
974 2425 1075 2492 τὴν
1108 2425 1370 2488 εὐδοξίαν.

137 2505 374 2557 Paratum
409 2509 614 2568 iuvenis*
639 2509 861 2557 animum
898 2509 1087 2574 haecce
1123 2508 1379 2557 declarant
1412 2506 1590 2556 verba:

270 2613 336 2624 —
401 2615 468 2625 —
538 2615 602 2626 —
670 2617 735 2625 —
803 2584 1205 2651 ἐμὲδόἰ’ρόὐ

268 2670 496 2735 μοχθεῖν
529 2667 769 2730 δίκαιονς
804 2668 883 2728 τίς
918 2667 966 2719 δ’
1002 2670 1241 2734 ἄμοχ-θος
1276 2666 1522 2734 εὐκλεής,·

269 2746 349 2809 τίς
381 2750 491 2800 τῶν
524 2750 789 2817 μεγίστων
823 2748 995 2810 δειλὸς
1030 2746 1106 2801 ὢν
1140 2746 1371 2814 ὠρέξατο
1382 2767 1400 2809 3

266 2856 332 2865 —
502 2858 566 2867 —
733 2858 803 2871 —0
969 2859 1037 2869 0—-
1202 2859 1269 2868 —-

271 2900 376 2959 σὺν
408 2907 652 2974 μυρίοισι
683 2910 750 2963 τὰ
782 2910 919 2965 καλὰ
951 2911 1187 2978 γίγνεται
1219 2910 1421 2972 πόνοις.

193 3044 239 3098 *)
278 3043 423 3086 Recte
453 3044 665 3088 Tiberius
695 3045 739 3090 οὶ
770 3051 905 3106 τρεῖς,
939 3048 1090 3104 inquit,
1127 3047 1233 3107 περὶ
1263 3045 1478 3102 ποταμοῦ
1508 3046 1653 3102 στίχοι
1681 3060 1835 3101 περιτ-

277 3114 367 3157 τοί.
433 3114 532 3157 Non
574 3115 713 3160 facile
765 3119 1000 3162 omittebat
1045 3120 1329 3162 occasionem
1369 3117 1607 3173 Euripides
1653 3118 1854 3166 inventu⁴
1906 3171 1910 3176 .

276 3185 656 3241 philosophorum
687 3202 789 3230 cum
818 3192 959 3246 vulgo
990 3190 1361 3232 communicandi.

164 3256 244 3312 **)
287 3257 476 3298 Ioannes
505 3256 660 3313 Lydus
690 3259 747 3301 de
775 3274 915 3302 mens.
943 3261 1015 3302 lv.
1040 3276 1082 3316 p.
1109 3261 1215 3302 112:
1257 3260 1366 3319 περὶ
1395 3260 1478 3315 τῆς
1508 3258 1555 3302 ἐν
1584 3257 1715 3315 θέρει
1742 3258 1835 3300 τῶν

272 3324 460 3370 ὑδάτων
490 3323 741 3380 ἐπιδόσεως
767 3326 1069 3388 Ἀναξαγόρας
1099 3332 1214 3387 φησὶ
1242 3331 1329 3383 τὰς-
1354 3332 1440 3388 τῆς
1468 3330 1721 3378 Αἰθιοπίας
1747 3343 1835 3382 τη-

273 3397 473 3453 κομένας
511 3395 674 3454 χιόνας
711 3396 1005 3446 ἀποστέλλειν
1042 3399 1127 3446 τὸν
1156 3404 1356 3446 Νεῖλον·
1413 3400 1494 3446 καὶ
1527 3396 1703 3455 ταύτης
1738 3396 1834 3444 ἐστὶ

274 3469 360 3526 τῆς
409 3467 549 3525 δόξης
595 3467 627 3515 δ’
670 3486 718 3517 τε
758 3468 979 3528 Αἰσχύλος
1022 3472 1101 3517 καὶ
1140 3473 1390 3531 Σοφοκλῆς
1437 3471 1516 3517 καὶ
1557 3467 1830 3528 Εὐριπίδης.
