2170 3880
1125 277 1244 333 232

344 427 540 476 Lenaea
559 461 573 487 ,
607 423 758 472 tertio
791 421 1024 488 Dionysia
1056 438 1230 488 magna
1262 424 1651 492 celebrabantur,
1683 429 1858 478 horum
1891 433 2020 478 tem-

344 519 521 570 porum
571 508 845 553 extremum
895 504 974 552 vel
1018 503 1134 553 ideo
1178 504 1492 568 deligendum
1539 523 1654 558 esse
1688 509 1910 571 videtur,
1957 523 2022 557 ne

344 584 528 645 maiuS,
565 598 710 647 quam
746 598 951 632 necesse
986 589 1080 645 est,
1118 584 1331 649 spatium
1364 584 1494 634 inter
1526 584 1839 637 Palamedem
1874 591 2023 652 atque

343 663 477 713 Aves
512 663 673 712 editas
707 663 1062 728 interponatur.
1128 665 1306 714 Avium
1340 664 1472 713 enim
1504 664 1671 715 fabula
1704 667 1882 732 etipsa
1903 665 2023 715 Dio-

344 742 500 807 nysiis
534 742 724 807 magnis
759 743 861 791 sive
895 759 1065 792 mense
1098 742 1284 793 Martio
1324 745 1436 794 anni
1468 747 1585 798 414.
1619 747 1670 795 in
1703 761 1901 796 scenam
1935 745 2023 795 de-

347 821 446 870 lata
481 826 588 883 est,
623 826 705 886 ut,
755 823 797 869 si
829 822 1116 883 minimum,
1160 824 1408 887 integrum
1456 841 1638 875 annum
1671 826 1803 875 inter
1834 829 2025 874 utrum-

348 917 445 966 que
479 901 818 967 spectaculum
853 901 1202 951 intercessisse
1235 909 1483 967 appareat.

479 981 641 1043 Quum
675 982 740 1029 de
774 982 1057 1046 occupanda
1090 982 1259 1030 Sicilia
1292 983 1485 1047 pridem
1521 985 1857 1034 Athenienses
1893 983 2027 1047 cogi-

347 1066 538 1111 tassent
582 1066 728 1125 atque
773 1075 897 1109 anno
944 1063 1057 1110 42⁷.
1104 1062 1250 1109 etiam
1295 1062 1534 1124 classem,
1587 1079 1712 1127 quae
1761 1062 2029 1112 Leontinos

348 1145 519 1191 contra
551 1139 888 1205 Syracusanos
922 1141 1191 1202 adiuvaret,
1227 1157 1287 1189 eo
1322 1140 1606 1203 misissent,
1642 1143 1723 1191 cui
1753 1142 1939 1192 infecta
1971 1157 2031 1190 re

347 1220 654 1270 redeundum
687 1219 802 1281 fuit,
838 1236 898 1269 eo
925 1236 1067 1279 anno,
1104 1237 1200 1285 quo
1222 1220 1421 1271 fabulae
1449 1220 1721 1287 Euripidis,
1756 1237 1878 1287 quas
1900 1220 2031 1269 dixi-

347 1315 476 1360 mus,
507 1300 557 1348 in
592 1303 840 1348 certamen
876 1300 1168 1348 commissae
1202 1306 1343 1361 sunt,
1378 1301 1539 1351 oblata
1574 1301 1918 1367 opportunitas
1952 1302 2033 1348 est

351 1383 527 1428 conata
559 1378 833 1443 repetendi.
902 1379 1164 1442 Egestauis
1200 1380 1330 1428 enim
1366 1385 1535 1429 contra
1569 1380 1772 1430 Doricas
1809 1380 2030 1428 civitates

351 1458 531 1507 auxilia
564 1459 862 1522 petentibuS,
896 1459 1219 1508 Athenienses
1251 1458 1425 1523 legatis
1459 1460 1627 1510 missis
1648 1475 1817 1509 rerum
1844 1462 2031 1508 statum

352 1538 607 1603 explorare
642 1537 1001 1600 decreverunt,
1037 1539 1215 1602 quibus
1250 1554 1367 1588 vere
1400 1541 1511 1590 anni
1544 1543 1657 1590 415.
1691 1537 1906 1588 reversis
1941 1552 2031 1586 ne-

351 1633 449 1682 que
484 1617 642 1666 solum
687 1622 854 1681 optata
888 1618 1051 1667 omnia
1085 1619 1433 1680 nuntiantibuS,
1469 1621 1560 1670 sed
1595 1621 1742 1669 etiam
1777 1617 2033 1680 sexaginta

350 1696 537 1746 talenta
571 1712 740 1762 secum
775 1696 1123 1759 afferentibuS,
1174 1699 1340 1747 statim
1389 1700 1630 1750 concione
1663 1697 1835 1765 populi
1863 1697 2034 1746 habita

347 1777 534 1827 bellum
585 1777 843 1827 decretum
890 1783 981 1831 est.
1047 1778 1220 1843 Itaque
1253 1779 1413 1830 tribus
1447 1781 1696 1830 mensibus
1730 1776 2034 1841 interpositis

351 1857 526 1906 classis
560 1856 862 1922 amplissima
900 1863 952 1907 et
974 1858 1372 1924 splendidissima
1398 1860 1633 1920 omnium,
1669 1873 1794 1922 quae
1818 1870 2034 1920 unquam

349 1937 495 1986 unius
524 1936 746 1985 Graecae
772 1938 980 1987 civitatis
1007 1938 1197 1987 viribus
1221 1939 1492 1989 instructae
1512 1944 1670 2002 erant,
1705 1934 2036 1986 audacissimo

352 2017 558 2079 conatu,
606 2016 817 2065 maxima
852 2033 942 2082 spe
974 2017 1172 2081 imperii
1205 2018 1522 2081 proferendi,
1566 2019 1618 2067 in
1651 2016 2035 2067 remotissimam

351 2102 536 2146 terram
565 2095 784 2145 Siciliam
818 2097 909 2146 sub
943 2097 1094 2146 trium
1129 2096 1485 2160 imperato-rum
1509 2098 1739 2163 auspiciis
1767 2096 1918 2145 missa
1942 2097 2037 2142 est.

355 2175 518 2238 Quod,
555 2176 648 2224 nisi
681 2180 909 2239 tempore
943 2191 1030 2236 eo,
1065 2192 1163 2239 quo
1198 2176 1441 2239 diximus,
1475 2177 1751 2241 tragoedias
1781 2171 2036 2237 Euripidis

352 2256 402 2305 in
434 2255 633 2304 theatro
665 2259 800 2303 actas
836 2270 949 2303 esse
984 2254 1178 2303 aliunde
1212 2260 1481 2318 constaret,
1523 2261 1695 2322 posset
1727 2256 1791 2304 de
1825 2251 2036 2302 Troadi-

352 2336 448 2386 bus
499 2351 560 2385 ex
594 2334 849 2398 Euripidis
896 2334 1052 2398 ipsius
1087 2334 1250 2399 verbis
1299 2335 1646 2385 demonstrari.
1713 2333 1771 2384 In
1813 2349 1871 2383 ea
1905 2332 2039 2381 enim

353 2414 522 2464 fabula
568 2413 785 2463 feminae
831 2415 1052 2479 captivae
1102 2420 1454 2478 percensentes
1487 2419 1677 2475 terraS,
1727 2414 1776 2463 iu
1825 2427 1947 2477 quas
1981 2427 2039 2461 se

353 2496 622 2546 abductum
654 2494 716 2542 iri
749 2510 778 2542 a
809 2493 1079 2543 victoribus
1114 2493 1427 2556 arbitrantur,
1460 2500 1723 2560 postquam
1757 2496 2038 2557 exoptatam

356 2575 451 2624 sibi
496 2574 714 2623 Atticam
760 2573 993 2622 dixerunt
1038 2589 1096 2621 ac
1143 2571 1451 2624 Thessaliam
1504 2591 1643 2637 esse,
1691 2572 2038 2624 detestabilem
2124 2618 2130 2622 .

356 2654 586 2720 Spartam
619 2653 796 2711 videri,
833 2653 1000 2702 statim
1032 2657 1147 2718 post
1180 2653 1392 2702 Atticam
1427 2656 1632 2704 summis
1667 2653 1891 2703 laudibus
1911 2651 2038 2701 Sici-

360 2735 477 2782 liam
514 2749 626 2781 cum
656 2733 814 2781 vicina
859 2733 1024 2795 ltalia,
1074 2733 1125 2781 in
1172 2748 1266 2796 qua
1300 2739 1408 2783 erat
1440 2735 1815 2785 Atheniensium
1850 2731 2040 2782 colonia
2134 2762 2139 2766 -

358 2813 602 2864 Thurium
637 2812 769 2877 apud
802 2813 987 2861 flumen
1021 2811 1308 2861 Crathidem
1345 2814 1557 2876 condita,
1593 2814 1862 2866 extollunt:

489 2890 581 2944 καὶ
611 2889 712 2941 τὰν
744 2890 1007 2942 Αἰτναίαν
1032 2883 1333 2955 Ἡφαίστου

493 2970 751 3032 Φοινίκας
785 2971 986 3039 ἀντήρη
1021 2970 1217 3038 χώραν,

491 3053 732 3104 Σικελῶν
766 3051 937 3117 ὀρέων
970 3048 1162 3119 ματέρ’,
1197 3050 1376 3105 ἀκούω

490 3131 854 3199 κηρύσσεσθαι
885 3131 1167 3199 στεφάνοις
1199 3131 1402 3199 ἀρετᾶς,

491 3213 592 3265 τάν
623 3214 669 3263 τ’
704 3212 1124 3280 ἀγχιστεύουσαν
1156 3217 1258 3279 γᾶν

484 3287 657 3361 Ἰονίῳ
689 3294 910 3357 ναύταις
941 3294 1139 3362 πόντῳ,

492 3374 562 3426 ἂν
593 3373 834 3441 ὑγραίνει
866 3372 1220 3428 καλλιστεύων

501 3454 532 3506 ὅ
566 3454 774 3518 ξανθὰν
806 3456 992 3525 χαίταν
1024 3452 1340 3521 πυρσαίνων
