2170 3866
1101 267 1225 324 390

330 432 422 484 pro
454 416 551 464 illis
585 430 670 476 ea,
707 427 836 477 quae
870 413 1206 478 temporibus,
1246 413 1396 472 lociS‚
1432 414 1580 464 rebus
1624 415 2005 480 hominibusque

330 502 585 555 tenentur,
638 492 936 557 effingenda.
1029 493 1442 557 Philosophorum
1485 498 1564 542 est
1607 511 1788 560 negare
1832 502 2004 546 aucto-

330 591 436 624 rem
473 573 646 623 mundi
681 574 920 623 nominari
966 590 1112 638 posse
1147 573 1224 621 vel
1258 574 1417 637 qualis
1454 574 1516 622 sit
1550 574 1784 639 intelligi,
1834 591 2005 625 carere

330 671 442 705 eum
489 670 698 719 corpore
742 653 994 703 affirmare
1039 670 1199 718 neque
1245 669 1394 717 posse
1451 654 1598 703 ullam
1649 655 1754 703 eius
1798 655 2004 718 figuram

330 734 563 783 imitando
613 735 838 799 exprimi.
921 733 1060 784 Talia
1107 740 1316 797 poetae,
1368 739 1608 797 quatenus
1653 740 1767 783 sunt
1811 740 2005 799 poetae,

331 830 428 863 non
473 820 668 863 curant:
712 830 806 862 non
853 813 983 862 enim
1031 829 1156 877 quae
1201 813 1490 862 disserendo
1536 814 1873 874 inveniuntur,
1917 813 2008 863 sed

332 910 458 959 quae
506 895 733 942 sensibus
780 894 1148 958 percipiuntur,
1209 900 1407 942 sumunt
1452 893 1717 942 imitanda:
1781 909 1898 958 ergo
1945 909 2008 942 ne

331 974 452 1022 deos
487 974 686 1037 quidem
735 973 1011 1034 imitantur,
1063 974 1152 1021 sed
1187 974 1438 1022 hominum
1491 989 1755 1038 personas,
1802 989 1828 1021 a
1861 972 2007 1032 vitiis,

331 1059 563 1117 quantum
598 1054 708 1102 fieri
733 1059 918 1117 potest,
951 1054 1202 1114 liberatas,
1227 1043 1480 1117 perfectas
1509 1053 1828 1117 expletasque
1851 1053 2008 1102 omni-

332 1132 425 1181 bus
475 1134 722 1191 numeris,
775 1139 1005 1197 tanquam
1054 1133 1257 1182 deorum
1306 1133 1501 1198 species
1539 1140 1829 1197 mentesque
1862 1132 2008 1182 effin-

331 1217 465 1275 gunt.
533 1213 666 1261 Nihil
700 1213 851 1277 igitur
884 1213 981 1261 illis
1016 1212 1266 1262 infandum
1301 1213 1378 1260 vel
1412 1213 1740 1262 inenarrabile
1782 1228 1894 1261 esse
1938 1212 2006 1261 vi-

332 1292 502 1354 detur,
538 1298 594 1340 ut
629 1292 711 1355 qui
745 1307 842 1340 non
876 1292 1157 1341 notionibus
1187 1293 1536 1341 universalibus
1566 1309 1670 1340 rem
1695 1297 1883 1355 gerant,
1917 1293 2008 1342 sed

332 1371 655 1434 imaginibus,
705 1387 854 1435 quas,
902 1389 1051 1435 quum
1099 1378 1346 1420 certarum
1395 1373 1492 1420 sint
1527 1366 1718 1431 rerum,
1771 1373 2007 1420 siminus

332 1456 566 1514 poterunt
601 1451 747 1499 certis
784 1452 922 1513 qnasi
957 1452 1260 1499 lineamentis
1296 1452 1600 1515 descriptas,
1637 1450 1818 1498 vividas
1850 1450 2007 1499 mani-

332 1529 587 1592 festasque
632 1531 941 1594 exprimere,
989 1530 1210 1595 ipsorum
1258 1530 1334 1578 vel
1382 1529 1633 1580 hebetudo
1678 1530 1752 1578 vel
1787 1530 2008 1592 infantia,

333 1625 431 1658 non
487 1611 559 1657 rei
618 1609 893 1658 obscuritas
944 1610 1218 1658 accusanda
1276 1609 1387 1658 erit.
1468 1609 1690 1659 Vitiosus
1736 1617 1814 1658 est
1859 1616 2007 1674 poeta

335 1689 684 1754 Klopstoccius
733 1705 839 1736 eam
887 1689 1042 1754 ipsam
1080 1690 1141 1736 ob
1176 1705 1308 1747 rem,
1359 1689 1489 1752 quod
1525 1689 1767 1751 effingere
1801 1695 2009 1738 conatus

335 1774 413 1816 est
446 1785 531 1829 ea,
578 1786 703 1832 quae
737 1770 900 1817 verbis
936 1769 1147 1833 exprimi
1182 1784 1331 1831 posse
1364 1769 1472 1832 ipse
1505 1768 1810 1831 desperavit,
1858 1774 1908 1816 et
1941 1770 2007 1818 ad

334 1848 576 1897 humanae
611 1854 814 1897 naturae
850 1849 1214 1898 similitudinem
1251 1848 1370 1896 deos
1407 1847 1669 1896 efformare
1703 1847 1888 1896 veritus
1917 1852 2010 1897 est.

276 1950 278 1953 v
337 1927 519 1976 Contra
566 1929 774 1977 vitiosus
824 1935 903 1977 est
937 1929 1263 1993 philosophus
1296 1928 1573 1986 HomeruS,
1622 1943 1780 1990 eoque
1814 1927 2011 1976 nomine

336 2007 544 2056 multum
592 2009 652 2055 ab
701 2009 786 2066 iis,
838 2008 920 2072 qui
966 2008 1028 2055 de
1063 2008 1268 2056 deornm
1304 2012 1476 2055 natura
1510 2007 1884 2069 inquisiverunt,
1920 2008 2011 2057 sed

335 2087 604 2148 immerito,
663 2088 1013 2152 reprehensus·
1094 2086 1219 2135 Nam
1270 2103 1506 2150 quaenam
1555 2086 1752 2134 tandem
1811 2086 2010 2136 confor-

336 2166 487 2213 matio
522 2182 846 2230 personarum
880 2167 1150 2215 divinarum
1186 2173 1269 2215 aut
1320 2182 1558 2229 quaenam
1609 2166 1855 2213 actionum
1896 2165 2008 2212 imi-

336 2247 459 2292 tatio
493 2261 588 2294 non
622 2246 821 2309 indigna
867 2262 978 2293 esse
1029 2251 1197 2292 natura
1232 2247 1484 2293 numinum
1518 2244 1763 2291 videbitur
1796 2244 1881 2303 iis,
1926 2244 2011 2306 qui

337 2325 612 2373 accuratius
647 2325 966 2387 argutiusque
1001 2324 1188 2371 ratione
1222 2327 1274 2371 et
1307 2323 1528 2371 acumine
1562 2323 1733 2370 iudicii
1756 2322 1865 2371 illas
1891 2339 2009 2372 exa-

338 2405 622 2453 minabunt?
671 2403 812 2452 Talia
859 2408 915 2451 ut
962 2418 1056 2451 non
1101 2402 1382 2450 efficiuntur
1424 2402 1788 2464 ratiocinando,
1834 2403 1902 2451 ita
1947 2417 2013 2452 ne

337 2484 607 2532 revocanda
655 2484 854 2548 quidem
901 2488 1016 2531 sunt
1050 2484 1112 2531 ad
1146 2481 1412 2540 rationem,
1449 2498 1540 2530 nec
1576 2481 1854 2530 disserendi
1890 2483 2013 2532 sub-

337 2563 517 2612 tilitate
565 2563 913 2628 percipienda,
961 2563 1051 2611 sed
1086 2562 1329 2610 sentiendi
1363 2562 1549 2624 vigore.
1619 2560 1875 2610 Incurrunt
1920 2578 2010 2611 au-

338 2648 438 2691 tem
473 2644 524 2692 in
571 2643 778 2692 eandem
822 2643 1230 2707 philosophorum
1275 2642 1709 2705 reprehensionem
1760 2642 2012 2705 opiniones

337 2723 574 2783 traditae,
622 2739 786 2784 sacra,
833 2722 1158 2771 caerimoniae
1206 2726 1256 2769 et
1296 2721 1577 2784 religiones,
1615 2737 1738 2785 qnae
1764 2726 1876 2768 sunt
1901 2736 2012 2770 cum

338 2807 595 2865 poetarum
632 2804 920 2851 commentis
955 2801 1229 2851 arctissime
1264 2801 1551 2861 coniuncta,
1586 2805 1644 2850 ut
1675 2806 1813 2849 rect-e
1846 2799 2014 2849 Hero-

340 2879 486 2929 dotus
515 2882 790 2931 Homerum
812 2882 1062 2932 censuerit
1091 2880 1461 2945 Hesiodumque
1493 2881 1780 2944 religionum
1805 2878 2014 2929 Graecis

340 2965 568 3008 auctores
592 2961 778 3022 fuisse;
811 2962 1040 3026 idemque
1066 2961 1307 3010 Goethius
1334 2961 1614 3021 affirmavit,
1646 2961 1862 3020 honores
1893 2959 2014 3008 deo·-

341 3054 452 3087 rum
489 3039 774 3104 cultumque
808 3044 968 3105 poetis
1004 3041 1203 3090 deberi:

472 3118 594 3167 Wer
629 3121 817 3169 sichert
851 3122 948 3170 den
985 3121 1180 3186 Olymp,
1216 3121 1436 3168 vereinet
1472 3119 1688 3167 Gotter?

472 3197 572 3247 Des
606 3200 881 3250 Menscben
915 3201 1088 3261 Kraft,
1122 3202 1191 3248 im
1228 3200 1432 3248 Dichter
1467 3199 1729 3247 offenbart.

345 3278 644 3327 Rectissime
679 3280 824 3328 etiam
860 3280 1105 3345 Longinus
1150 3280 1409 3328 iudicavit:
1464 3277 1708 3340 „Videtur
1753 3274 1876 3323 mihi
1909 3274 2014 3324 Ho-

345 3374 511 3407 merus
545 3374 746 3407 narrans
782 3359 980 3409 vulnera
1015 3361 1249 3418 deorum,
1285 3357 1504 3416 dissidia,
1539 3371 1738 3421 poenas,
1771 3354 2015 3414 lacrimas,

346 3437 539 3487 vincula
572 3443 625 3488 et
657 3438 785 3486 mala
817 3440 1113 3503 promiscua,
1153 3439 1393 3500 homines,
1429 3439 1511 3501 qui
1538 3436 1865 3486 interfuerunt
1886 3433 2017 3482 bello

352 3515 589 3581 Troiano,
622 3522 856 3583 quantum
893 3518 1002 3569 fieri
1034 3517 1206 3583 potuit,
1239 3517 1288 3567 in
1322 3518 1462 3580 deoS,
1496 3517 1618 3566 deos
1648 3519 1809 3565 antem
1842 3513 1892 3562 in
1923 3512 2015 3563 ho·
