2170 3848
926 276 1048 332 199

155 433 321 487 retur,
369 426 448 475 sui
499 442 556 474 se
603 426 725 473 iuris
775 424 883 472 fieri
932 439 1140 486 aequum
1189 438 1304 471 esse
1350 422 1600 472 censebat.
1692 420 1852 472 Simul

157 507 346 557 civibus
380 506 503 571 ipsis
538 506 635 554 hoc
670 505 884 554 salutare
907 495 1029 552 'fore
1063 503 1422 563 arbitrabatur,
1457 509 1600 568 patre
1633 503 1730 552 iam
1766 518 1848 552 86-

156 594 356 638 nectute
391 587 551 635 fracto
589 601 750 650 neque
784 584 843 632 ad
883 583 1140 632 tractanda
1173 583 1367 645 imperii
1400 584 1734 646 gubernacula
1765 599 1847 632 sa-

154 670 222 718 tis
258 668 424 717 babili.
478 667 587 716 Non
626 665 831 730 perinde
867 679 1036 710 navem
1074 679 1168 711 una
1205 679 1382 711 ancora
1419 669 1574 712 tutam
1615 680 1730 713 esse
1760 665 1844 725 ait,

155 766 301 814 quam
338 749 380 796 si
418 749 576 797 tribus
615 744 978 804 committatur,
1019 743 1236 807 itemque
1272 760 1418 792 unum
1455 745 1670 792 civitatis
1704 759 1846 810 prae-

154 829 342 878 fectum
378 829 535 876 minus
571 827 768 874 firmum
803 839 945 880 esse,
984 838 1132 885 quam
1169 824 1212 872 si
1245 824 1373 872 alter
1406 824 1731 888 adiungaturz

286 910 427 958 ναῦν
459 922 542 956 τοι
576 897 650 968 μί’
685 897 871 969 α”γκυρ’
908 901 1156 965 οὐδαμῶς
1190 903 1373 966 σώζειν
1407 905 1553 970 φιλεῖ

285 986 357 1046 ὡς
387 989 526 1051 τρεῖς
559 983 776 1050 ἀφέντι·
810 983 1109 1051 προστάτης
1143 979 1191 1036 δ’
1226 982 1431 1046 ἁπλοῦς
1463 985 1614 1036 πόλει

280 1065 560 1132 σφαλερός,
595 1064 750 1116 ύπὰγν
786 1063 843 1116 δὲ
878 1067 1071 1127 κᾶλλος
1107 1066 1177 1116 οὐ
1210 1066 1382 1117 κακὸν
1414 1066 1577 1118 πόλει.
1777 1067 1844 1113 80

152 1148 217 1198 At
258 1155 401 1213 pater
447 1149 627 1197 stultos
674 1164 765 1196 suo
814 1148 1014 1212 quidem
1068 1149 1251 1197 iudicio
1295 1165 1410 1197 esse
1460 1150 1710 1206 affirmat,
1757 1146 1843 1210 qui

150 1229 230 1278 vei
265 1234 434 1293 patres
470 1229 588 1277 filiis
624 1246 798 1294 parum
834 1229 951 1276 fidis
989 1245 1094 1277 rem
1127 1229 1450 1278 domesticam
1486 1230 1563 1278 vel
1592 1243 1737 1293 reges
1774 1226 1843 1275 ci-

150 1310 288 1358 vibus
324 1310 597 1374 potentiam
635 1311 974 1358 committant.

280 1385 340 1439 ἐν
374 1391 512 1439 τοῖσι
546 1391 748 1454 μωροῖς
779 1381 921 1440 τοῦτ’
959 1386 1062 1455 ἐγὼ
1096 1388 1280 1455 κρίνω,
1317 1390 1530 1455 βροτῶν

283 1467 423 1529 ὅςτις
455 1467 628 1536 πατὴρ
666 1467 743 1521 ὢν
777 1468 928 1521 παισὶ
962 1469 1034 1537 μὴ
1069 1475 1374 1536 φρονοῦσιν
1409 1466 1468 1522 εὖ

278 1548 314 1616 ἢ
347 1548 438 1601 καὶ
469 1550 708 1612 πολίταις
740 1551 1069 1615 παραδίδωσ’
1106 1550 1374 1615 ἐξουσίαν.

281 1632 377 1681 His
412 1633 675 1698 disputatis
712 1641 762 1682 et
796 1635 1002 1682 dimissa
1037 1635 1290 1696 concione,
1328 1651 1475 1699 quum
1496 1639 1639 1698 pater
1671 1634 1722 1682 in
1751 1634 1841 1681 do-

146 1729 283 1763 mum
317 1714 566 1772 redisset,
600 1714 880 1773 Phaethon,
917 1715 980 1763 de
1015 1716 1162 1762 animi
1199 1716 1459 1774 caecitate,
1498 1715 1561 1761 de
1598 1715 1841 1776 angustia,

147 1793 213 1841 de
248 1795 553 1841 contumacia
579 1795 712 1841 senis
746 1796 925 1843 acerbe
951 1800 1272 1857 conquestus,
1309 1796 1416 1843 sine
1437 1810 1575 1842 mora
1594 1794 1695 1842 iter
1723 1809 1840 1858 pro-

146 1873 364 1936 positum
401 1873 463 1920 ad
500 1872 632 1920 Solis
668 1872 885 1933 domum,
926 1875 1276 1924 comitantibus
1314 1876 1421 1923 sine
1454 1875 1603 1922 dubio
1637 1873 1840 1922 famulis

147 1951 466 2015 quibusdam,
524 1952 816 2016 ingreditur.
899 1954 1118 2015 Eorum,
1177 1971 1304 2018 quae
1351 1959 1546 2020 patrem
1599 1970 1839 2003 accusans

144 2030 286 2091 dixit,
319 2032 443 2080 haec
474 2038 764 2080 servantur:

276 2109 456 2161 δεινόν
489 2127 577 2176 γε·
610 2115 724 2172 τοῖς
757 2114 1050 2164 πλουτοῦσι
1083 2117 1246 2165 τοῦτο
1283 2114 1331 2165 δ’
1368 2110 1628 2179 ἔμφυτον,

275 2195 554 2242 σκαιοῖσιν
578 2187 741 2243 εἶναι·
777 2193 828 2243 τί
859 2211 985 2245 ποτε
1018 2194 1217 2246 τούτου
1251 2195 1485 2257 ταῖτιον;
1773 2196 1838 2243 85

273 2266 350 2339 ἆρ’
388 2274 550 2339 ὄλβος
583 2273 766 2334 αὐτοῖς
801 2272 883 2326 ὅτι
916 2275 1123 2341 τυφλὸς
1158 2280 1469 2343 συνηρεφεῖ,

270 2353 478 2419 τυφλὰς
512 2354 692 2421 ἔχουσι
725 2355 819 2416 τὰς
853 2355 1057 2423 φρένας
1090 2355 1179 2408 καὶ
1212 2360 1307 2426 τῆς
1339 2358 1529 2424 τύχης;

139 2439 171 2486 i.
209 2453 253 2485 e.
288 2437 704 2501 quemadmodum
741 2455 920 2487 caecae
956 2447 1070 2487 sunt
1106 2439 1335 2499 divitiae,
1371 2441 1439 2487 ita
1475 2439 1626 2487 etiam
1662 2450 1836 2484 caecas
1879 2458 1887 2466 x

138 2517 356 2567 reddunt
396 2525 594 2567 mentes
644 2519 850 2567 divitum
907 2524 958 2567 et
1007 2520 1230 2567 eiusdem
1282 2521 1509 2584 generis,
1574 2517 1711 2566 cuius
1758 2519 1838 2563 est

138 2597 337 2645 fortuna
384 2612 572 2644 eorum.
656 2597 768 2646 Non
818 2599 994 2647 iniuria
1042 2600 1169 2646 haec
1224 2600 1352 2662 patri
1397 2600 1669 2663 exprobrat
1716 2595 1836 2643 ado-

138 2677 334 2725 lescens
369 2693 544 2738 magno
580 2678 740 2726 animo
776 2679 1032 2743 praeditus
1069 2679 1366 2742 meritoque,
1404 2695 1516 2726 cum
1554 2679 1620 2725 sit
1642 2675 1836 2724 altioris

138 2756 392 2805 doctrinae
427 2758 708 2822 praeceptis
744 2759 996 2820 eruditus,
1045 2767 1274 2817 recusat,
1320 2760 1580 2822 quominus
1625 2771 1836 2805 uxorem

139 2839 328 2886 ducens
366 2837 647 2886 conditione
682 2839 730 2886 in
768 2839 917 2886 domo
954 2845 1157 2903 paterna
1194 2845 1362 2887 utatur
1396 2855 1470 2898 ea,
1508 2853 1635 2902 quae
1670 2841 1721 2884 et
1749 2851 1835 2899 pa-

137 2916 432 2967 trefamilias
484 2923 537 2964 et
582 2923 679 2964 tam
726 2920 1022 2982 praestantis
1070 2919 1241 2967 uxoris
1278 2919 1455 2967 marito
1503 2918 1703 2980 indigna
1751 2917 1833 2964 sit.

136 2995 438 3061 Voluptates
474 2997 632 3053 euim,
671 2998 894 3060 quamvis
931 2999 1201 3059 delicatas,
1236 2998 1371 3047 nullo
1406 3000 1556 3047 modo
1592 2999 1654 3046 ad
1689 2998 1835 3045 beate

136 3078 400 3126 vivendum
449 3075 687 3124 sufficere
734 3079 828 3125 sibi
879 3079 1146 3144 persuasit.
1215 3078 1385 3143 ltaque
1420 3079 1606 3144 spretis
1641 3077 1834 3125 deliciis

137 3164 190 3207 et
222 3147 526 3216 lihidinibus,
561 3163 807 3205 contemta
837 3176 994 3208 uxore
1021 3160 1381 3221 venustissima,
1421 3159 1620 3207 omissis
1656 3158 1832 3221 opibus

137 3243 188 3286 et
221 3253 391 3302 regno,
427 3237 475 3284 in
504 3236 681 3300 quibus
710 3239 871 3288 nullus
897 3240 1069 3289 virtuti
1094 3240 1232 3287 locus
1261 3239 1411 3288 detur
1436 3238 1745 3289 exercendae
1759 3233 1832 3297 ²⁸²),

194 3397 246 3452 ²⁸)
274 3397 344 3441 Cf.
375 3397 541 3454 fragm.
575 3398 661 3440 inc.
692 3396 764 3439 21.
794 3414 838 3454 p.
865 3396 964 3441 437.
994 3400 1186 3442 Mattlm

415 3464 571 3519 οὐδεὶς
600 3465 792 3513 ἔπαινον
819 3466 1015 3526 ἡδοναῖς
1044 3468 1283 3526 ἐκτήσατο.
