2170 3866
1100 278 1223 334 ass
1259 258 1269 270 “’

324 442 533 478 manum.
599 424 757 475 Recte
809 424 960 489 igitur
1003 423 1139 473 idem
1185 422 1440 488 Longinus
1471 414 1857 474 ⁴admirationem
1886 414 2000 488 (Qu-

325 503 527 571 στασιν)
563 503 686 555 dixit
719 504 1009 555 sublimibus
1044 503 1193 564 effici,
1233 518 1378 566 quam
1402 501 1551 552 voluit
1576 504 1865 552 contrariam
1887 518 2001 553 esse

322 585 643 650 persuasioni.
714 584 923 633 Ratione
949 584 1096 644 enim,
1131 585 1235 633 sive
1270 583 1572 649 argumentis
1607 583 1670 632 ad
1705 583 1999 643 docendum,

323 664 672 728 ad·⁷pellendas
707 663 1010 728 ignorantiae
1052 665 1130 712 vel
1175 662 1392 727 stuporis
1437 662 1593 711 nubes
1627 661 1842 720 idoneis,
1892 679 2000 712 rem

323 752 471 807 agunt
506 745 588 807 q'ui
621 745 921 808 persuadere
957 748 1210 804 conantur,
1250 743 1547 791 contrariam
1570 740 1693 789 viam
1721 741 2000 804 ingredien-

323 824 454 872 tibus
499 825 591 883 iis,
644 823 727 887 qui
778 823 1144 885 magnificarum
1188 822 1568 885 sublimiumque
1617 837 1786 870 rerum
1832 820 2000 885 specie

323 903 513 952 animos
549 902 854 967 percellunt:
899 906 1154 967 stuporem
1189 903 1316 950 enim
1351 902 1614 950 iniiciendo
1650 907 1699 950 et
1733 900 2001 966 praestrin-

321 983 484 1047 gendo
545 983 719 1030 mentis
782 982 937 1030 aciem
998 987 1294 1047 potestatem
1343 980 1592 1030 iudicandi
1652 997 1709 1029 ac
1757 978 2002 1029 tractandi

327 1062 685 1126 subigendique
719 1076 801 1109 res
837 1061 1026 1110 oblatas
1055 1061 1302 1110 auferunt.
1371 1060 1524 1120 Idem,
1559 1060 1726 1125 „quod
1747 1061 1898 1109 fidem
1922 1059 1999 1108 fa-

322 1140 443 1200 cit,''
478 1140 653 1204 inquit,
689 1142 774 1202 „in
809 1131 977 1189 nostra
1009 1145 1087 1188 est
1109 1142 1259 1189 situm
1285 1146 1560 1204 potestate:
1594 1140 1678 1189 illa
1711 1143 1881 1190 contra
1903 1140 2001 1188 vim

325 1219 629 1277 adferendo,
677 1220 757 1268 cui
805 1220 973 1268 resisti
1005 1235 1103 1268 non
1137 1221 1319 1284 possit,
1368 1221 1626 1284 superiora
1671 1225 1786 1270 sunt
1818 1219 1880 1269 iis
1915 1219 2001 1283 qui

321 1299 524 1349 audiunt
568 1298 847 1347 omnibus.'’
929 1298 1039 1346 Non
1085 1300 1242 1347 minus
1302 1316 1472 1348 verum
1530 1306 1640 1361 est,
1703 1301 1835 1364 quod
1879 1314 1998 1348 con-

320 1384 506 1427 tentam
542 1394 653 1427 esse
688 1378 787 1425 vim
821 1378 1195 1442 magnificorum
1231 1379 1369 1435 dixit,
1405 1395 1499 1442 qua
1534 1380 1581 1427 vi
1614 1379 1804 1428 animos
1836 1379 1999 1428 subito

320 1473 588 1523 oppressos
613 1456 787 1519 abripi.
822 1457 1090 1518 „Rerum,''
1114 1458 1287 1521 inquit,
1316 1458 1753 1518 „inveniendarum
1776 1459 1998 1523 peritiam

320 1542 374 1588 et
419 1536 791 1602 dispositionem
841 1537 1106 1585 earundem
1155 1543 1303 1601 atque
1351 1539 1758 1601 compositionem
1803 1553 1901 1586 non
1937 1553 1998 1586 ex

319 1632 417 1666 una
450 1631 508 1665 re
540 1631 701 1680 neque
733 1631 795 1664 ex
830 1615 1046 1675 duabus,
1082 1616 1171 1665 sed
1206 1632 1266 1665 ex
1300 1617 1516 1666 universi
1551 1618 1712 1684 operis
1749 1622 1997 1667 structura

320 1696 399 1744 vix
432 1701 751 1760 apparentem
783 1695 1038 1755 videmus3
1075 1696 1348 1744 sublimitas
1385 1702 1550 1745 autem
1573 1702 1846 1762 opportune
1873 1697 1996 1745 emi-

320 1789 442 1824 nens
479 1774 695 1823 fulminis
729 1775 886 1824 instar
918 1775 1067 1823 trahit
1101 1776 1356 1840 rapitque,
1407 1781 1458 1826 et
1501 1777 1800 1827 cumulatam
1833 1779 1997 1825 orato·

320 1855 390 1904 ris
426 1856 523 1903 vim
559 1856 721 1903 subito
757 1851 1095 1905 manifestat.”

452 1934 606 1982 Parva
661 1940 778 1983 sunt
837 1951 1153 1998 quaecunque
1208 1941 1352 1984 acuta
1398 1937 1578 1986 mentis
1623 1937 1728 1985 acie
1783 1939 1997 1996 utenteS,

322 2013 598 2072 cernendo,
651 2015 977 2062 discernendo
1027 2015 1415 2078 disserendoque
1451 2017 1588 2079 quasi
1621 2017 1671 2064 in
1707 2020 1876 2080 partes
1913 2030 2018 2064 so-·

322 2094 450 2154 luta,
502 2094 663 2142 animo
713 2094 868 2141 libero
916 2100 1181 2142 tractamus
1229 2100 1280 2142 et
1328 2095 1690 2157 quodammodo
1723 2096 1994 2160 subigimus

319 2178 469 2236 atque
504 2173 787 2220 domamus:
834 2189 1116 2236 magnarum
1163 2189 1279 2220 vero
1325 2191 1490 2223 rerum
1540 2175 1760 2238 speciem
1795 2168 2008 2223 servant

323 2267 408 2312 ea,
457 2267 607 2313 quae,
657 2266 896 2313 oppresso
942 2257 1280 2313 occupatoque
1328 2254 1538 2309 iudicio,
1588 2255 1713 2300 victa
1754 2253 1993 2317 pulsaque

320 2330 613 2394 prudentia,
661 2345 855 2377 sensum
904 2329 1050 2375 animi
1090 2330 1251 2377 subito
1285 2331 1350 2378 ita
1385 2330 1636 2390 afficiunt,
1686 2338 1995 2380 commovent

321 2425 379 2457 ac
412 2407 708 2472 percellunt,
744 2414 799 2456 ut
832 2407 1007 2455 invitos
1042 2408 1335 2471 ignarosque
1370 2409 1597 2475 subigant
1617 2416 1667 2459 et
1703 2425 1994 2474 quocunque

321 2487 529 2537 tendunt
583 2487 896 2546 abstrahant,
958 2502 1056 2536 non
1119 2487 1403 2551 subigantur
1445 2505 1471 2536 a
1519 2490 1659 2537 nobis
1704 2506 1865 2553 neque
1909 2505 1994 2539 oc-

321 2573 566 2632 cupentur
599 2573 743 2629 atque
777 2571 1155 2631 pertractentur.
1226 2567 1593 2618 obscuritatem
1618 2570 1855 2634 quandam
1878 2565 1992 2619 sub-

322 2647 520 2695 limibus
581 2647 839 2695 admistam
886 2663 999 2695 esse
1051 2647 1172 2694 dixit
1218 2646 1514 2696 Vischerus:
1573 2654 1625 2697 at
1677 2666 1784 2698 eam
1834 2664 1996 2713 neque

323 2727 640 2791 imaginibus,
685 2723 806 2789 quas
854 2727 1095 2790 effingunt
1140 2733 1343 2789 poetae,
1392 2743 1552 2790 neque
1600 2729 1992 2793 cogitationibuS,

323 2806 501 2867 quibus
549 2805 817 2868 effingunt,
866 2807 1031 2854 inesse
1079 2811 1273 2868 oportet
1310 2805 1516 2872 (quippe
1552 2825 1670 2872 quas
1704 2807 1991 2858 manifestas

321 2900 435 2932 esse
485 2885 689 2943 deceat,
740 2890 794 2932 ut
834 2885 1055 2932 manibus
1091 2886 1385 2932 contrectari
1419 2888 1705 2952 palparique
1736 2903 1885 2953 posse
1917 2887 1991 2935 vi-

323 2962 571 3024 deantur),
608 2963 697 3011 sed
732 2969 836 3011 tum
871 2965 1086 3023 demum,
1124 2980 1270 3025 quum
1311 2965 1415 3013 illas
1451 2967 1686 3029 imagines
1708 2967 1847 3030 quasi
1870 2968 1990 3016 inita

322 3042 661 3105 subductaque
707 3043 893 3091 ratione
928 3043 989 3090 ad
1022 3043 1241 3107 regulam
1277 3048 1326 3090 et
1360 3045 1575 3094 libellam
1613 3043 1988 3108 exigerecone-

322 3136 448 3180 mur,
483 3122 711 3171 existere.
780 3123 907 3170 Eum
943 3127 1104 3171 tamen
1136 3122 1375 3171 calculum
1406 3141 1502 3172 non
1528 3126 1751 3174 sublimia
1777 3130 1986 3184 tantum,

323 3199 412 3248 sed
463 3216 782 3263 quaecunque
829 3207 1008 3266 poetae
1051 3203 1512 3263 comminiscuntur,
1556 3205 1808 3268 effugiunt.
1876 3204 1985 3253 Hu-

321 3280 398 3327 ius
433 3279 581 3342 igitur
626 3284 739 3327 sunt
782 3282 975 3342 generis
1012 3296 1134 3343 quae
1168 3281 1231 3329 de
1265 3284 1527 3332 maiestate
1561 3284 1763 3332 deorum
1795 3283 1985 3334 Home-

254 3407 258 3410 .
319 3373 404 3408 rus
438 3363 740 3407 commentus
774 3365 867 3418 est,
901 3361 1048 3408 veluti
1079 3360 1198 3408 hoc:

441 3436 552 3486 ἀλλ’
586 3434 671 3487 ὅτε
705 3435 771 3501 δὴ
806 3436 893 3506 καὶ
927 3435 1027 3503 ἐγὼ
1059 3438 1323 3503 πρόφρων
1359 3439 1592 3504 ἐθέλοιμι
1625 3437 1859 3505 ἐρύσσαι,

438 3515 573 3582 αὐτῇ
607 3534 698 3568 κεν
731 3516 855 3583 γαίῃ
889 3516 1125 3582 ἐρύσαιμ’
1160 3519 1295 3586 αὐτῇ
1330 3537 1384 3571 τε
1416 3521 1687 3587 θαλάσσῃ·
