2164 3840
1013 249 1136 307 38⁰

378 395 600 455 „Proh
644 394 997 460 Iuppiter!
1061 420 1128 433 ·—-
1292 424 1356 434 -
1522 427 1587 436 -

391 473 604 538 Unde,
668 482 782 524 aut
831 478 946 541 qui
990 477 1405 525 immortalis
1441 479 1702 542 florem
1749 482 1913 532 lihe-

536 554 538 556 ’
1074 572 1212 606 rum
1247 556 1507 607 invidit
1539 559 1761 610 mihi?'’

244 634 510 699 Postquam
545 635 713 701 regina
746 635 906 685 cultro
943 652 999 685 se
1031 637 1293 699 transfixit,
1328 638 1465 686 chori
1489 655 1686 691 carmen
1709 643 1912 692 tertium

243 716 502 764 inseritur:

373 794 601 861 μετρίων
633 793 881 857 λέκτρων,
915 794 1140 862 μετρίων
1174 795 1231 848 δὲ
1265 796 1449 863 γάμων

371 874 500 939 μετὰ
534 874 887 942 σωφροσύνης

369 955 562 1021 κύρσαι
592 960 874 1021 θνητοῖσιν
908 958 1139 1023 ἄριστον.

367 1037 616 1089 Reversus
662 1041 982 1103 Metapontus
1025 1041 1118 1088 tria
1152 1040 1326 1090 funera
1359 1040 1553 1089 inventa
1587 1040 1748 1105 luget3
1795 1056 1910 1091 mox

236 1120 470 1181 edoctus,
517 1120 761 1184 quomodo
800 1135 883 1170 res
927 1121 1208 1183 evenerint,
1251 1136 1454 1171 uxorem
1500 1120 1782 1171 defunctum
1826 1138 1909 1171 ac·-

237 1204 402 1250 cusat:

367 1277 468 1330 οὐκ
501 1277 606 1328 ἔστι
639 1275 965 1344 πράττοντας
998 1295 1047 1329 τι
1080 1276 1357 1345 μοχθηρὸν
1390 1278 1603 1328 λαθεῖν·

366 1353 459 1422 ὀξὺ
495 1357 669 1424 βλέπει
702 1356 804 1425 γὰρ
838 1358 868 1409 ὁ
901 1359 1109 1425 χρόνος,
1146 1360 1204 1419 ὃς
1236 1356 1301 1408 τὰ
1333 1358 1496 1408 πάνθ’
1532 1357 1637 1424 ὁρᾷ·
1666 1386 1731 1396 -

233 1446 405 1491 contra
438 1441 805 1504 suppositorum
842 1440 1053 1488 filiorum
1090 1442 1318 1489 virtutem
1354 1440 1623 1488 collaudat:

367 1516 469 1586 ἐγὼ
503 1516 601 1584 μὲν
637 1512 738 1569 οὖν
772 1518 870 1569 οὐκ
906 1513 1026 1582 οἶδ’,
1058 1517 1200 1579 ὅπως
1232 1522 1448 1569 σκοπεῖν
1480 1517 1647 1585 χρεὼν

363 1599 460 1666 τὴν
494 1597 791 1665 εὐγένειαν·
825 1592 953 1659 τοὺς
984 1599 1086 1665 γὰρ
1122 1598 1403 1663 ἀνδρείους
1436 1598 1603 1665 φύσιν

361 1680 451 1733 καὶ
484 1673 611 1740 τοὺς
646 1679 887 1740 δικαίους
919 1681 1028 1731 τῶν
1059 1682 1230 1731 κενῶν
1263 1679 1624 1747 δοξασμάτων,

359 1761 462 1816 κᾶν
499 1754 593 1812 ὦσι
624 1760 848 1825 δούλων,
883 1760 1283 1827 εὐγενεστέρους
1315 1759 1450 1827 λέγω

361 1924 562 1975 δοῦλον
594 1921 696 1988 γὰρ
733 1919 928 1973 ἐσθλὸν
959 1924 1175 1988 τοῦνομ’
1212 1922 1278 1973 οὐ
1314 1921 1609 1988 διαφθερεῖ,

356 2001 544 2056 πολλοὶ
580 2003 627 2055 δ’
664 2002 915 2069 ἀμείνους
947 2002 1045 2054 εἰσὶ
1075 2004 1183 2054 τῶν
1218 2001 1531 2067 ἐλευθέρων.

225 2086 398 2136 Potuit
431 2086 610 2134 deinde
642 2086 823 2134 chorus
859 2087 1058 2134 naenias
1094 2091 1293 2134 cantare
1327 2085 1589 2133 defunctis.

355 2166 532 2215 Statim
567 2166 747 2214 deinde
784 2166 999 2214 Boeotus
1034 2165 1317 2228 Aeolusque
1350 2165 1683 2228 Melanippum
1723 2163 1784 2210 ad
1819 2178 1899 2210 re-

225 2262 339 2312 gem
384 2245 638 2293 adducunt
684 2249 735 2292 et
786 2243 849 2291 de
893 2244 1043 2291 rebus
1079 2245 1233 2306 gestis
1273 2244 1370 2307 ipsi
1406 2247 1670 2306 exponunt.
1738 2240 1898 2304 Hygi-

223 2342 343 2377 nus:
390 2324 629 2385 „Ultores
679 2328 840 2371 autem
876 2322 1092 2371 Boeotus
1127 2329 1177 2371 et
1211 2322 1391 2371 Aeoius
1426 2322 1486 2369 ad
1520 2326 1780 2385 pastores,
1814 2320 1898 2369 ubi

224 2405 418 2455 educati
451 2411 606 2465 erant,
641 2402 983 2467 confugerunt.
1053 2402 1121 2449 lbi
1145 2403 1399 2466 Neptunus
1435 2402 1508 2450 eis
1533 2402 1715 2449 indicat
1746 2417 1808 2450 ex
1841 2417 1897 2450 se

225 2487 338 2535 esse
381 2490 523 2533 natos
569 2488 618 2532 et
665 2487 875 2530 matrem
922 2483 972 2529 in
1021 2481 1243 2530 custodia
1286 2481 1462 2530 teneri.
1545 2481 1639 2543 Qui
1684 2481 1744 2529 ad
1792 2480 1896 2529 De-

223 2569 465 2616 smontem
501 2567 835 2628 pervenerunt
868 2577 1078 2626 eumque
1106 2561 1458 2610 interfecerunt
1492 2566 1540 2610 et
1570 2566 1779 2610 matrem
1808 2577 1895 2609 cu-

225 2645 385 2694 stodia
418 2644 715 2704 liberarunt,
753 2643 829 2690 cui
863 2641 1120 2707 Neptunus
1155 2642 1319 2690 lumen
1354 2641 1580 2689 restituit.
1648 2642 1771 2690 Eam
1806 2642 1895 2690 filii

220 2726 558 2790 perduxerunt
601 2723 651 2770 in
684 2722 887 2770 Icariam
924 2723 986 2770 ad
1022 2721 1358 2784 Metapontum
1393 2738 1561 2785 regem
1597 2726 1647 2769 et
1678 2721 1895 2771 indicant

223 2805 269 2853 ei
317 2803 576 2867 perfidiam
635 2799 917 2850 Theanus.⁷’
997 2801 1119 2851 Cum
1182 2801 1258 2847 his
1307 2802 1532 2864 congruit
1592 2801 1892 2864 epigramma

219 2883 606 2946 anaglyphorum
643 2882 996 2944 Cyzicenorum
1034 2899 1080 2932 n.
1104 2883 1179 2928 16.
1218 2879 1430 2942 (Iacobs.
1450 2881 1647 2930 Anthol.
1667 2879 1778 2930 Vol.
1805 2881 1888 2931 ΙΙΙ.

218 2982 270 3029 p.
306 2966 349 3011 3.
387 2979 433 3026 p.
468 2962 635 3023 636.):
671 2958 803 3010 κατὰ
839 2957 895 3011 δὲ
923 2959 1016 3020 τὰς
1048 2959 1224 3023 θύρας
1255 2963 1354 3010 τοῦ
1388 2964 1527 3011 ναοῦ
1562 2960 1891 3023 προςιόντων

219 3040 361 3093 ἐστὶν
395 3040 590 3100 Αἴολος
621 3037 712 3091 καὶ
746 3041 996 3104 Βοιωτός,
1034 3039 1370 3100 Ποσειδῶνος
1403 3040 1602 3102 παῖδες,
1637 3039 1889 3106 ρυόμενοι

221 3121 279 3174 ἐκ
325 3122 531 3187 δεσμῶν
575 3118 674 3187 τὴν
706 3120 902 3187 μητέρα
937 3118 1315 3185 Μελανίππην,
1366 3123 1474 3171 τῶν
1508 3118 1887 3186 περιτεθέντων

220 3203 355 3270 αὐτῇ
392 3201 479 3254 διὰ
511 3200 608 3268 τὴν
642 3201 862 3266 φθορὰν
894 3199 999 3254 ὑπὸ
1029 3204 1126 3251 τοῦ
1159 3200 1353 3266 πατρὸς
1389 3201 1573 3268 αὐτῆς·

354 3282 550 3349 ,,Αἰὀλε
582 3281 672 3333 καὶ
705 3280 916 3344 Βοιωτέ,
953 3279 1125 3347 σοφὸν
1159 3281 1486 3348 φιλομήτορα
1517 3281 1724 3345 μόχθον

473 3363 714 3431 πρήξατε,
748 3362 924 3430 μητέρ’
958 3360 1051 3428 ἑὴν
1082 3360 1331 3427 λυόμενοι
1361 3362 1605 3414 θανάτου
1622 3377 1634 3390 ·
