2170 3848
1150 268 1230 325 14

484 410 735 461 Nobilitati
766 410 984 475 generis,
1028 425 1171 474 quam
1205 411 1344 475 quasi
1375 411 1573 463 unicum
1606 415 1801 465 virtutis
1831 413 2007 464 funda-

350 495 574 540 mentum
609 497 894 554 suspexerat
926 506 1096 540 aevum
1131 493 1261 555 quod
1303 492 1540 556 appellavi
1571 494 1849 558 ingenuum,
1883 493 2008 543 nihil

354 569 523 618 tribuit
556 570 836 632 Euripides,
906 569 971 617 Et
1003 571 1129 634 apud
1158 572 1423 619 Homerum
1459 572 1654 635 quidem
1687 575 1815 636 quod
1838 573 2008 622 Achil-

353 646 427 695 les
456 647 720 697 Hectorem
755 650 900 696 vincit
934 655 1233 713 cunctosque
1267 651 1445 699 virtute
1479 656 1692 715 superat,
1727 653 1856 716 quod
1883 651 2006 702 Vul-

353 742 500 776 canus
534 743 666 775 arma
707 728 750 776 ei
782 728 1052 776 fabricatur
1085 731 1311 793 quodque
1344 730 1629 778 coelestium
1663 731 1910 795 principes
1943 729 2006 780 ad

352 807 623 871 augendum
668 823 780 854 eum
823 808 1127 870 conspirant,
1178 810 1343 873 stirpis
1378 809 1615 857 divinitati
1649 809 1884 870 debetur,
1929 814 2006 859 te·

348 890 509 935 stante
543 886 727 934 Iunone
763 886 838 949 (ΙΙ.
874 901 932 947 ω,
967 886 1097 949 589:

463 959 665 1029 Ἕκτωρ
698 962 795 1026 μὲν
827 964 1022 1030 θνητός
1052 981 1106 1015 τε
1137 965 1366 1030 γυναῖκα
1398 983 1450 1016 τε
1483 966 1688 1032 θήσατο
1721 965 1915 1031 μαζόν·

477 1042 643 1110 αὐτὰρ
671 1039 921 1110 Ἀχιλλεύς
955 1042 1059 1095 ἐστι
1091 1048 1220 1105 θεᾶς
1247 1046 1422 1111 γόνος,
1455 1047 1525 1112 ἣν
1558 1043 1658 1110 ἐγὼ
1692 1043 1825 1112 αὐτὴ

479 1123 657 1188 θρέψοι
700 1141 753 1175 τε
794 1123 882 1176 καὶ
925 1124 1138 1190 ἀτίτηλα
1170 1123 1257 1177 καὶ
1290 1123 1444 1189 ἀνδρὶ
1476 1126 1646 1192 πόρον
1676 1126 2002 1190 παράκοιτιν,

478 1206 657 1270 Πηλεῖ,
693 1204 749 1263 ὃς
782 1204 900 1270 πέρι
932 1208 1055 1272 κῆρι
1088 1206 1239 1270 φίλος
1271 1207 1430 1271 γένετ’
1465 1205 1839 1261 ἀθανάτοισιν·

478 1286 668 1344 πάντες
702 1284 749 1336 δ’
773 1285 1075 1342 ἀντιάασθε,
1110 1286 1245 1345 θεοί,
1281 1287 1455 1350 γάμου
1488 1288 1598 1338 κτλ.
1772 1344 1777 1348 p

344 1366 493 1431 Atqui
540 1366 731 1429 nuptias
774 1368 970 1430 quidem
1003 1365 1232 1415 Thetidis
1267 1367 1529 1431 Euripides
1564 1371 1616 1414 et
1647 1366 1756 1428 ipse
1789 1364 2002 1413 carmine

344 1446 764 1510 praestantissimo
802 1447 1016 1494 celebrat
1050 1453 1100 1494 et
1130 1446 1342 1494 futuram
1378 1447 1583 1494 Achillis
1618 1445 1822 1510 gloriam
1854 1445 1905 1493 in
1940 1443 2001 1493 il-

342 1525 404 1574 lis
438 1524 621 1590 nuptiis
655 1540 684 1571 a
719 1525 813 1573 diis
848 1530 1038 1573 cautam
1073 1541 1183 1573 esse
1218 1525 1402 1586 refert,
1456 1532 1672 1573 ceterum
1707 1525 1790 1572 hic
1825 1523 1999 1572 Chiro-

341 1605 416 1654 nis
463 1604 718 1669 disciplina
763 1604 873 1668 plus
909 1621 1055 1667 quam
1090 1605 1346 1653 nobilitate
1379 1605 1576 1668 generis
1612 1605 1831 1653 confidit.
1898 1602 1998 1652 Te-

340 1683 500 1734 nenda
535 1689 650 1731 sunt
682 1683 780 1740 illa,
816 1699 940 1745 quae
975 1684 1178 1731 Hecuba
1213 1685 1445 1732 disserit:

469 1754 553 1826 ἆρ’
590 1759 645 1811 οἱ
674 1760 988 1821 τεκόντες
1022 1759 1369 1826 διαφέρουσιν
1401 1760 1435 1827 ἢ
1467 1759 1742 1826 τροφαίς

469 1839 570 1907 ἔχει
601 1857 660 1906 γε
693 1838 873 1906 μέντοι
907 1839 994 1892 καὶ
1018 1840 1076 1892 τὸ
1111 1845 1423 1908 θρεφθῆναι
1453 1843 1625 1901 καλῶς

471 1919 674 1982 δίδαξιν
707 1918 928 1972 ἐσθλοῦ·
964 1926 1169 1972 τοῦτο
1207 1921 1253 1972 δ’
1288 1924 1356 1987 ἢν
1389 1939 1466 1981 τις
1499 1916 1557 1972 εὖ
1591 1919 1753 1986 μάθῃ,

471 1994 667 2052 οἶδεν
709 1999 784 2050 τό
844 2001 893 2064 γ’
960 2001 1245 2067 αἰσχρὸν
1306 2001 1550 2051 κανόνι
1606 2003 1729 2050 τοῦ
1787 1999 1999 2050 καλσῦ

1116 2080 1370 2146 μαθώψ

337 2160 603 2212 Dimidium
637 2159 862 2220 virtutis,
907 2159 1071 2208 iudice
1105 2161 1351 2218 Homero,
1400 2161 1553 2209 servis
1587 2158 1749 2208 aufert
1779 2159 2000 2223 Iuppiter

338 2241 455 2307 (od.
489 2258 535 2305 ρ,
571 2238 736 2304 322.);
780 2245 947 2288 contra
993 2240 1254 2304 Euripides
1289 2241 1407 2289 nihil
1442 2240 1501 2287 ad
1537 2240 1766 2287 virtutem
1801 2238 1999 2287 differre

338 2337 526 2382 servos,
553 2320 765 2384 spurios,
796 2320 1028 2382 ingenuos
1055 2321 1275 2367 omnibus
1298 2320 1419 2367 locis
1443 2319 1672 2374 affirmat,
1710 2317 1824 2380 quin
1849 2317 1996 2364 etiam

338 2400 529 2451 virtutis
556 2406 764 2448 matrem
790 2402 1063 2461 egestatem
1096 2415 1223 2459 esse,
1258 2416 1404 2464 quum
1442 2399 1617 2447 divites
1653 2412 1803 2460 saepe
1838 2411 1894 2443 se
1919 2409 1996 2443 so-

339 2481 537 2531 cordiae
569 2479 780 2537 tradant‚
815 2479 1107 2538 arbitratum
1143 2479 1209 2527 cf.
1245 2495 1367 2543 quae
1393 2478 1554 2526 Hasse
1575 2476 1606 2525 l.
1635 2476 1667 2522 l.
1703 2492 1750 2539 p.
1777 2476 1856 2524 30.
1880 2489 1996 2523 con-

337 2561 495 2626 gessit
539 2557 831 2608 testimonia.
909 2558 1078 2622 ltaque
1120 2559 1298 2607 multos
1342 2559 1390 2606 in
1437 2555 1702 2619 tragoediis
1736 2567 1996 2617 pauperes,

337 2654 550 2705 egenos,
584 2653 772 2698 servos,
808 2638 999 2701 spurios
1032 2639 1247 2696 induxit,
1295 2637 1377 2700 qui
1409 2635 1553 2683 animi
1587 2634 1911 2699 generositate
1944 2636 1997 2680 et

336 2718 598 2768 sanctitate
642 2718 770 2765 vitae
806 2717 1032 2765 divitibus
1067 2718 1360 2780 regibusque
1393 2720 1561 2764 essent
1594 2713 1994 2777 praestantiores,

336 2798 472 2847 velut
506 2798 555 2844 in
581 2797 809 2844 Electrae
837 2796 1002 2844 fabula
1028 2797 1250 2844 colonum
1277 2796 1443 2853 illum,
1490 2794 1628 2841 cuius
1663 2791 1880 2840 moribus
1915 2805 1993 2839 co—

255 2870 257 2872 ’
337 2877 486 2940 gnitis
511 2875 713 2924 Orestes
742 2876 942 2924 disserit
975 2876 1073 2936 illa,
1108 2877 1280 2939 quibus
1315 2873 1556 2922 sententia
1583 2870 1835 2935 Euripidis
1855 2884 1992 2933 aper-

339 2957 529 3004 tissime
564 2955 837 3003 declaratur
873 2956 938 3018 (v.
974 2958 1069 3002 367
1106 2952 1290 3019 seqq.):
1339 2955 1470 3016 φεῦ·
1517 2950 1616 3001 οὐκ
1651 2945 1752 2999 ἔστ’
1785 2945 1993 3012 ἀκριβὲς

340 3032 498 3085 οὐδὲν
532 3033 602 3093 εἰς
635 3032 920 3098 εὐανδρίαν
952 3035 1059 3085 κτλ.

466 3115 708 3163 Mutatam
751 3130 943 3163 morum
978 3112 1282 3178 disciplinam
1310 3116 1496 3160 mutata
1529 3111 1592 3158 de
1625 3109 1718 3158 diis
1750 3107 1993 3169 rebusque

339 3194 510 3243 divinis
539 3195 701 3258 opinio
736 3195 1016 3242 necessario
1052 3198 1313 3241 consecuta
1347 3197 1439 3242 est.
1495 3190 1568 3238 De
1603 3190 1696 3237 diis
1730 3187 1847 3250 quid
1882 3201 1990 3235 sen-

339 3273 462 3322 serit
498 3273 787 3337 Euripides,
822 3274 899 3321 his
935 3274 1124 3323 duobus
1157 3272 1377 3321 versibus
1410 3269 1719 3334 apertissime
1753 3264 1993 3314 declarari

337 3352 531 3403 ostendi
563 3351 623 3401 T.
659 3352 695 3404 1.
730 3369 777 3418 p.
808 3356 901 3402 98:
