2170 3848
948 281 1068 337 197

320 427 448 488 θεὸς
478 416 662 490 ἔδωκε,
697 428 889 494 χρόνος
927 425 1114 493 ἔκρανε

319 505 468 575 λέχος
501 506 707 573 ἐμοῖσιν
742 504 982 575 α’ρχέταις
998 523 1011 535 ·

317 588 414 641 ἴτω
447 587 617 641 τελεία
649 588 838 656 γάμων
878 587 1051 639 ἀοιδοί.

849 667 1105 735 σύστημα.

319 748 426 805 ἀλλ’
463 749 552 803 ὅδε
583 748 685 816 γὰρ
720 747 787 816 δὴ
822 741 1070 815 βασιλεὺς
1103 747 1207 813 πρὸ
1242 747 1425 816 δόμων
1814 755 1881 802 60

319 832 491 901 κήρυξ
521 823 576 882 θ’
610 827 747 896 ἱερὸς
778 828 866 882 καὶ
899 833 1026 890 παῖς
1065 829 1301 882 Φαέθων

318 913 586 980 βαίνουσι,
620 913 879 976 τριπλοῦν
914 912 1124 977 ζεῦγος,
1159 908 1295 978 ἔχειν
1328 911 1428 978 χρὴ

315 986 459 1058 στόμ’
495 989 554 1044 ἐν
587 990 805 1060 ἡσυχίᾳ·

312 1070 434 1138 περὶ
465 1072 569 1140 γὰρ
603 1073 849 1140 μεγάλων
881 1073 1098 1141 γνώμας
1133 1071 1301 1137 δείξει,

312 1145 463 1205 παῖδ’
491 1152 784 1220 ὑμεναίοις,
819 1151 890 1216 ὥς
923 1165 1073 1222 φησι,
1105 1153 1285 1206 θέλων
1814 1157 1879 1202 65

315 1233 490 1298 ζεῦξαι
522 1235 741 1304 νύμφης
771 1254 828 1289 τε
860 1236 1155 1296 λεπάδνοις.

879 1316 1151 1377 ΚΗΡΥΞ.

303 1389 572 1448 Ὠκεανοῦ
605 1396 805 1451 πεδίων
839 1392 1128 1468 οἰκήτορες,

274 1546 277 1548 ‚
310 1477 604 1545 εὐφαμεῖτ’,
642 1469 701 1543 ὦ,

312 1557 549 1641 ἐκτόπιοί
579 1576 635 1611 τε
670 1559 855 1627 δόμων
888 1561 1177 1630 οὲπαείρετε,

314 1641 357 1691 ὠ
389 1639 483 1704 ἴτε,
517 1639 653 1693 λαοί.
1814 1639 1880 1684 70

311 1721 563 1788 κηρύσσω
598 1720 787 1788 λέσχαν
820 1724 1118 1792 βασιλήϊον,

313 1801 442 1853 αἰτῶ
477 1796 527 1852 δ’
562 1796 725 1853 αἶσαν

315 1881 590 1933 εὐτεκνίαν
623 1899 678 1934 τε
711 1881 920 1950 γάμοις,
955 1872 1034 1936 ὧν
1068 1882 1249 1946 ἔξοδος

313 1957 396 2014 ἅδ’
425 1956 554 2030 ἕνεχ’
585 1961 716 2030 ἥκει,

312 2041 508 2105 παιδὸς
539 2045 741 2108 πατρός
771 2060 828 2095 τε
858 2040 977 2112 τῇδ’
1009 2044 1067 2097 ἐν
1099 2042 1269 2113 ἡμέρᾳ
1301 2043 1421 2112 λε’χη
1809 2042 1874 2090 75

311 2129 509 2191 κρᾶναι
539 2125 839 2177 θελόντων·
881 2125 1014 2178 ἀλλὰ
1048 2118 1147 2193 σῖγ’
1182 2122 1315 2178 ἔστω
1349 2123 1494 2184 λεώς.

309 2205 388 2256 Ex
420 2207 528 2267 his,
573 2223 702 2271 quae
737 2212 849 2258 sunt
882 2209 1022 2274 prior
1055 2224 1173 2274 pars
1205 2208 1600 2273 fragmentorum
1635 2219 1666 2251 e
1699 2201 1875 2251 codice

177 2285 571 2352 ssepi-ommium,
607 2288 673 2336 de
707 2294 1000 2354 argumento
1034 2289 1273 2338 dramatis
1297 2288 1483 2337 haecce
1507 2283 1872 2349 cognoscimus,

177 2367 311 2417 Ante
344 2367 537 2429 lucem,
586 2369 875 2432 quiescente
915 2370 1175 2419 etiamtum
1209 2385 1329 2434 rege
1361 2367 1669 2432 grandaevo,
1706 2378 1873 2414 sermo

175 2447 378 2498 habitus
412 2453 491 2497 est
523 2449 692 2497 matris
729 2454 780 2498 et
814 2449 924 2502 filii.
995 2449 1105 2512 Quo
1138 2450 1280 2499 finito
1315 2448 1566 2513 colloquio
1598 2445 1767 2495 statim
1793 2443 1871 2492 fa-

176 2527 344 2578 mulae
386 2529 553 2592 regiae
597 2529 659 2577 ad
693 2530 962 2579 verrendas
1006 2528 1158 2578 aedes
1179 2528 1549 2594 3purgandaque
1584 2529 1874 2576 ornamenta

179 2611 232 2656 et
266 2608 556 2657 domesticis
591 2608 828 2659 odoribus
863 2603 1040 2659 atrium
1076 2609 1383 2658 suffiendum
1415 2607 1678 2673 prodeunt.
1748 2605 1871 2654 Eius

176 2687 330 2750 igitur
363 2694 526 2738 terrae
559 2689 750 2740 incolae
784 2695 917 2753 sunt,
956 2691 1005 2740 in
1039 2706 1136 2754 qua
1170 2690 1319 2742 thura
1353 2693 1503 2753 atque
1549 2688 1732 2736 odores
1778 2701 1872 2735 na·-

179 2772 416 2816 scuntur:
465 2784 623 2833 eaque
669 2775 719 2819 et
754 2770 956 2820 Oceano
1002 2776 1054 2819 et
1089 2768 1306 2835 fontibus
1343 2768 1532 2817 Oceani
1563 2767 1723 2815 vicina
1757 2780 1872 2814 esse

176 2847 383 2912 fingitur
427 2846 498 2910 (v.
534 2849 637 2916 39).
705 2851 917 2900 Carmen
965 2854 1131 2900 autem
1182 2849 1505 2910 famularum,
1558 2846 1690 2912 quod
1723 2861 1871 2911 paro-

178 2926 297 2977 dum
347 2927 633 2990 constituit,
679 2931 907 2981 matutini
942 2930 1186 2996 temporis
1220 2929 1462 2994 imagines
1496 2927 1870 2977 amoenissimas

290 3118 340 3159 V.
370 3116 441 3160 59.
473 3118 543 3160 ef.
571 3116 736 3163 τέλειοι
761 3120 872 3164 θεοί
899 3125 944 3164 et
969 3117 1187 3176 τελήεσσα
1218 3117 1465 3176 ἑκατόμβη.

289 3188 341 3230 V.
369 3186 442 3230 69.
500 3188 742 3233 Abel-ravit
779 3204 807 3233 a
845 3205 956 3235 vero
987 3191 1207 3234 Goethius
1245 3195 1451 3234 vertens:
1500 3191 1657 3233 Tretet
1684 3187 1870 3242 hinweg

178 3271 286 3302 vom
311 3257 506 3301 Bereich
545 3260 625 3302 des
652 3259 869 3303 Palastes.
929 3261 1213 3305 Contrarium
1247 3261 1368 3304 enim
1408 3260 1517 3304 (licit
1545 3272 1738 3315 praeco=
1782 3256 1870 3298 Ac-

181 3327 327 3372 cedite
356 3331 489 3384 atque
518 3330 887 3386 appropinquate,
916 3337 965 3375 ut
994 3332 1242 3376 orationem
1270 3330 1503 3387 accipiatis
1529 3330 1722 3386 regiam.

289 3397 343 3443 V.
371 3398 444 3444 71.
513 3400 601 3443 Pro
639 3398 802 3456 λέσχαν
843 3403 987 3446 Bekk.
1018 3408 1064 3446 et
1102 3403 1260 3445 Herm.
1301 3399 1434 3446 ὁσίαν
1475 3404 1707 3459 legerunt,
1751 3397 1871 3454 quod

180 3469 422 3516 voluerunt
451 3483 551 3515 esse
591 3470 787 3516 indico
824 3472 1220 3519 reverentiam
1259 3472 1438 3531 regis.
