2170 3866
943 270 1066 337 561

57 452 61 455 -
149 421 289 474 cedit
334 420 541 473 Cisseus
586 418 840 488 postulata
885 426 940 472 et
984 420 1229 474 arcessita
1274 420 1380 472 filia
1423 427 1534 474 rata
1576 423 1704 476 facit
1733 440 1853 493 pro-

146 503 317 554 missa.
382 502 545 552 Filiae
578 503 727 554 verba
759 501 995 552 lubenter
1026 502 1359 554 conditionem
1394 504 1688 572 accipientis
1720 508 1850 561 haec

146 582 309 635 fuisse
341 584 594 632 videntur:

275 661 483 729 πατρὸς
515 661 566 715 δ’
598 659 806 729 α’νοίγκη
837 660 991 713 παισὶ
1022 659 1310 714 πείθεσθαι
1341 661 1486 731 λόγῳ

282 821 344 875 ἐν
376 824 489 885 τοῖς
520 812 727 884 τέκνοις
759 820 864 888 γὰρ
898 819 1059 890 ἁρετὴ
1092 823 1202 874 τῶν
1229 821 1472 889 εὐγενῶν

277 901 478 971 ἔλαμψε
511 903 773 972 κρείσσων
803 903 850 954 τ’
883 899 995 955 ἐστὶ
1026 902 1292 956 πλουσίου
1328 904 1527 971 γάμου.

279 985 517 1037 Profecto
564 992 738 1037 contra
780 985 954 1035 hostes
997 986 1269 1044 Archelao,
1322 988 1508 1036 chorus
1555 985 1723 1037 fausta
1757 1002 1848 1037 co-

145 1068 342 1118 natibus
389 1069 495 1118 eius
538 1072 779 1132 precatur
820 1073 873 1116 et
908 1068 1198 1117 recordatus
1233 1066 1486 1131 Herculis,
1533 1083 1596 1117 ex
1629 1083 1728 1132 quo
1761 1068 1848 1119 ille

144 1149 390 1213 originem
424 1148 582 1207 ducit,
618 1146 946 1198 certaminum
981 1126 1151 1212 sperat
1183 1148 1459 1197 victoriam.
1527 1146 1603 1197 De
1635 1147 1846 1198 latroni-

144 1230 239 1279 bus
275 1230 405 1278 enim
441 1229 502 1277 ab
522 1227 744 1277 Hercule
778 1227 988 1277 sublatis
1022 1226 1156 1277 dicta
1191 1232 1308 1277 sunt
1329 1229 1497 1291 verba,
1532 1244 1662 1294 quae
1684 1228 1846 1280 schol.

142 1309 291 1360 Pind.
315 1308 463 1373 Pyth.
489 1310 569 1357 55.
598 1308 789 1356 attulit:

275 1388 465 1439 ἒπαυσ’
499 1378 776 1453 ὁδουροὺς
808 1384 1087 1452 λυμεῶνας
1111 1384 1183 1444 *).

141 1469 298 1519 Redit
331 1468 514 1519 deinde
550 1483 612 1517 ex
646 1467 839 1533 proelio
865 1467 1067 1516 nuntius
1093 1466 1348 1516 victoriae.
1415 1466 1677 1534 Hyginus:
1711 1468 1846 1530 „Ar-

141 1550 365 1611 chelaus,
412 1549 527 1613 quia
572 1550 633 1598 ab
667 1547 892 1596 Hercule
941 1552 1079 1596 esset
1126 1547 1364 1596 oriundus
1412 1551 1551 1606 (nam
1588 1547 1846 1600 Temenus

141 1630 382 1680 Herculis
441 1629 579 1679 filius
629 1627 782 1688 fuit),
843 1626 1018 1675 hostes
1065 1642 1164 1675 uno
1209 1627 1401 1691 proelio
1444 1628 1637 1694 fugavit
1686 1634 1738 1678 et
1782 1631 1846 1681 ab

139 1727 262 1774 rege
308 1709 533 1774 pollicita
583 1707 765 1773 petit.''
852 1705 1008 1756 Cuius
1053 1707 1354 1756 narrationis
1414 1709 1536 1757 nihil
1588 1715 1846 1761 servatum

138 1796 236 1842 est.
307 1789 556 1839 Continuo
610 1787 905 1847 amicorum,
955 1786 1038 1852 qui
1082 1793 1284 1852 praesto
1332 1794 1464 1851 sunt,
1509 1789 1690 1854 aliquis
1736 1792 1846 1858 regi

141 1869 339 1929 suadet,
388 1876 445 1919 ut
489 1869 555 1918 de
602 1868 770 1917 medio
818 1868 978 1916 virum
1027 1867 1214 1932 optime
1267 1869 1502 1918 meritum
1545 1869 1720 1920 tollat:
1779 1873 1846 1922 de

141 1968 240 2017 qua
273 1967 332 2001 re
365 1949 626 2015 Hyginus:
696 1947 821 2010 „llle
865 1949 926 1997 ab
975 1947 1150 1997 amicis
1200 1946 1458 1998 dissuasus
1504 1949 1658 1998 fidem
1705 1950 1846 2002 frau-

137 2031 275 2084 davit
320 2046 536 2095 eumque
579 2045 674 2095 per
719 2027 889 2077 dolum
934 2028 1219 2077 interficere
1265 2028 1437 2079 voluit.
1533 2029 1707 2094 Itaque
1763 2031 1845 2082 fo-

137 2129 282 2163 veam
317 2111 464 2159 iussit
497 2109 610 2158 fieri
655 2113 707 2159 et
751 2108 936 2158 multos
971 2108 1215 2158 carbones
1263 2125 1326 2158 eo
1360 2109 1522 2174 ingeri
1558 2115 1611 2159 et
1643 2111 1846 2162 incendi

137 2198 192 2243 et
225 2207 378 2258 super
411 2189 623 2253 virgulta
655 2189 827 2239 tenuia
858 2189 1028 2255 poni.''
1107 2188 1186 2239 Ex
1221 2205 1280 2239 ea
1320 2191 1469 2239 amici
1496 2191 1720 2242 oratione
1752 2208 1847 2259 pe-

134 2273 229 2324 tita
262 2276 378 2322 sunt
410 2269 621 2318 haecce:
1760 2271 1762 2273 ’

268 2348 344 2418 μὴ
377 2347 642 2400 πλούσιον
673 2350 807 2416 θῇς·
844 2345 1189 2416 ἐνδεέστερος
1206 2346 1312 2414 γὰρ
1348 2345 1429 2401 ὢν

268 2426 519 2489 ταπεινὸς
552 2428 722 2481 ἔσται·
758 2431 904 2482 κεῖνο
942 2429 992 2480 δ’
1027 2428 1194 2495 ἰσχύει
1227 2427 1380 2496 μέγα,
1409 2456 1412 2461 ·

270 2513 506 2571 πλοῦτος
539 2510 725 2576 λαβών
757 2527 813 2562 τε
847 2514 1045 2578 τοῦτον
1079 2507 1298 2576 εὐγενὴς
1331 2508 1487 2578 ἀνήρ.

137 2592 276 2659 Opes
319 2593 476 2657 igitur
519 2608 636 2642 cum
669 2593 929 2642 nobilitate
972 2593 1171 2658 generis
1207 2592 1498 2641 coniunctas
1534 2590 1739 2642 nimium
1773 2591 1846 2643 ait

134 2674 303 2724 valere
337 2687 501 2736 neque
534 2672 976 2738 regitolerahiles
1023 2687 1153 2720 esse.
1239 2670 1418 2735 Neque
1464 2672 1689 2738 praemio
1734 2676 1844 2722 tan-

133 2760 244 2805 tum
284 2751 587 2803 Archelaum
635 2752 985 2814 fraudandum,
1040 2752 1131 2801 sed
1179 2752 1278 2801 vita
1312 2768 1513 2816 quoque
1545 2751 1843 2817 privandum

135 2850 281 2885 esse:
316 2834 546 2883 iuvenem
579 2834 713 2883 enim
747 2849 960 2898 egenum
994 2831 1310 2896 eundemque
1343 2832 1528 2881 fortem
1565 2839 1716 2897 atque
1750 2848 1839 2882 au-

134 2913 330 2976 dacem,
378 2913 675 2979 praesertim
710 2913 755 2963 si
787 2914 964 2962 iniuria
997 2928 1055 2962 se
1087 2913 1328 2962 affectum
1363 2928 1479 2962 esse
1514 2913 1706 2977 credat,
1749 2928 1843 2979 pe-

133 2993 348 3046 riculum
380 2993 601 3044 minitari
635 2993 1034 3060 opulentioribus
1069 2993 1234 3042 minus
1259 2993 1503 3043 strenuis:

264 3071 484 3135 νεανίας
515 3089 571 3125 τε
603 3070 695 3126 καὶ
727 3070 890 3140 πένης
923 3071 1098 3139 σοφός
1129 3074 1187 3124 θ’
1223 3070 1351 3138 ἅμα,

264 3155 417 3207 ταῦτ’
452 3153 528 3216 εἰς
555 3156 621 3207 ἓν
653 3151 862 3207 ἐλθόντ’
895 3152 995 3217 ἄξι’
1028 3151 1396 3220 ἐνθυμήσεως.

187 3326 237 3382 *)
275 3322 502 3383 πειρατὰς
538 3322 653 3376 τούς
692 3322 814 3369 κατὰ
852 3322 1053 3382 πέλαγος
1100 3321 1271 3381 λῃστὰς
1307 3321 1527 3378 λέγομεν,
1570 3318 1742 3376 κυρίως
1790 3316 1844 3364 δὲ

271 3395 410 3448 τούς
449 3395 507 3440 ἐν
546 3391 661 3454 ὁδῷ
690 3395 1212 3454 κακουργοῦντας,
1253 3389 1364 3451 παρ’
1404 3387 1434 3437 ὃ
1478 3389 1537 3447 δὴ
1579 3390 1659 3436 καὶ
1697 3387 1843 3436 ὁδου-

270 3465 382 3525 ρούς
410 3464 588 3518 αὐτοὺς
616 3463 735 3522 λέγει
764 3463 1028 3524 Εὐριπίδης
1057 3462 1107 3509 ἐν
1133 3460 1368 3523 Ἀρχελάῳ.
1436 3533 1503 3581 36

193 3535 259 3588 Τ.
293 3538 359 3589 Π.
