2124 3860
927 260 1051 320 339

156 418 210 465 et
255 414 304 463 in
350 426 450 476 quo
506 409 879 459 aestimatorum
916 424 1121 458 acumen
1168 407 1318 467 nihil,
1382 406 1514 473 quod
1561 409 1836 474 repreben-

156 494 269 554 dat,
327 492 546 543 invenire
603 491 778 554 possit.
862 489 1093 550 Singula,
1153 503 1216 536 ne
1272 487 1448 552 longus
1508 488 1631 546 sim,
1693 489 1837 539 intel-

154 574 422 640 ligentibus
458 569 760 620 recensenda
794 569 1044 633 relinquo,
1081 583 1240 630 neque
1267 573 1430 615 tamen
1456 583 1681 631 possum,
1718 569 1836 633 quin

156 655 307 704 etiam
355 659 502 716 atque
550 652 700 700 etiam
746 651 961 699 iuniores
996 654 1280 714 poetarum,
1317 648 1397 711 qui
1432 648 1478 695 in
1516 649 1715 696 scenico
1749 665 1835 712 ge-

155 750 277 784 nere
310 732 647 792 elaborabunt,
683 745 937 787 moneam,
973 735 1030 778 ut
1064 727 1380 792 Euripidem,
1419 743 1517 790 quo
1552 744 1695 776 nemo
1731 745 1837 779 me-

157 813 256 862 lius
290 812 534 876 colloquia
557 818 865 875 temperasse
892 809 1105 868 videtur,
1134 823 1331 856 versare
1352 807 1631 871 imitarique
1661 824 1722 856 ne
1747 825 1836 858 un-

157 909 302 957 quam
349 892 605 950 desinant,
655 890 811 939 donec
858 888 1279 955 deprehenderint
1312 888 1726 953 perceperintque
1759 905 1837 937 ar-

154 978 255 1022 tem
292 972 422 1020 dicta
454 986 792 1036 responsaque
828 971 988 1018 omnia
1023 976 1128 1018 tum
1165 969 1409 1028 moribus,
1456 969 1594 1016 sexui
1629 968 1839 1032 locoque

156 1068 356 1112 eorum,
414 1051 495 1114 qui
555 1051 930 1114 colloquuntur,
988 1056 1091 1098 tum
1141 1049 1352 1097 consiliis
1399 1047 1476 1096 vel
1525 1050 1712 1112 apertis
1759 1049 1838 1098 vel

124 1133 392 1191 'occultis,
439 1136 491 1179 et
550 1131 739 1188 animo,
799 1146 897 1194 quo
945 1146 1139 1193 quoque
1187 1134 1333 1177 erunt
1377 1133 1606 1189 tempore
1651 1128 1836 1189 affecti,

155 1212 367 1276 denique
403 1226 606 1259 caussae
641 1225 810 1258 eorum
848 1209 1284 1270 accommodandi,
1335 1208 1514 1271 quibus
1561 1208 1710 1256 rebus
1761 1209 1836 1268 fit,

155 1297 209 1341 ut
253 1292 335 1340 illa
381 1290 582 1355 propria
633 1305 691 1337 ac
737 1290 1003 1356 peculiaria
1051 1290 1290 1350 existant,
1350 1286 1596 1351 simulque
1631 1288 1701 1336 sic
1744 1289 1836 1336 alia

152 1370 261 1419 aliis
297 1370 517 1434 aptandi,
567 1373 623 1416 ut
671 1385 698 1416 a
733 1375 901 1417 natura
938 1384 1051 1416 esse
1087 1368 1395 1416 caniformata
1429 1368 1714 1428 videantur,
1748 1383 1836 1416 ne-

153 1466 251 1515 que
283 1451 576 1515 quidquam,
625 1449 755 1512 quod
793 1449 858 1497 sit
893 1449 1056 1496 miuus
1093 1447 1374 1512 probabile,
1417 1448 1717 1496 intercurrat
1751 1452 1840 1496 aut

150 1531 202 1580 in
250 1546 347 1594 quo
405 1531 548 1578 aliter
592 1545 697 1578 rem
748 1530 845 1577 dici
894 1512 1072 1592 agique
1119 1528 1352 1575 debuisse
1402 1527 1673 1576 sentientes
1721 1543 1837 1591 spe-

151 1615 366 1659 ctatores
413 1609 741 1658 offendantur.
820 1610 872 1657 ln
925 1624 982 1655 ea
1030 1614 1194 1655 autem
1244 1613 1380 1665 arte,
1444 1615 1624 1670 quanto
1681 1607 1839 1669 magis

152 1690 364 1754 quisque
397 1691 445 1738 in
482 1690 670 1738 animos
707 1704 1047 1754 personarum,
1084 1703 1202 1750 quas
1239 1686 1460 1750 effinget,
1496 1702 1551 1733 se
1586 1687 1726 1749 quasi
1758 1688 1834 1734 in-

153 1769 321 1818 duerit
377 1769 840 1834 penetraveritque,
901 1771 1038 1815 tanto
1101 1767 1315 1815 excellet
1370 1763 1616 1814 facilius.”
1699 1767 1838 1816 Haec

152 1849 457 1898 Wielandus.
524 1849 732 1897 Accedit
765 1855 947 1904 autem,
985 1846 1113 1911 quod
1150 1847 1340 1911 legibus
1392 1846 1567 1911 tragici
1602 1848 1838 1895 teneban-

153 1934 236 1978 tur
268 1929 356 1989 iis,
402 1930 579 1992 quibus
614 1927 882 1977 difficultas
920 1928 1368 1991 componendorum
1405 1927 1532 1974 scite
1568 1926 1837 1990 colloquio·

153 2024 260 2057 rum
309 2015 605 2072 augeretur,
653 2008 793 2056 cuius
828 2008 1024 2072 generis
1060 2014 1162 2068 est,
1213 2007 1342 2070 quod
1390 2006 1595 2069 singulis
1644 2006 1836 2069 singula

153 2088 284 2136 dicta
327 2089 552 2137 versibus
594 2088 1091 2145 includendaterant,
1133 2086 1266 2150 quod
1302 2086 1431 2133 male
1465 2087 1691 2134 ominatis
1728 2102 1836 2135 ver-

150 2168 226 2218 bis
260 2169 486 2217 omnibus
521 2168 864 2216 abstinendum
903 2173 1010 2215 erat
1043 2167 1123 2226 iis,
1160 2167 1243 2228 qui
1278 2166 1657 2227 mentiebantur,
1702 2165 1834 2229 quod

150 2247 219 2296 nil
268 2247 362 2297 nisi
409 2263 577 2296 verum
626 2246 976 2294 enuntiandum
1016 2253 1066 2293 et
1102 2246 1204 2293 sola
1242 2245 1563 2307 ambiguitate
1599 2245 1837 2293 orationis

149 2326 355 2376 fraudes
390 2327 697 2391 peragendae
732 2332 884 2374 erant.
959 2325 1139 2373 Refert
1159 2326 1311 2390 igitur
1340 2324 1549 2386 Helena,
1585 2325 1835 2373 dominum

150 2407 404 2472 appellans
437 2423 636 2471 regem,
690 2412 921 2469 tanquam
970 2411 1022 2453 et
1053 2403 1320 2453 Theonoes
1357 2405 1654 2453 divinatione
1689 2412 1739 2452 et
1773 2420 1835 2453 ex

151 2486 351 2546 nuntio,
399 2486 485 2551 qui
518 2502 752 2552 praesens
788 2485 1029 2546 adfuerit,
1077 2491 1421 2546 compertum,
1460 2484 1704 2532 occidisse
1739 2484 1834 2532 sibi

151 2566 464 2626 Menelaum,
500 2566 675 2630 quibus
711 2566 856 2613 dictis
891 2565 1057 2613 statim
1093 2564 1312 2611 annectit
1346 2563 1622 2626 ambiguam
1658 2578 1835 2627 preca-

152 2646 355 2703 tionem,
392 2652 447 2694 ut
481 2646 569 2707 sic,
606 2652 660 2694 ut
694 2651 852 2710 optet,
890 2645 1075 2692 redeat.
1144 2643 1463 2691 Demonstrat
1497 2643 1678 2690 deinde
1711 2658 1836 2690 nun-

150 2726 292 2787 tium,
326 2724 474 2773 foeda
509 2726 812 2788 squalentem
849 2724 1046 2786 illuvie,
1094 2723 1233 2786 quasi
1268 2738 1328 2770 ex
1362 2722 1623 2781 fluctibus,
1659 2723 1837 2785 quibus

152 2805 237 2854 ille
272 2821 428 2870 prope
462 2805 646 2868 Libyae
679 2806 846 2854 littora
879 2803 1116 2870 perierit,
1164 2819 1192 2850 a
1226 2803 1388 2851 nautis
1423 2801 1714 2866 quibusdam
1751 2817 1839 2850 ex-

159 2891 360 2950 ceptum
397 2891 771 2948 servatumque,
808 2892 858 2934 et
894 2885 1105 2942 subiicit,
1142 2889 1318 2946 putare
1354 2899 1409 2931 se
1444 2898 1587 2931 suum
1624 2883 1698 2929 sic
1733 2897 1842 2929 ma-

153 2966 304 3014 ritum
335 2981 389 3013 se
419 2964 620 3026 habere,
645 2970 696 3012 et
722 2965 848 3014 male
872 2965 1175 3030 pereundum
1208 2962 1290 3022 ihi,
1315 2962 1399 3010 ubi
1427 2962 1578 3014 dicat,
1608 2978 1701 3010 non
1726 2960 1840 3009 Me-

155 3045 299 3094 nelao
325 3045 495 3094 fuisse.
557 3044 844 3093 Miseretur·
861 3044 1289 3109 Theoclymenum
1314 3041 1660 3099 Troianorum,
1688 3041 1839 3088 mise-

154 3132 292 3174 retur
326 3126 471 3173 etiam
507 3123 723 3173 Menelai
759 3125 1022 3190 insepulti3
1068 3123 1155 3172 sed
1193 3138 1333 3177 mox,
1370 3138 1431 3170 ne
1464 3138 1558 3170 non
1592 3137 1708 3169 vera
1745 3122 1842 3167 sint
1887 3110 1889 3113 ⁵

159 3220 287 3269 quae
318 3212 375 3254 ut
410 3220 523 3252 vera
561 3205 659 3252 sint
691 3204 1014 3254 vehementer
1048 3204 1201 3266 cupit,
1238 3209 1448 3250 veretur.
1517 3201 1590 3249 Ea
1627 3199 1843 3262 suspicio

159 3284 306 3334 facile
339 3284 623 3333 dissolvitur
658 3284 719 3332 ad
755 3283 1026 3333 Theonoen
1072 3283 1415 3348 provocando,
1462 3296 1587 3344 quae
1621 3280 1724 3328 falli
1757 3293 1845 3326 ne-

164 3371 331 3428 queat.
400 3364 444 3412 Τ
450 3381 528 3412 um
565 3364 670 3412 sine
704 3379 840 3412 mora
886 3365 971 3413 ille
1016 3363 1301 3427 nuptiarum
1339 3361 1490 3410 iniicit
1526 3357 1843 3407 mentionem.

159 3442 454 3510 Respondet
485 3444 707 3502 Helena,
759 3443 1022 3493 admodum
1059 3442 1241 3491 afflicta
1277 3439 1477 3507 specie:
1527 3440 1624 3487 iam
1660 3443 1711 3486 tu
1746 3436 1846 3486 eris

1398 3522 1463 3569 22
1486 3517 1514 3549 *
