2150 3866
1189 256 1310 314 212

413 404 544 455 enim
592 402 812 454 tibicinis
861 401 1069 452 chorum
1111 402 1336 453 cantibus
1380 402 1671 469 lugubribus
1705 404 2095 458 descendentem

410 485 462 534 in
485 483 672 533 Orcum
706 499 918 548 puerum
951 483 1191 548 prosequi
1224 484 1410 533 decuit.
1455 483 1611 546 Dona,
1644 486 1778 536 aliud
1802 491 1919 553 post
1940 486 2093 547 aliud,

411 564 658 625 offerens,
708 581 837 628 quae
867 563 1007 613 illum
1042 564 1104 611 ad
1138 563 1327 612 inferos
1363 564 1603 628 subsequi
1635 553 1857 630 volebat,
1914 567 2093 632 quibus

410 660 530 694 usus
565 644 632 693 sit
665 644 831 692 verbis
851 679 864 702 ,
902 660 964 692 ex
997 643 1344 708 Aristophanis
1377 643 1652 694 imitatione
1685 645 1921 710 colligere
1953 646 2093 708 licet,

411 725 552 775 cuius
585 725 684 774 hoc
718 728 946 773 servatur
980 723 1346 787 fragmentum:

545 797 667 854 ἰδοὺ
701 802 893 868 δίδωμι
925 801 1073 869 τήνδ’
1109 799 1211 868 ἐγὼ
1243 801 1478 868 γυναῖκά
1511 813 1598 854 σοι

547 883 823 947 Φαίδραν·
859 879 943 933 ἐπὶ
976 885 1086 946 πῦρ
1122 881 1179 934 δὲ
1212 887 1323 948 πῦρ
1358 881 1482 949 ἔοιχ’
1517 882 1659 951 ἥξειν
1693 883 1862 949 ἄγων.

411 966 621 1031 Sapiunt
671 965 803 1014 enim
846 965 971 1014 haec
1005 964 1329 1028 Euripideum
1377 966 1645 1015 dictionem
1679 981 1737 1014 ac
1772 969 1887 1015 sunt
1917 962 2097 1014 similia

409 1048 499 1108 iis,
546 1062 672 1111 quae
716 1044 1026 1110 Hypsipyles
1061 1044 1273 1094 dramati
1304 1044 1584 1095 infuerunt:
1620 1041 1674 1104 ἐς
1703 1046 1810 1112 γῆν
1842 1041 2097 1110 φέροντες

409 1143 532 1195 νην·

542 1207 858 1256 Postremum
894 1222 1073 1256 munus
1113 1205 1370 1270 Polyidum
1397 1205 1563 1272 ipsum
1586 1205 1637 1255 in
1663 1205 1950 1270 sepulcrum
1976 1204 2094 1255 mit-

410 1293 519 1339 tere
564 1288 823 1351 vivumque
870 1287 975 1335 filio
1023 1287 1251 1335 comitem
1297 1285 1483 1335 addere
1516 1286 1753 1335 decrevit.
1822 1284 1972 1335 lussit
2002 1284 2095 1348 igi-

409 1375 491 1419 tur
525 1383 780 1433 augurem,
815 1366 883 1414 nil
917 1366 1020 1415 tale
1055 1367 1322 1431 opinatum,
1358 1366 1409 1414 in
1442 1370 1757 1415 monumento
1790 1365 2004 1427 includi,
2039 1370 2095 1414 ut

408 1451 557 1499 vitam
604 1455 800 1496 mortuo
848 1448 1166 1507 restitueret,
1214 1451 1265 1494 et
1311 1445 1529 1510 gladium
1579 1446 1847 1512 apponi*).
1925 1443 2095 1496 Verba

408 1527 696 1595 imperantis
731 1527 858 1577 haec
893 1527 998 1576 sola
1033 1531 1316 1575 servantur:

543 1601 688 1658 οἶσθ’
725 1598 827 1656 οὖν
860 1601 890 1657 ὃ
923 1605 1158 1671 δρᾶσονς

407 1691 462 1742 ld
497 1705 615 1739 vero
648 1688 912 1751 imperium
948 1687 1216 1752 superbum
1252 1691 1305 1736 et
1337 1686 1542 1737 crudele
1577 1702 1691 1737 esse
1722 1686 1903 1736 merito
1936 1685 2095 1734 visum

410 1776 487 1822 est
520 1769 748 1833 Polyido.
818 1766 1092 1817 Testantur
1124 1767 1305 1830 verba,
1340 1767 1517 1832 quibus
1551 1773 1603 1816 et
1634 1768 1796 1832 ipsum
1828 1771 2094 1832 tyrannum

409 1858 461 1903 et
491 1850 746 1900 adiutores
780 1848 888 1920 eius
923 1849 1045 1896 satis
1078 1847 1269 1913 asperis
1285 1846 1522 1897 ’vexavitz

539 1929 803 1990 πλουτεῖς,
837 1925 902 1978 τὰ
937 1926 986 1979 δ’
1021 1929 1155 1977 ἄλλα
1189 1923 1262 1993 μὴ
1297 1925 1441 1978 δόκει
1475 1924 1707 1989 ξυνιέναι
1722 1923 1832 1990 **)·

541 2008 601 2060 ἐν
633 2009 707 2077 τῷ
741 2006 843 2074 γὰρ
876 2008 1021 2074 ὄλβῳ
1057 2008 1330 2074 φαυλότης
1362 2006 1529 2059 ἔνεστί
1561 2023 1655 2070 τις,

540 2087 698 2141 πενία
733 2087 791 2139 δὲ
826 2088 1026 2155 σοφίαν
1056 2086 1203 2155 ἔλαχε
1238 2087 1328 2140 διὰ
1360 2088 1422 2140 τὸ
1457 2084 1730 2154 δυςτυχές·

519 2242 684 2315 -βαρὺ
716 2247 778 2299 τὸ
811 2246 1009 2314 φόρημ’
1044 2248 1217 2314 οἴησις
1249 2247 1548 2313 ἀνθρώπου
1580 2245 1753 2298 κακοῦ
1772 2256 1785 2270 ·

542 2407 673 2460 ὅταν
705 2406 868 2469 κακός
900 2425 979 2468 τις
1012 2404 1073 2459 ἐν
1103 2407 1251 2460 πόλει
1281 2406 1491 2473 πράσσῃ
1524 2405 1714 2466 καλῶς,

542 2491 722 2542 νοσεῖν
753 2488 936 2555 τίθησι
968 2490 1078 2540 τῶν
1112 2487 1411 2554 ἀμεινόνων
1445 2484 1662 2553 φρένας,

540 2570 854 2637 παράδειγμ’
889 2567 1108 2636 ἔχοντας
1138 2571 1247 2621 τῶν
1279 2569 1459 2622 κακῶν
1493 2564 1763 2630 ἐξουσιῶν.

408 2651 631 2717 Denique
665 2653 818 2711 dolet,
855 2652 989 2716 quod
1011 2652 1303 2702 iuvenilibus
1328 2650 1514 2699 viribus
1536 2649 1805 2699 destitutus
1838 2646 2091 2712 potestate

407 2736 547 2781 caret
581 2731 679 2780 vim
713 2732 760 2780 vi
796 2731 1105 2796 depellendi:
1780 2782 1799 2789 f

542 2813 665 2877 φεῦ,
701 2813 825 2876 φεῦ,
858 2808 920 2861 τὸ
952 2812 1125 2878 γῆρας
1157 2809 1230 2870 ὡς
1262 2808 1363 2875 ἔχει
1395 2806 1594 2869 πολλὰς
1617 2806 1842 2866 νόσους.

542 2892 727 2941 Contra
771 2891 975 2955 Minos,
1026 2897 1082 2941 ut
1126 2891 1263 2956 paria
1307 2891 1509 2955 paribus
1549 2889 1766 2949 referat,
1812 2883 2088 2951 sapientem

407 2986 521 3022 esse
554 2976 706 3037 negat
737 2987 869 3034 eum,
906 2972 990 3037 qui
1022 2971 1272 3021 moderari
1306 2971 1468 3021 animo
1503 2985 1596 3021 suo
1629 2967 1847 3019 nesciat:

461 3165 511 3221 ἢ
541 3165 752 3209 Tzetzes:
783 3163 1147 3220 σνναπεκλείσθη
1178 3162 1305 3222 αὐτῷ
1324 3162 1374 3209 ἔν
1392 3180 1486 3209 τινι
1510 3161 1743 3218 οἰκήματι,
1771 3153 1886 3208 ὅστε
1908 3158 2086 3210 §meacm

544 3232 702 3280 αὐτόν.
762 3236 994 3293 Hyginus:
1031 3235 1181 3278 Minos
1224 3235 1350 3279 iubet
1389 3249 1494 3278 eum
1536 3247 1639 3276 cum
1675 3242 1816 3286 puero
1844 3227 1890 3270 in
1924 3240 2084 3271 monu-

543 3310 694 3348 mento
722 3305 889 3349 includi
917 3311 962 3350 et
989 3305 1192 3364 gladium
1223 3305 1342 3360 poni.

429 3374 508 3431 Ἣ)
535 3376 681 3434 Vulgo
709 3372 773 3432 μὴ
803 3378 970 3429 δοκεῖς.
1028 3375 1232 3419 Correxit
1257 3374 1466 3419 Meineke
1492 3383 1768 3430 programm.
1796 3365 1925 3415 1843.
