2170 3848
949 247 1028 303 31

151 410 278 462 qnae
322 392 491 442 facere
525 391 707 454 nollet,
757 393 906 442 maris
941 393 1084 443 undis
1116 398 1172 441 et
1203 396 1368 440 terrae
1402 395 1541 440 motu
1576 394 1627 439 et
1659 388 1827 445 fulmi-

151 476 230 526 nis
265 474 313 522 vi
346 473 691 521 vehementius
726 473 774 522 in
812 478 983 538 pectus
1018 471 1247 520 Herculis
1281 471 1446 531 irruit,
1480 471 1737 527 effectura,
1773 473 1831 518 ut

149 555 332 606 liberos
366 552 636 601 interficiat
669 554 968 616 domumque
1003 553 1224 619 subruat.
1281 551 1480 615 Iamque
1511 552 1596 599 ille
1630 552 1832 614 quassat

63 647 69 653 “
151 641 318 700 caput,
344 633 620 696 distorquet
644 632 841 693 lumina,
869 632 1005 680 ducit
1032 632 1297 691 anhelitus,
1325 632 1479 696 mugit
1512 632 1666 679 instar
1701 628 1832 678 tauri

151 731 366 782 pugnam
396 712 657 772 molientis,
684 712 838 760 furias
866 712 1061 760 invocat
1090 711 1309 771 Tartari3
1344 717 1451 761 tum
1485 710 1829 764 vehementius

153 811 266 844 eum
317 799 618 842 commotura
652 791 803 840 Furia
850 793 896 840 in
943 792 1091 840 aedes
1136 792 1411 850 invehitur,
1460 791 1547 839 lris
1582 796 1748 839 autem
1782 790 1831 839 in

154 874 421 939 Olympum
456 869 601 919 redit.
671 871 917 935 Incipiunt
952 873 1165 920 lamenta
1200 872 1509 935 eiulatusque
1544 871 1682 919 chori
1716 887 1832 934 par-

151 943 238 1002 tiin
264 951 563 1016 deplorantis
582 953 761 1014 partim
788 952 1108 1016 significantis
1138 969 1262 1016 quae
1289 958 1498 1017 aguntur
1520 952 1660 999 intra.
1709 948 1831 1012 Vae,

151 1033 244 1081 flos
268 1029 519 1087 ,Graeciae
555 1038 803 1090 vastatur,
839 1034 910 1080 vir
945 1034 1130 1097 optime
1165 1033 1370 1080 meritus
1405 1032 1576 1080 furore
1610 1046 1834 1078 corrum-

150 1111 316 1176 pitur!
372 1109 495 1159 Mox
529 1112 668 1162 liberi
706 1113 860 1178 patris
895 1130 1040 1161 manu
1075 1113 1208 1160 caesi
1243 1112 1580 1176 exspirabunt,
1614 1111 1835 1160 interibit

149 1198 319 1264 proles
345 1196 473 1245 Iovis
507 1194 934 1242 innocentissima!
973 1193 1103 1242 Tum
1138 1193 1345 1240 furentis
1379 1192 1593 1257 tripudia
1628 1197 1678 1239 et
1711 1191 1834 1240 libe·

149 1295 318 1327 rorum
366 1277 482 1342 fuga
525 1283 673 1338 atque
722 1274 927 1322 eiulatus
977 1278 1029 1321 et
1064 1273 1297 1322 Herculis
1345 1272 1627 1336 persecutio
1676 1272 1834 1336 signi-

151 1359 378 1409 ficantur.
460 1355 568 1406 Vae
603 1355 881 1418 grandaevo
917 1352 1071 1417 patri,
1120 1369 1208 1402 vae
1244 1354 1391 1402 matri
1426 1354 1608 1411 altrici,
1655 1353 1833 1415 quibus

149 1437 538 1505 inspectantibus
566 1436 709 1484 liberi
743 1433 1076 1482 trucidantur!
1114 1434 1211 1482 lam
1247 1449 1362 1481 vero
1395 1433 1480 1481 ille
1514 1433 1723 1482 turbinis
1758 1433 1835 1482 in-

150 1525 257 1568 star
299 1517 498 1567 domum
548 1515 766 1564 concutit
797 1515 1033 1577 vellitque
1069 1515 1347 1572 columnam
1396 1514 1676 1578 prorumpit
1709 1529 1834 1562 unus

151 1614 181 1648 e
215 1598 404 1656 servis,
441 1598 540 1660 qui,
587 1601 848 1661 postquam
900 1611 960 1643 ex
1007 1601 1144 1643 metu
1192 1599 1343 1658 atque
1375 1594 1585 1642 horrore
1619 1594 1833 1643 animum

150 1678 363 1741 collegit,
392 1693 517 1735 rem,
543 1677 790 1741 quomodo
825 1681 967 1739 gesta
1003 1676 1083 1735 sit,
1119 1675 1290 1723 ordine
1326 1674 1542 1738 exponit.
1600 1673 1722 1722 Cum
1758 1675 1834 1723 iu-

149 1758 366 1808 terfecto
395 1757 716 1821 proiectoque
743 1755 876 1818 Lyco
913 1755 1109 1802 domum
1145 1754 1390 1802 Hercules
1427 1754 1670 1817 expiaret,
1706 1753 1836 1802 inter

150 1838 261 1903 ipsa
309 1853 449 1884 sacra
497 1841 705 1900 repente
741 1834 878 1882 furor
912 1843 1128 1883 mentem
1162 1834 1339 1882 invasit
1391 1834 1613 1896 dixitque
1648 1834 1834 1883 distor-

151 1917 219 1966 tis
264 1917 555 1975 luminibus,
604 1920 863 1980 spumante
911 1931 1026 1972 ore,
1075 1930 1253 1962 vesano
1290 1914 1421 1962 risu:
1473 1918 1678 1976 ,‚pater‚'
1714 1915 1834 1977 quid

151 1996 313 2046 lustro
347 1997 576 2051 domum,
611 1996 894 2058 priusquam
932 1994 1268 2043 interfecerim
1305 1994 1670 2059 Eurystheum,
1695 2010 1834 2060 cum,

150 2076 282 2125 illius
327 2075 490 2139 capite
534 2076 737 2138 insuper
772 2075 949 2133 allato,
1003 2091 1096 2122 una
1130 2090 1282 2138 opera
1317 2091 1421 2123 rem
1458 2075 1552 2123 rite
1589 2074 1836 2123 conficere

150 2151 365 2204 liceat‘3”
418 2154 607 2202 Deinde
653 2154 821 2202 statim
872 2155 1078 2202 abiectis
1125 2156 1277 2203 sacris
1326 2156 1636 2218 arreptisque
1683 2155 1835 2204 armis

148 2235 367 2284 imitatus
393 2241 471 2283 est
496 2235 714 2299 speciem
740 2235 970 2295 hominis,
1004 2237 1086 2297 qui
1122 2251 1269 2284 curru
1302 2236 1584 2293 veheretur,
1621 2235 1683 2284 ad
1720 2236 1834 2301 My-

149 2331 298 2365 cenas
333 2315 598 2364 dirueudas
634 2330 689 2363 se
726 2315 973 2379 proficisci
1008 2317 1195 2363 dicens.
1276 2314 1532 2378 Megaram
1567 2332 1622 2364 se
1654 2332 1833 2381 perve-

150 2396 285 2445 nisse
317 2401 524 2459 ‘putans
572 2395 711 2444 humi
758 2396 985 2444 recubuit
1031 2396 1300 2461 epulasque
1345 2411 1400 2444 se
1448 2412 1624 2460 parare
1673 2396 1831 2457 finxit,

148 2474 322 2525 Isthmi
356 2475 533 2540 positis
566 2477 788 2524 vestibus
823 2476 1059 2524 adversus
1097 2476 1340 2524 neminem
1376 2477 1599 2530 certavit,
1634 2485 1740 2525 tum
1777 2493 1832 2526 se

147 2556 260 2622 ipse
310 2557 548 2604 victorem
595 2557 920 2617 renuntiavit,
976 2557 1173 2620 iamque
1223 2557 1452 2605 confecto
1500 2558 1679 2604 itinere
1725 2557 1833 2606 dira

147 2634 435 2700 Eurystheo
457 2636 794 2697 minitabatur,
821 2654 971 2701 quum
997 2637 1296 2700 Amphitruo
1327 2653 1471 2685 manu
1501 2654 1615 2685 eum
1643 2637 1831 2685 contin-

149 2732 288 2782 gens,
318 2716 480 2776 „fili’'‚
511 2716 647 2776 dixit,
680 2718 832 2781 „quid
861 2718 1086 2782 pateris?
1122 2717 1354 2780 numquid
1383 2724 1434 2766 te
1461 2734 1608 2766 neces
1643 2734 1831 2779 eorum,

150 2810 273 2860 quos
306 2796 551 2854 occidisti,
588 2798 839 2862 exagitant
858 2795 918 2846 ‘3”
954 2799 1019 2846 At
1052 2799 1134 2845 ille
1171 2815 1299 2859 eum,
1336 2798 1606 2863 Eurysthei
1641 2804 1832 2861 patrem

150 2891 263 2925 esse
296 2883 460 2935 ratus,
496 2877 693 2941 repellit
741 2879 1002 2941 statimque
1036 2879 1086 2926 in
1119 2879 1279 2938 filios,
1315 2879 1626 2943 trepidantes
1681 2879 1831 2928 alium

147 2955 275 3016 alio,
315 2955 418 3004 tela
463 2955 657 3021 dirigit,
703 2959 1022 3007 clamantibus
1068 2965 1251 3017 matre,
1298 2965 1439 3021 patre
1485 2975 1541 3006 ac
1576 2959 1828 3008 ministris.

148 3035 314 3085 Alium
360 3041 478 3101 post
519 3037 793 3086 columnam
828 3039 1195 3102 confugientem
1230 3038 1486 3087 insecutus
1519 3040 1636 3087 telis
1670 3046 1832 3088 trans-

147 3113 285 3178 figit,
333 3114 536 3164 alterius
582 3116 642 3164 ad
678 3135 841 3182 genua
876 3119 1148 3167 accidentis
1183 3118 1319 3166 clava
1355 3126 1502 3183 caput
1539 3118 1831 3184 perfringit3

148 3195 349 3244 tertium
396 3202 556 3244 mater
601 3212 768 3252 secum
817 3199 866 3246 iu
903 3200 1135 3247 conclave
1169 3199 1345 3262 abripit
1379 3206 1646 3262 portasque
1682 3199 1829 3246 obse-

148 3278 258 3331 rat,
294 3290 415 3338 quas
451 3274 535 3323 ille
570 3277 709 3339 quasi
745 3278 991 3343 Cyclopea
1027 3280 1222 3327 moenia
1255 3278 1413 3338 fodit,
1457 3280 1701 3338 concutit,
1752 3277 1829 3326 ef-

146 3350 418 3417 fractisque
475 3356 675 3405 taudem
743 3359 967 3407 claustris
1018 3375 1222 3408 uxorem
1278 3366 1330 3408 et
1370 3360 1527 3407 filium
1579 3373 1674 3405 uno
1724 3357 1830 3407 ictu

145 3432 407 3499 transfigit.
470 3435 590 3486 lnde
611 3453 723 3487 cum
748 3440 894 3489 etiam
919 3441 981 3488 ad
1009 3439 1143 3489 senis
1171 3440 1373 3489 caedem
1399 3439 1633 3500 ferretur,
1667 3438 1830 3504 imago
