<?xml version="1.0" encoding="UTF-8"?>
<!DOCTYPE html PUBLIC "-//W3C//DTD XHTML 1.0 Transitional//EN"
    "http://www.w3.org/TR/xhtml1/DTD/xhtml1-transitional.dtd">
<html xmlns="http://www.w3.org/1999/xhtml" xml:lang="en" lang="en">
 <head>
  <title>
</title>
<meta http-equiv="Content-Type" content="text/html;charset=utf-8" />
  <meta name='ocr-system' content='tesseract 3.04.00' />
  <meta name='ocr-capabilities' content='ocr_page ocr_carea ocr_par ocr_line ocrx_word'/>
</head>
<body>
  <div class='ocr_page' id='page_1' title='image "./euripidesrestitu02hartuoft_0090.png"; bbox 0 0 2170 3848; ppageno 0'>
   <div class='ocr_carea' id='block_1_1' title="bbox 1203 273 1285 328">
    <p class='ocr_par' dir='ltr' id='par_1_1' title="bbox 1203 273 1285 328">
     <span class='ocr_line' id='line_1_1' title="bbox 1203 273 1285 328; baseline 0 0"><span class='ocrx_word' id='word_1_1' title='bbox 1203 273 1285 328; x_wconf 71' lang='lat'><strong>78</strong></span> 
     </span>
    </p>
   </div>
   <div class='ocr_carea' id='block_1_2' title="bbox 409 416 2072 2707">
    <p class='ocr_par' dir='ltr' id='par_1_2' title="bbox 409 416 2072 2707">
     <span class='ocr_line' id='line_1_2' title="bbox 416 416 2067 486; baseline 0.001 -17"><span class='ocrx_word' id='word_1_2' title='bbox 416 421 632 469; x_wconf 86' lang='lat' dir='ltr'><strong>tarunt</strong></span> <span class='ocrx_word' id='word_1_3' title='bbox 664 433 692 464; x_wconf 90' lang='lat' dir='ltr'><strong>a</strong></span> <span class='ocrx_word' id='word_1_4' title='bbox 726 416 1288 480; x_wconf 78' lang='lat' dir='ltr'><strong>LacedaemoniiS,</strong></span> <span class='ocrx_word' id='word_1_5' title='bbox 1335 424 1439 468; x_wconf 91' lang='lat' dir='ltr'><strong>tum</strong></span> <span class='ocrx_word' id='word_1_6' title='bbox 1471 417 1683 468; x_wconf 87' lang='lat' dir='ltr'><strong>Panacto</strong></span> <span class='ocrx_word' id='word_1_7' title='bbox 1717 420 1900 483; x_wconf 82' lang='lat' dir='ltr'><strong>exciso,</strong></span> <span class='ocrx_word' id='word_1_8' title='bbox 1934 422 2067 486; x_wconf 87' lang='lat' dir='ltr'><strong>quod</strong></span> 
     </span>
     <span class='ocr_line' id='line_1_3' title="bbox 413 495 2066 562; baseline 0.002 -15"><span class='ocrx_word' id='word_1_9' title='bbox 413 499 648 560; x_wconf 84' lang='lat' dir='ltr'><strong>integrum</strong></span> <span class='ocrx_word' id='word_1_10' title='bbox 694 495 821 544; x_wconf 89' lang='lat' dir='ltr'><strong>tradi</strong></span> <span class='ocrx_word' id='word_1_11' title='bbox 868 496 1107 560; x_wconf 90' lang='lat' dir='ltr'><strong>oportuit,</strong></span> <span class='ocrx_word' id='word_1_12' title='bbox 1163 502 1267 546; x_wconf 90' lang='lat' dir='ltr'><strong>tum</strong></span> <span class='ocrx_word' id='word_1_13' title='bbox 1323 499 1454 562; x_wconf 86' lang='lat' dir='ltr'><strong>quod</strong></span> <span class='ocrx_word' id='word_1_14' title='bbox 1500 497 1760 548; x_wconf 79' lang='lat' dir='ltr'><strong>audiebant</strong></span> <span class='ocrx_word' id='word_1_15' title='bbox 1797 500 1908 549; x_wconf 88' lang='lat' dir='ltr'><strong>illos</strong></span> <span class='ocrx_word' id='word_1_16' title='bbox 1953 516 2066 550; x_wconf 88' lang='lat' dir='ltr'><strong>cum</strong></span> 
     </span>
     <span class='ocr_line' id='line_1_4' title="bbox 414 575 2068 640; baseline 0.002 -14"><span class='ocrx_word' id='word_1_17' title='bbox 414 576 615 625; x_wconf 88' lang='lat' dir='ltr'><strong>Boeotis</strong></span> <span class='ocrx_word' id='word_1_18' title='bbox 661 575 942 623; x_wconf 88' lang='lat' dir='ltr'><strong>societatem</strong></span> <span class='ocrx_word' id='word_1_19' title='bbox 988 575 1227 634; x_wconf 80' lang='lat' dir='ltr'><strong>iunxisse,</strong></span> <span class='ocrx_word' id='word_1_20' title='bbox 1275 593 1423 640; x_wconf 88' lang='lat' dir='ltr'><strong>quum</strong></span> <span class='ocrx_word' id='word_1_21' title='bbox 1471 582 1611 625; x_wconf 88' lang='lat' dir='ltr'><strong>antea</strong></span> <span class='ocrx_word' id='word_1_22' title='bbox 1652 593 1708 626; x_wconf 91' lang='lat' dir='ltr'><strong>se</strong></span> <span class='ocrx_word' id='word_1_23' title='bbox 1745 580 2068 630; x_wconf 90' lang='lat' dir='ltr'><strong>communiter</strong></span> 
     </span>
     <span class='ocr_line' id='line_1_5' title="bbox 413 654 2066 725; baseline 0.003 -22"><span class='ocrx_word' id='word_1_24' title='bbox 413 655 670 704; x_wconf 88' lang='lat' dir='ltr'><strong>adacturos</strong></span> <span class='ocrx_word' id='word_1_25' title='bbox 703 655 764 703; x_wconf 89' lang='lat' dir='ltr'><strong>ad</strong></span> <span class='ocrx_word' id='word_1_26' title='bbox 798 654 1277 704; x_wconf 79' lang='lat' dir='ltr'><strong>confoederationem</strong></span> <span class='ocrx_word' id='word_1_27' title='bbox 1313 673 1427 716; x_wconf 92' lang='lat' dir='ltr'><strong>eos,</strong></span> <span class='ocrx_word' id='word_1_28' title='bbox 1463 658 1546 720; x_wconf 90' lang='lat' dir='ltr'><strong>qui</strong></span> <span class='ocrx_word' id='word_1_29' title='bbox 1578 665 1891 720; x_wconf 78' lang='lat' dir='ltr'><strong>recusarent,</strong></span> <span class='ocrx_word' id='word_1_30' title='bbox 1921 660 2066 725; x_wconf 86' lang='lat' dir='ltr'><strong>polli-</strong></span> 
     </span>
     <span class='ocr_line' id='line_1_6' title="bbox 413 733 2067 803; baseline 0.004 -21"><span class='ocrx_word' id='word_1_31' title='bbox 413 734 500 783; x_wconf 83' lang='lat' dir='ltr'><strong>citi</strong></span> <span class='ocrx_word' id='word_1_32' title='bbox 533 738 711 784; x_wconf 77' lang='lat' dir='ltr'><strong>essent.</strong></span> <span class='ocrx_word' id='word_1_33' title='bbox 778 733 915 781; x_wconf 91' lang='lat' dir='ltr'><strong>Haec</strong></span> <span class='ocrx_word' id='word_1_34' title='bbox 949 739 1096 796; x_wconf 87' lang='lat' dir='ltr'><strong>atque</strong></span> <span class='ocrx_word' id='word_1_35' title='bbox 1129 735 1222 782; x_wconf 88' lang='lat' dir='ltr'><strong>alia</strong></span> <span class='ocrx_word' id='word_1_36' title='bbox 1257 737 1641 797; x_wconf 75' lang='lat' dir='ltr'><strong>considerantes,</strong></span> <span class='ocrx_word' id='word_1_37' title='bbox 1676 752 1800 801; x_wconf 86' lang='lat' dir='ltr'><strong>quae</strong></span> <span class='ocrx_word' id='word_1_38' title='bbox 1833 753 1894 786; x_wconf 82' lang='lat' dir='ltr'><strong>ex</strong></span> <span class='ocrx_word' id='word_1_39' title='bbox 1924 744 2067 803; x_wconf 84' lang='lat' dir='ltr'><strong>pacto</strong></span> 
     </span>
     <span class='ocr_line' id='line_1_7' title="bbox 413 813 2066 880; baseline 0.002 -18"><span class='ocrx_word' id='word_1_40' title='bbox 413 819 600 862; x_wconf 84' lang='lat' dir='ltr'><strong>servata</strong></span> <span class='ocrx_word' id='word_1_41' title='bbox 622 829 716 861; x_wconf 91' lang='lat' dir='ltr'><strong>non</strong></span> <span class='ocrx_word' id='word_1_42' title='bbox 741 818 922 875; x_wconf 87' lang='lat' dir='ltr'><strong>essent,</strong></span> <span class='ocrx_word' id='word_1_43' title='bbox 958 813 1267 876; x_wconf 85' lang='lat' dir='ltr'><strong>deceptos</strong></span> <span class='ocrx_word' id='word_1_44' title='bbox 1303 832 1368 864; x_wconf 88' lang='lat' dir='ltr'><strong>se</strong></span> <span class='ocrx_word' id='word_1_45' title='bbox 1402 831 1553 864; x_wconf 90' lang='lat' dir='ltr'><strong>esse</strong></span> <span class='ocrx_word' id='word_1_46' title='bbox 1589 816 2066 880; x_wconf 73' lang='lat' dir='ltr'><strong>existimabant,</strong></span> 
     </span>
     <span class='ocr_line' id='line_1_8' title="bbox 413 892 2067 960; baseline 0.002 -18"><span class='ocrx_word' id='word_1_47' title='bbox 413 892 574 942; x_wconf 90' lang='lat' dir='ltr'><strong>adeo</strong></span> <span class='ocrx_word' id='word_1_48' title='bbox 619 898 684 940; x_wconf 89' lang='lat' dir='ltr'><strong>ut</strong></span> <span class='ocrx_word' id='word_1_49' title='bbox 718 908 855 941; x_wconf 91' lang='lat' dir='ltr'><strong>cum</strong></span> <span class='ocrx_word' id='word_1_50' title='bbox 892 908 1122 958; x_wconf 86' lang='lat' dir='ltr'><strong>aspero</strong></span> <span class='ocrx_word' id='word_1_51' title='bbox 1156 909 1473 959; x_wconf 83' lang='lat' dir='ltr'><strong>responso</strong></span> <span class='ocrx_word' id='word_1_52' title='bbox 1522 895 1780 960; x_wconf 81' lang='lat' dir='ltr'><strong>legatos</strong></span> <span class='ocrx_word' id='word_1_53' title='bbox 1817 895 2067 956; x_wconf 85' lang='lat' dir='ltr'><strong>Sparta-</strong></span> 
     </span>
     <span class='ocr_line' id='line_1_9' title="bbox 412 970 2069 1035; baseline 0.001 -13"><span class='ocrx_word' id='word_1_54' title='bbox 412 987 635 1022; x_wconf 83' lang='lat' dir='ltr'><strong>norum</strong></span> <span class='ocrx_word' id='word_1_55' title='bbox 669 970 1091 1023; x_wconf 83' lang='lat' dir='ltr'><strong>dimitterent.</strong></span> <span class='ocrx_word' id='word_1_56' title='bbox 1140 973 1302 1035; x_wconf 78' lang='lat' dir='ltr'><strong>Quum</strong></span> <span class='ocrx_word' id='word_1_57' title='bbox 1337 983 1470 1023; x_wconf 86' lang='lat' dir='ltr'><strong>esset</strong></span> <span class='ocrx_word' id='word_1_58' title='bbox 1502 973 1782 1024; x_wconf 90' lang='lat' dir='ltr'><strong>huiusmodi</strong></span> <span class='ocrx_word' id='word_1_59' title='bbox 1809 975 2069 1024; x_wconf 87' lang='lat' dir='ltr'><strong>dissidium</strong></span> 
     </span>
     <span class='ocr_line' id='line_1_10' title="bbox 412 1051 2069 1117; baseline 0.001 -16"><span class='ocrx_word' id='word_1_60' title='bbox 412 1052 778 1101; x_wconf 85' lang='lat' dir='ltr'><strong>Atheniensium</strong></span> <span class='ocrx_word' id='word_1_61' title='bbox 825 1057 969 1114; x_wconf 89' lang='lat' dir='ltr'><strong>atque</strong></span> <span class='ocrx_word' id='word_1_62' title='bbox 1006 1051 1379 1116; x_wconf 85' lang='lat' dir='ltr'><strong>Spartanorum,</strong></span> <span class='ocrx_word' id='word_1_63' title='bbox 1425 1055 1589 1102; x_wconf 89' lang='lat' dir='ltr'><strong>statim</strong></span> <span class='ocrx_word' id='word_1_64' title='bbox 1624 1055 1681 1114; x_wconf 91' lang='lat' dir='ltr'><strong>ii,</strong></span> <span class='ocrx_word' id='word_1_65' title='bbox 1730 1054 1813 1117; x_wconf 89' lang='lat' dir='ltr'><strong>qui</strong></span> <span class='ocrx_word' id='word_1_66' title='bbox 1858 1054 2069 1103; x_wconf 86' lang='lat' dir='ltr'><strong>Athenis</strong></span> 
     </span>
     <span class='ocr_line' id='line_1_11' title="bbox 412 1131 2067 1196; baseline 0.001 -16"><span class='ocrx_word' id='word_1_67' title='bbox 412 1132 570 1180; x_wconf 89' lang='lat' dir='ltr'><strong>soluta</strong></span> <span class='ocrx_word' id='word_1_68' title='bbox 603 1131 807 1178; x_wconf 86' lang='lat' dir='ltr'><strong>foedera</strong></span> <span class='ocrx_word' id='word_1_69' title='bbox 841 1131 1131 1195; x_wconf 85' lang='lat' dir='ltr'><strong>cupiebant,</strong></span> <span class='ocrx_word' id='word_1_70' title='bbox 1164 1133 1279 1180; x_wconf 89' lang='lat' dir='ltr'><strong>huic</strong></span> <span class='ocrx_word' id='word_1_71' title='bbox 1312 1134 1383 1180; x_wconf 87' lang='lat' dir='ltr'><strong>rei</strong></span> <span class='ocrx_word' id='word_1_72' title='bbox 1418 1133 1714 1182; x_wconf 86' lang='lat' dir='ltr'><strong>efficiendae</strong></span> <span class='ocrx_word' id='word_1_73' title='bbox 1746 1149 1944 1196; x_wconf 87' lang='lat' dir='ltr'><strong>operam</strong></span> <span class='ocrx_word' id='word_1_74' title='bbox 1979 1134 2067 1182; x_wconf 88' lang='lat' dir='ltr'><strong>de-</strong></span> 
     </span>
     <span class='ocr_line' id='line_1_12' title="bbox 413 1210 2069 1273; baseline 0.001 -13"><span class='ocrx_word' id='word_1_75' title='bbox 413 1211 617 1271; x_wconf 88' lang='lat' dir='ltr'><strong>derunt,</strong></span> <span class='ocrx_word' id='word_1_76' title='bbox 655 1226 763 1259; x_wconf 90' lang='lat' dir='ltr'><strong>cum</strong></span> <span class='ocrx_word' id='word_1_77' title='bbox 798 1210 894 1269; x_wconf 82' lang='lat' dir='ltr'><strong>alii,</strong></span> <span class='ocrx_word' id='word_1_78' title='bbox 929 1218 1030 1258; x_wconf 90' lang='lat' dir='ltr'><strong>tum</strong></span> <span class='ocrx_word' id='word_1_79' title='bbox 1067 1212 1361 1273; x_wconf 87' lang='lat' dir='ltr'><strong>Alcibiades,</strong></span> <span class='ocrx_word' id='word_1_80' title='bbox 1400 1212 1583 1261; x_wconf 88' lang='lat' dir='ltr'><strong>Cliniae</strong></span> <span class='ocrx_word' id='word_1_81' title='bbox 1616 1213 1766 1270; x_wconf 89' lang='lat' dir='ltr'><strong>filius,</strong></span> <span class='ocrx_word' id='word_1_82' title='bbox 1802 1213 1872 1259; x_wconf 88' lang='lat' dir='ltr'><strong>vir</strong></span> <span class='ocrx_word' id='word_1_83' title='bbox 1907 1216 2069 1261; x_wconf 86' lang='lat' dir='ltr'><strong>aetate</strong></span> 
     </span>
     <span class='ocr_line' id='line_1_13' title="bbox 411 1289 2069 1356; baseline 0 -16"><span class='ocrx_word' id='word_1_84' title='bbox 411 1291 627 1355; x_wconf 87' lang='lat' dir='ltr'><strong>quidem,</strong></span> <span class='ocrx_word' id='word_1_85' title='bbox 662 1298 714 1337; x_wconf 90' lang='lat' dir='ltr'><strong>ut</strong></span> <span class='ocrx_word' id='word_1_86' title='bbox 749 1289 855 1353; x_wconf 87' lang='lat' dir='ltr'><strong>quis</strong></span> <span class='ocrx_word' id='word_1_87' title='bbox 890 1291 940 1336; x_wconf 89' lang='lat' dir='ltr'><strong>in</strong></span> <span class='ocrx_word' id='word_1_88' title='bbox 974 1290 1066 1338; x_wconf 87' lang='lat' dir='ltr'><strong>alia</strong></span> <span class='ocrx_word' id='word_1_89' title='bbox 1101 1292 1313 1352; x_wconf 88' lang='lat' dir='ltr'><strong>civitate,</strong></span> <span class='ocrx_word' id='word_1_90' title='bbox 1347 1293 1597 1340; x_wconf 88' lang='lat' dir='ltr'><strong>etiamtum</strong></span> <span class='ocrx_word' id='word_1_91' title='bbox 1623 1293 1795 1353; x_wconf 89' lang='lat' dir='ltr'><strong>minor,</strong></span> <span class='ocrx_word' id='word_1_92' title='bbox 1830 1291 2069 1356; x_wconf 80' lang='lat' dir='ltr'><strong>dignitate</strong></span> 
     </span>
     <span class='ocr_line' id='line_1_14' title="bbox 411 1370 2069 1421; baseline -0.001 -1"><span class='ocrx_word' id='word_1_93' title='bbox 411 1376 573 1420; x_wconf 90' lang='lat' dir='ltr'><strong>autem</strong></span> <span class='ocrx_word' id='word_1_94' title='bbox 622 1370 862 1417; x_wconf 89' lang='lat' dir='ltr'><strong>maiorum</strong></span> <span class='ocrx_word' id='word_1_95' title='bbox 918 1371 1311 1419; x_wconf 89' lang='lat' dir='ltr'><strong>commendatus:</strong></span> <span class='ocrx_word' id='word_1_96' title='bbox 1374 1372 1452 1419; x_wconf 91' lang='lat' dir='ltr'><strong>cui</strong></span> <span class='ocrx_word' id='word_1_97' title='bbox 1498 1372 1652 1420; x_wconf 87' lang='lat' dir='ltr'><strong>satius</strong></span> <span class='ocrx_word' id='word_1_98' title='bbox 1700 1372 1960 1421; x_wconf 80' lang='lat' dir='ltr'><strong>videbatur</strong></span> <span class='ocrx_word' id='word_1_99' title='bbox 2005 1371 2069 1420; x_wconf 89' lang='lat' dir='ltr'><strong>ad</strong></span> 
     </span>
     <span class='ocr_line' id='line_1_15' title="bbox 410 1449 2067 1515; baseline -0.001 -15"><span class='ocrx_word' id='word_1_100' title='bbox 410 1450 616 1514; x_wconf 79' lang='lat' dir='ltr'><strong>Argivos</strong></span> <span class='ocrx_word' id='word_1_101' title='bbox 650 1449 833 1513; x_wconf 87' lang='lat' dir='ltr'><strong>potius,</strong></span> <span class='ocrx_word' id='word_1_102' title='bbox 871 1465 1013 1512; x_wconf 86' lang='lat' dir='ltr'><strong>quam</strong></span> <span class='ocrx_word' id='word_1_103' title='bbox 1049 1450 1110 1497; x_wconf 89' lang='lat' dir='ltr'><strong>ad</strong></span> <span class='ocrx_word' id='word_1_104' title='bbox 1134 1449 1570 1512; x_wconf 85' lang='lat' dir='ltr'><strong>Lacedaemonios,</strong></span> <span class='ocrx_word' id='word_1_105' title='bbox 1604 1467 1658 1499; x_wconf 90' lang='lat' dir='ltr'><strong>se</strong></span> <span class='ocrx_word' id='word_1_106' title='bbox 1685 1451 1949 1515; x_wconf 87' lang='lat' dir='ltr'><strong>applicare,</strong></span> <span class='ocrx_word' id='word_1_107' title='bbox 1984 1466 2067 1499; x_wconf 87' lang='lat' dir='ltr'><strong>ce-</strong></span> 
     </span>
     <span class='ocr_line' id='line_1_16' title="bbox 409 1527 2070 1595; baseline 0 -16"><span class='ocrx_word' id='word_1_108' title='bbox 409 1535 568 1579; x_wconf 91' lang='lat' dir='ltr'><strong>terum</strong></span> <span class='ocrx_word' id='word_1_109' title='bbox 604 1529 751 1577; x_wconf 87' lang='lat' dir='ltr'><strong>etiam</strong></span> <span class='ocrx_word' id='word_1_110' title='bbox 785 1529 1050 1576; x_wconf 87' lang='lat' dir='ltr'><strong>ambitione</strong></span> <span class='ocrx_word' id='word_1_111' title='bbox 1086 1527 1367 1578; x_wconf 85' lang='lat' dir='ltr'><strong>foederibus</strong></span> <span class='ocrx_word' id='word_1_112' title='bbox 1401 1530 1611 1578; x_wconf 87' lang='lat' dir='ltr'><strong>infestus</strong></span> <span class='ocrx_word' id='word_1_113' title='bbox 1647 1535 1784 1590; x_wconf 90' lang='lat' dir='ltr'><strong>erat,</strong></span> <span class='ocrx_word' id='word_1_114' title='bbox 1820 1546 1945 1595; x_wconf 86' lang='lat' dir='ltr'><strong>quae</strong></span> <span class='ocrx_word' id='word_1_115' title='bbox 1979 1546 2070 1594; x_wconf 86' lang='lat' dir='ltr'><strong>per</strong></span> 
     </span>
     <span class='ocr_line' id='line_1_17' title="bbox 409 1608 2070 1673; baseline 0.001 -16"><span class='ocrx_word' id='word_1_116' title='bbox 409 1609 602 1658; x_wconf 89' lang='lat' dir='ltr'><strong>Niciam</strong></span> <span class='ocrx_word' id='word_1_117' title='bbox 638 1615 687 1656; x_wconf 89' lang='lat' dir='ltr'><strong>et</strong></span> <span class='ocrx_word' id='word_1_118' title='bbox 719 1608 1002 1665; x_wconf 81' lang='lat' dir='ltr'><strong>Lachetem,</strong></span> <span class='ocrx_word' id='word_1_119' title='bbox 1039 1615 1283 1656; x_wconf 89' lang='lat' dir='ltr'><strong>contemta</strong></span> <span class='ocrx_word' id='word_1_120' title='bbox 1315 1609 1466 1673; x_wconf 89' lang='lat' dir='ltr'><strong>ipsius</strong></span> <span class='ocrx_word' id='word_1_121' title='bbox 1501 1609 1857 1670; x_wconf 89' lang='lat' dir='ltr'><strong>adolescentia,</strong></span> <span class='ocrx_word' id='word_1_122' title='bbox 1905 1610 2070 1659; x_wconf 86' lang='lat' dir='ltr'><strong>Lace—</strong></span> 
     </span>
     <span class='ocr_line' id='line_1_18' title="bbox 409 1687 2069 1753; baseline -0.001 -15"><span class='ocrx_word' id='word_1_123' title='bbox 409 1688 652 1738; x_wconf 89' lang='lat' dir='ltr'><strong>daemonii</strong></span> <span class='ocrx_word' id='word_1_124' title='bbox 683 1688 940 1747; x_wconf 70' lang='lat' dir='ltr'><strong>fecissent,</strong></span> <span class='ocrx_word' id='word_1_125' title='bbox 974 1687 1298 1751; x_wconf 85' lang='lat' dir='ltr'><strong>neglectoque</strong></span> <span class='ocrx_word' id='word_1_126' title='bbox 1331 1688 1513 1736; x_wconf 82' lang='lat' dir='ltr'><strong>vetusti</strong></span> <span class='ocrx_word' id='word_1_127' title='bbox 1544 1688 1654 1737; x_wconf 90' lang='lat' dir='ltr'><strong>iure</strong></span> <span class='ocrx_word' id='word_1_128' title='bbox 1685 1689 1903 1753; x_wconf 88' lang='lat' dir='ltr'><strong>hospitii,</strong></span> <span class='ocrx_word' id='word_1_129' title='bbox 1937 1690 2069 1752; x_wconf 89' lang='lat' dir='ltr'><strong>quod</strong></span> 
     </span>
     <span class='ocr_line' id='line_1_19' title="bbox 409 1766 2068 1832; baseline 0 -14"><span class='ocrx_word' id='word_1_130' title='bbox 409 1770 470 1818; x_wconf 93' lang='lat' dir='ltr'><strong>ab</strong></span> <span class='ocrx_word' id='word_1_131' title='bbox 503 1784 591 1817; x_wconf 87' lang='lat' dir='ltr'><strong>avo</strong></span> <span class='ocrx_word' id='word_1_132' title='bbox 626 1767 939 1831; x_wconf 90' lang='lat' dir='ltr'><strong>repudiatum</strong></span> <span class='ocrx_word' id='word_1_133' title='bbox 972 1766 1080 1830; x_wconf 89' lang='lat' dir='ltr'><strong>ipse</strong></span> <span class='ocrx_word' id='word_1_134' title='bbox 1114 1782 1348 1814; x_wconf 77' lang='lat' dir='ltr'><strong>renovare</strong></span> <span class='ocrx_word' id='word_1_135' title='bbox 1381 1768 1636 1816; x_wconf 86' lang='lat' dir='ltr'><strong>studuerat</strong></span> <span class='ocrx_word' id='word_1_136' title='bbox 1658 1768 1856 1830; x_wconf 86' lang='lat' dir='ltr'><strong>officiis,</strong></span> <span class='ocrx_word' id='word_1_137' title='bbox 1892 1769 2068 1832; x_wconf 87' lang='lat' dir='ltr'><strong>quibus</strong></span> 
     </span>
     <span class='ocr_line' id='line_1_20' title="bbox 409 1846 2070 1914; baseline 0 -16"><span class='ocrx_word' id='word_1_138' title='bbox 409 1849 626 1914; x_wconf 83' lang='lat' dir='ltr'><strong>captivos</strong></span> <span class='ocrx_word' id='word_1_139' title='bbox 674 1863 734 1895; x_wconf 81' lang='lat' dir='ltr'><strong>ex</strong></span> <span class='ocrx_word' id='word_1_140' title='bbox 777 1846 900 1909; x_wconf 83' lang='lat' dir='ltr'><strong>Pylo</strong></span> <span class='ocrx_word' id='word_1_141' title='bbox 943 1852 1236 1910; x_wconf 87' lang='lat' dir='ltr'><strong>prosecutus</strong></span> <span class='ocrx_word' id='word_1_142' title='bbox 1285 1852 1407 1895; x_wconf 90' lang='lat' dir='ltr'><strong>erat.</strong></span> <span class='ocrx_word' id='word_1_143' title='bbox 1477 1846 1805 1908; x_wconf 77' lang='lat' dir='ltr'><strong>Quamobrem</strong></span> <span class='ocrx_word' id='word_1_144' title='bbox 1851 1849 2070 1912; x_wconf 86' lang='lat' dir='ltr'><strong>undique</strong></span> 
     </span>
     <span class='ocr_line' id='line_1_21' title="bbox 412 1925 2069 1987; baseline 0 -10"><span class='ocrx_word' id='word_1_145' title='bbox 412 1928 502 1978; x_wconf 89' lang='lat' dir='ltr'><strong>sibi</strong></span> <span class='ocrx_word' id='word_1_146' title='bbox 537 1927 600 1974; x_wconf 93' lang='lat' dir='ltr'><strong>de</strong></span> <span class='ocrx_word' id='word_1_147' title='bbox 637 1927 745 1974; x_wconf 90' lang='lat' dir='ltr'><strong>iure</strong></span> <span class='ocrx_word' id='word_1_148' title='bbox 778 1941 869 1973; x_wconf 91' lang='lat' dir='ltr'><strong>suo</strong></span> <span class='ocrx_word' id='word_1_149' title='bbox 905 1925 1178 1974; x_wconf 89' lang='lat' dir='ltr'><strong>detractum</strong></span> <span class='ocrx_word' id='word_1_150' title='bbox 1214 1942 1327 1974; x_wconf 89' lang='lat' dir='ltr'><strong>esse</strong></span> <span class='ocrx_word' id='word_1_151' title='bbox 1361 1927 1617 1987; x_wconf 85' lang='lat' dir='ltr'><strong>arbitrans,</strong></span> <span class='ocrx_word' id='word_1_152' title='bbox 1655 1933 1703 1974; x_wconf 90' lang='lat' dir='ltr'><strong>et</strong></span> <span class='ocrx_word' id='word_1_153' title='bbox 1723 1929 1781 1977; x_wconf 93' lang='lat' dir='ltr'><strong>ab</strong></span> <span class='ocrx_word' id='word_1_154' title='bbox 1810 1927 1949 1977; x_wconf 88' lang='lat' dir='ltr'><strong>initio</strong></span> <span class='ocrx_word' id='word_1_155' title='bbox 1972 1928 2069 1977; x_wconf 87' lang='lat' dir='ltr'><strong>La-</strong></span> 
     </span>
     <span class='ocr_line' id='line_1_22' title="bbox 413 2005 2072 2057; baseline 0 0"><span class='ocrx_word' id='word_1_156' title='bbox 413 2006 737 2057; x_wconf 89' lang='lat' dir='ltr'><strong>cedaemoniis</strong></span> <span class='ocrx_word' id='word_1_157' title='bbox 783 2006 1072 2054; x_wconf 80' lang='lat' dir='ltr'><strong>adversatus</strong></span> <span class='ocrx_word' id='word_1_158' title='bbox 1119 2011 1197 2053; x_wconf 89' lang='lat' dir='ltr'><strong>est</strong></span> <span class='ocrx_word' id='word_1_159' title='bbox 1237 2005 1443 2053; x_wconf 90' lang='lat' dir='ltr'><strong>dicendo</strong></span> <span class='ocrx_word' id='word_1_160' title='bbox 1476 2006 1588 2053; x_wconf 91' lang='lat' dir='ltr'><strong>illos</strong></span> <span class='ocrx_word' id='word_1_161' title='bbox 1621 2006 1840 2055; x_wconf 82' lang='lat' dir='ltr'><strong>infirmos</strong></span> <span class='ocrx_word' id='word_1_162' title='bbox 1875 2023 1987 2056; x_wconf 88' lang='lat' dir='ltr'><strong>esse</strong></span> <span class='ocrx_word' id='word_1_163' title='bbox 2020 2013 2072 2057; x_wconf 89' lang='lat' dir='ltr'><strong>et</strong></span> 
     </span>
     <span class='ocr_line' id='line_1_23' title="bbox 412 2084 2070 2151; baseline 0.001 -16"><span class='ocrx_word' id='word_1_164' title='bbox 412 2103 470 2135; x_wconf 90' lang='lat' dir='ltr'><strong>ea</strong></span> <span class='ocrx_word' id='word_1_165' title='bbox 504 2101 678 2135; x_wconf 86' lang='lat' dir='ltr'><strong>caussa</strong></span> <span class='ocrx_word' id='word_1_166' title='bbox 711 2084 915 2133; x_wconf 87' lang='lat' dir='ltr'><strong>foedera</strong></span> <span class='ocrx_word' id='word_1_167' title='bbox 961 2101 1072 2133; x_wconf 91' lang='lat' dir='ltr'><strong>cum</strong></span> <span class='ocrx_word' id='word_1_168' title='bbox 1105 2084 1481 2133; x_wconf 86' lang='lat' dir='ltr'><strong>Atheniensibus</strong></span> <span class='ocrx_word' id='word_1_169' title='bbox 1515 2087 1846 2148; x_wconf 74' lang='lat' dir='ltr'><strong>percussisse,</strong></span> <span class='ocrx_word' id='word_1_170' title='bbox 1892 2091 1951 2135; x_wconf 92' lang='lat' dir='ltr'><strong>ut</strong></span> <span class='ocrx_word' id='word_1_171' title='bbox 1978 2103 2070 2151; x_wconf 88' lang='lat' dir='ltr'><strong>per</strong></span> 
     </span>
     <span class='ocr_line' id='line_1_24' title="bbox 412 2165 2069 2229; baseline 0 -14"><span class='ocrx_word' id='word_1_172' title='bbox 412 2166 535 2215; x_wconf 88' lang='lat' dir='ltr'><strong>haec</strong></span> <span class='ocrx_word' id='word_1_173' title='bbox 567 2165 626 2212; x_wconf 87' lang='lat' dir='ltr'><strong>ab</strong></span> <span class='ocrx_word' id='word_1_174' title='bbox 661 2165 949 2229; x_wconf 73' lang='lat' dir='ltr'><strong>iis‘Argivos</strong></span> <span class='ocrx_word' id='word_1_175' title='bbox 983 2165 1283 2212; x_wconf 89' lang='lat' dir='ltr'><strong>abducerent</strong></span> <span class='ocrx_word' id='word_1_176' title='bbox 1320 2180 1586 2227; x_wconf 87' lang='lat' dir='ltr'><strong>rursusque</strong></span> <span class='ocrx_word' id='word_1_177' title='bbox 1618 2165 1947 2214; x_wconf 85' lang='lat' dir='ltr'><strong>Athenienses</strong></span> <span class='ocrx_word' id='word_1_178' title='bbox 1980 2167 2069 2215; x_wconf 87' lang='lat' dir='ltr'><strong>de-</strong></span> 
     </span>
     <span class='ocr_line' id='line_1_25' title="bbox 414 2243 2072 2305; baseline 0 -11"><span class='ocrx_word' id='word_1_179' title='bbox 414 2245 596 2295; x_wconf 88' lang='lat' dir='ltr'><strong>solatos</strong></span> <span class='ocrx_word' id='word_1_180' title='bbox 625 2244 946 2303; x_wconf 88' lang='lat' dir='ltr'><strong>adorirentur,</strong></span> <span class='ocrx_word' id='word_1_181' title='bbox 981 2247 1031 2291; x_wconf 88' lang='lat' dir='ltr'><strong>et</strong></span> <span class='ocrx_word' id='word_1_182' title='bbox 1064 2248 1188 2303; x_wconf 87' lang='lat' dir='ltr'><strong>tum,</strong></span> <span class='ocrx_word' id='word_1_183' title='bbox 1221 2259 1333 2291; x_wconf 90' lang='lat' dir='ltr'><strong>cum</strong></span> <span class='ocrx_word' id='word_1_184' title='bbox 1365 2243 1609 2292; x_wconf 86' lang='lat' dir='ltr'><strong>discordia</strong></span> <span class='ocrx_word' id='word_1_185' title='bbox 1643 2244 1932 2305; x_wconf 88' lang='lat' dir='ltr'><strong>exstitisset,</strong></span> <span class='ocrx_word' id='word_1_186' title='bbox 1967 2246 2072 2294; x_wconf 74' lang='lat' dir='ltr'><strong>aine</strong></span> 
     </span>
     <span class='ocr_line' id='line_1_26' title="bbox 413 2323 2072 2387; baseline -0.001 -12"><span class='ocrx_word' id='word_1_187' title='bbox 413 2340 549 2375; x_wconf 88' lang='lat' dir='ltr'><strong>mora</strong></span> <span class='ocrx_word' id='word_1_188' title='bbox 586 2324 649 2372; x_wconf 89' lang='lat' dir='ltr'><strong>ad</strong></span> <span class='ocrx_word' id='word_1_189' title='bbox 682 2323 885 2387; x_wconf 81' lang='lat' dir='ltr'><strong>Argivos</strong></span> <span class='ocrx_word' id='word_1_190' title='bbox 917 2324 1137 2387; x_wconf 85' lang='lat' dir='ltr'><strong>privatim</strong></span> <span class='ocrx_word' id='word_1_191' title='bbox 1171 2323 1328 2383; x_wconf 84' lang='lat' dir='ltr'><strong>misit,</strong></span> <span class='ocrx_word' id='word_1_192' title='bbox 1378 2323 1551 2371; x_wconf 88' lang='lat' dir='ltr'><strong>iubens</strong></span> <span class='ocrx_word' id='word_1_193' title='bbox 1584 2323 1694 2372; x_wconf 87' lang='lat' dir='ltr'><strong>illos</strong></span> <span class='ocrx_word' id='word_1_194' title='bbox 1728 2340 1872 2386; x_wconf 89' lang='lat' dir='ltr'><strong>quam</strong></span> <span class='ocrx_word' id='word_1_195' title='bbox 1907 2325 2072 2374; x_wconf 90' lang='lat' dir='ltr'><strong>celer-</strong></span> 
     </span>
     <span class='ocr_line' id='line_1_27' title="bbox 413 2403 2071 2468; baseline -0.001 -14"><span class='ocrx_word' id='word_1_196' title='bbox 413 2405 539 2454; x_wconf 91' lang='lat' dir='ltr'><strong>rime</strong></span> <span class='ocrx_word' id='word_1_197' title='bbox 557 2404 619 2453; x_wconf 88' lang='lat' dir='ltr'><strong>ad</strong></span> <span class='ocrx_word' id='word_1_198' title='bbox 644 2403 930 2452; x_wconf 87' lang='lat' dir='ltr'><strong>societatem</strong></span> <span class='ocrx_word' id='word_1_199' title='bbox 962 2408 1252 2468; x_wconf 79' lang='lat' dir='ltr'><strong>provocatos</strong></span> <span class='ocrx_word' id='word_1_200' title='bbox 1276 2403 1445 2451; x_wconf 87' lang='lat' dir='ltr'><strong>venire</strong></span> <span class='ocrx_word' id='word_1_201' title='bbox 1478 2419 1574 2453; x_wconf 90' lang='lat' dir='ltr'><strong>una</strong></span> <span class='ocrx_word' id='word_1_202' title='bbox 1601 2419 1712 2452; x_wconf 91' lang='lat' dir='ltr'><strong>cum</strong></span> <span class='ocrx_word' id='word_1_203' title='bbox 1730 2403 1995 2453; x_wconf 87' lang='lat' dir='ltr'><strong>Mantineis</strong></span> <span class='ocrx_word' id='word_1_204' title='bbox 2018 2409 2071 2453; x_wconf 89' lang='lat' dir='ltr'><strong>et</strong></span> 
     </span>
     <span class='ocr_line' id='line_1_28' title="bbox 414 2483 2072 2547; baseline -0.001 -14"><span class='ocrx_word' id='word_1_205' title='bbox 414 2484 582 2533; x_wconf 81' lang='lat' dir='ltr'><strong>Eleis:</strong></span> <span class='ocrx_word' id='word_1_206' title='bbox 632 2489 960 2547; x_wconf 88' lang='lat' dir='ltr'><strong>opportunum</strong></span> <span class='ocrx_word' id='word_1_207' title='bbox 995 2484 1119 2532; x_wconf 90' lang='lat' dir='ltr'><strong>enim</strong></span> <span class='ocrx_word' id='word_1_208' title='bbox 1153 2485 1349 2547; x_wconf 83' lang='lat' dir='ltr'><strong>tempus</strong></span> <span class='ocrx_word' id='word_1_209' title='bbox 1383 2483 1615 2532; x_wconf 89' lang='lat' dir='ltr'><strong>incidisse</strong></span> <span class='ocrx_word' id='word_1_210' title='bbox 1648 2499 1816 2546; x_wconf 88' lang='lat' dir='ltr'><strong>seque,</strong></span> <span class='ocrx_word' id='word_1_211' title='bbox 1850 2488 1908 2532; x_wconf 93' lang='lat' dir='ltr'><strong>ut</strong></span> <span class='ocrx_word' id='word_1_212' title='bbox 1928 2484 2072 2532; x_wconf 88' lang='lat' dir='ltr'><strong>fieret</strong></span> 
     </span>
     <span class='ocr_line' id='line_1_29' title="bbox 414 2561 2070 2627; baseline -0.002 -14"><span class='ocrx_word' id='word_1_213' title='bbox 414 2564 620 2622; x_wconf 87' lang='lat' dir='ltr'><strong>foedus,</strong></span> <span class='ocrx_word' id='word_1_214' title='bbox 669 2562 963 2611; x_wconf 89' lang='lat' dir='ltr'><strong>annisurum.</strong></span> <span class='ocrx_word' id='word_1_215' title='bbox 1032 2563 1142 2625; x_wconf 75' lang='lat' dir='ltr'><strong>Quo</strong></span> <span class='ocrx_word' id='word_1_216' title='bbox 1185 2563 1352 2611; x_wconf 91' lang='lat' dir='ltr'><strong>nuntio</strong></span> <span class='ocrx_word' id='word_1_217' title='bbox 1397 2568 1601 2627; x_wconf 89' lang='lat' dir='ltr'><strong>accepto</strong></span> <span class='ocrx_word' id='word_1_218' title='bbox 1635 2562 1828 2624; x_wconf 83' lang='lat' dir='ltr'><strong>Argivi,</strong></span> <span class='ocrx_word' id='word_1_219' title='bbox 1875 2561 2070 2610; x_wconf 90' lang='lat' dir='ltr'><strong>omissis</strong></span> 
     </span>
     <span class='ocr_line' id='line_1_30' title="bbox 416 2641 2071 2707; baseline -0.002 -14"><span class='ocrx_word' id='word_1_220' title='bbox 416 2644 520 2694; x_wconf 90' lang='lat' dir='ltr'><strong>suis</strong></span> <span class='ocrx_word' id='word_1_221' title='bbox 553 2642 750 2707; x_wconf 86' lang='lat' dir='ltr'><strong>legatis,</strong></span> <span class='ocrx_word' id='word_1_222' title='bbox 801 2643 884 2706; x_wconf 91' lang='lat' dir='ltr'><strong>qui</strong></span> <span class='ocrx_word' id='word_1_223' title='bbox 928 2659 1039 2691; x_wconf 91' lang='lat' dir='ltr'><strong>cum</strong></span> <span class='ocrx_word' id='word_1_224' title='bbox 1071 2642 1469 2691; x_wconf 89' lang='lat' dir='ltr'><strong>Lacedaemoniis</strong></span> <span class='ocrx_word' id='word_1_225' title='bbox 1512 2644 1576 2690; x_wconf 90' lang='lat' dir='ltr'><strong>de</strong></span> <span class='ocrx_word' id='word_1_226' title='bbox 1618 2641 1823 2691; x_wconf 89' lang='lat' dir='ltr'><strong>foedere</strong></span> <span class='ocrx_word' id='word_1_227' title='bbox 1854 2641 2071 2690; x_wconf 89' lang='lat' dir='ltr'><strong>ineundo</strong></span> 
     </span>
    </p>
   </div>
   <div class='ocr_carea' id='block_1_3' title="bbox 415 2722 2155 2789">
    <p class='ocr_par' dir='ltr' id='par_1_3' title="bbox 415 2722 2155 2789">
     <span class='ocr_line' id='line_1_31' title="bbox 415 2722 2155 2789; baseline -0.001 -18"><span class='ocrx_word' id='word_1_228' title='bbox 415 2723 652 2789; x_wconf 81' lang='lat' dir='ltr'><strong>agebant,</strong></span> <span class='ocrx_word' id='word_1_229' title='bbox 695 2723 756 2770; x_wconf 90' lang='lat' dir='ltr'><strong>ad</strong></span> <span class='ocrx_word' id='word_1_230' title='bbox 801 2723 1124 2771; x_wconf 89' lang='lat' dir='ltr'><strong>Athenienses</strong></span> <span class='ocrx_word' id='word_1_231' title='bbox 1156 2729 1372 2770; x_wconf 88' lang='lat' dir='ltr'><strong>mentem</strong></span> <span class='ocrx_word' id='word_1_232' title='bbox 1405 2722 1746 2784; x_wconf 83' lang='lat' dir='ltr'><strong>adverterunt,</strong></span> <span class='ocrx_word' id='word_1_233' title='bbox 1788 2726 2072 2785; x_wconf 85' lang='lat' dir='ltr'><strong>reputantes</strong></span> <span class='ocrx_word' id='word_1_234' title='bbox 2150 2722 2155 2727; x_wconf 85' lang='lat'>&#39;</span> 
     </span>
    </p>
   </div>
   <div class='ocr_carea' id='block_1_4' title="bbox 415 2800 2072 3504">
    <p class='ocr_par' dir='ltr' id='par_1_4' title="bbox 415 2800 2072 3504">
     <span class='ocr_line' id='line_1_32' title="bbox 416 2800 2070 2867; baseline -0.002 -16"><span class='ocrx_word' id='word_1_235' title='bbox 416 2803 663 2852; x_wconf 81' lang='lat' dir='ltr'><strong>civitatem</strong></span> <span class='ocrx_word' id='word_1_236' title='bbox 698 2806 750 2850; x_wconf 90' lang='lat' dir='ltr'><strong>et</strong></span> <span class='ocrx_word' id='word_1_237' title='bbox 793 2802 985 2867; x_wconf 90' lang='lat' dir='ltr'><strong>pridem</strong></span> <span class='ocrx_word' id='word_1_238' title='bbox 1019 2803 1110 2850; x_wconf 89' lang='lat' dir='ltr'><strong>sibi</strong></span> <span class='ocrx_word' id='word_1_239' title='bbox 1144 2802 1346 2849; x_wconf 89' lang='lat' dir='ltr'><strong>amicam</strong></span> <span class='ocrx_word' id='word_1_240' title='bbox 1383 2800 1541 2849; x_wconf 88' lang='lat' dir='ltr'><strong>fuisse</strong></span> <span class='ocrx_word' id='word_1_241' title='bbox 1573 2806 1626 2849; x_wconf 92' lang='lat' dir='ltr'><strong>et</strong></span> <span class='ocrx_word' id='word_1_242' title='bbox 1658 2801 1883 2866; x_wconf 87' lang='lat' dir='ltr'><strong>populari</strong></span> <span class='ocrx_word' id='word_1_243' title='bbox 1911 2801 2070 2865; x_wconf 87' lang='lat' dir='ltr'><strong>impe-</strong></span> 
     </span>
     <span class='ocr_line' id='line_1_33' title="bbox 415 2879 2069 2946; baseline -0.003 -15"><span class='ocrx_word' id='word_1_244' title='bbox 415 2883 490 2932; x_wconf 88' lang='lat' dir='ltr'><strong>rio</strong></span> <span class='ocrx_word' id='word_1_245' title='bbox 523 2882 646 2946; x_wconf 85' lang='lat' dir='ltr'><strong>regi,</strong></span> <span class='ocrx_word' id='word_1_246' title='bbox 680 2881 1084 2944; x_wconf 86' lang='lat' dir='ltr'><strong>quemadmodum</strong></span> <span class='ocrx_word' id='word_1_247' title='bbox 1118 2883 1270 2945; x_wconf 90' lang='lat' dir='ltr'><strong>ipsos,</strong></span> <span class='ocrx_word' id='word_1_248' title='bbox 1306 2887 1358 2930; x_wconf 90' lang='lat' dir='ltr'><strong>et</strong></span> <span class='ocrx_word' id='word_1_249' title='bbox 1380 2881 1581 2928; x_wconf 87' lang='lat' dir='ltr'><strong>navibus</strong></span> <span class='ocrx_word' id='word_1_250' title='bbox 1605 2880 1868 2945; x_wconf 90' lang='lat' dir='ltr'><strong>plurimum</strong></span> <span class='ocrx_word' id='word_1_251' title='bbox 1892 2879 2069 2939; x_wconf 82' lang='lat' dir='ltr'><strong>valere,</strong></span> 
     </span>
     <span class='ocr_line' id='line_1_34' title="bbox 417 2957 2069 3028; baseline -0.005 -14"><span class='ocrx_word' id='word_1_252' title='bbox 417 2968 467 3014; x_wconf 87' lang='lat' dir='ltr'><strong>et</strong></span> <span class='ocrx_word' id='word_1_253' title='bbox 499 2979 675 3028; x_wconf 82' lang='lat' dir='ltr'><strong>magno</strong></span> <span class='ocrx_word' id='word_1_254' title='bbox 711 2962 820 3023; x_wconf 91' lang='lat' dir='ltr'><strong>sibi,</strong></span> <span class='ocrx_word' id='word_1_255' title='bbox 854 2963 895 3010; x_wconf 89' lang='lat' dir='ltr'><strong>si</strong></span> <span class='ocrx_word' id='word_1_256' title='bbox 921 2961 1103 3011; x_wconf 89' lang='lat' dir='ltr'><strong>bellum</strong></span> <span class='ocrx_word' id='word_1_257' title='bbox 1128 2967 1420 3022; x_wconf 86' lang='lat' dir='ltr'><strong>moveretur,</strong></span> <span class='ocrx_word' id='word_1_258' title='bbox 1454 2960 1702 3024; x_wconf 89' lang='lat' dir='ltr'><strong>praesidio</strong></span> <span class='ocrx_word' id='word_1_259' title='bbox 1723 2959 1884 3009; x_wconf 78' lang='lat' dir='ltr'><strong>fore-&#39;²</strong></span> <span class='ocrx_word' id='word_1_260' title='bbox 1930 2957 2069 3006; x_wconf 92' lang='lat' dir='ltr'><strong>Haec</strong></span> 
     </span>
     <span class='ocr_line' id='line_1_35' title="bbox 417 3037 2070 3107; baseline -0.005 -14"><span class='ocrx_word' id='word_1_261' title='bbox 417 3060 528 3093; x_wconf 90' lang='lat' dir='ltr'><strong>cum</strong></span> <span class='ocrx_word' id='word_1_262' title='bbox 574 3043 736 3107; x_wconf 86' lang='lat' dir='ltr'><strong>parari</strong></span> <span class='ocrx_word' id='word_1_263' title='bbox 783 3042 1125 3106; x_wconf 82' lang='lat' dir='ltr'><strong>cognovissent</strong></span> <span class='ocrx_word' id='word_1_264' title='bbox 1157 3041 1409 3106; x_wconf 88' lang='lat' dir='ltr'><strong>Spartani,</strong></span> <span class='ocrx_word' id='word_1_265' title='bbox 1455 3041 1644 3104; x_wconf 82' lang='lat' dir='ltr'><strong>legatos</strong></span> <span class='ocrx_word' id='word_1_266' title='bbox 1678 3041 1942 3096; x_wconf 90' lang='lat' dir='ltr'><strong>miserunt,</strong></span> <span class='ocrx_word' id='word_1_267' title='bbox 1985 3037 2070 3100; x_wconf 88' lang='lat' dir='ltr'><strong>qui</strong></span> 
     </span>
     <span class='ocr_line' id='line_1_36' title="bbox 419 3117 2071 3188; baseline -0.004 -18"><span class='ocrx_word' id='word_1_268' title='bbox 419 3122 599 3188; x_wconf 88' lang='lat' dir='ltr'><strong>populo</strong></span> <span class='ocrx_word' id='word_1_269' title='bbox 633 3121 1005 3171; x_wconf 89' lang='lat' dir='ltr'><strong>Atheniensium</strong></span> <span class='ocrx_word' id='word_1_270' title='bbox 1053 3120 1425 3170; x_wconf 71' lang='lat' dir='ltr'><strong>satisfacerent:</strong></span> <span class='ocrx_word' id='word_1_271' title='bbox 1483 3136 1580 3183; x_wconf 89' lang='lat' dir='ltr'><strong>quo</strong></span> <span class='ocrx_word' id='word_1_272' title='bbox 1625 3125 1848 3184; x_wconf 87' lang='lat' dir='ltr'><strong>tempore</strong></span> <span class='ocrx_word' id='word_1_273' title='bbox 1893 3117 2071 3182; x_wconf 84' lang='lat' dir='ltr'><strong>insigni</strong></span> 
     </span>
     <span class='ocr_line' id='line_1_37' title="bbox 418 3196 2070 3263; baseline -0.007 -10"><span class='ocrx_word' id='word_1_274' title='bbox 418 3202 686 3253; x_wconf 76' lang='lat' dir='ltr'><strong>Alcibiadis</strong></span> <span class='ocrx_word' id='word_1_275' title='bbox 710 3201 884 3250; x_wconf 87' lang='lat' dir='ltr'><strong>fraude</strong></span> <span class='ocrx_word' id='word_1_276' title='bbox 919 3201 1147 3250; x_wconf 86' lang='lat' dir='ltr'><strong>effectum</strong></span> <span class='ocrx_word' id='word_1_277' title='bbox 1183 3216 1308 3260; x_wconf 87' lang='lat' dir='ltr'><strong>esse,</strong></span> <span class='ocrx_word' id='word_1_278' title='bbox 1345 3205 1399 3248; x_wconf 92' lang='lat' dir='ltr'><strong>ut</strong></span> <span class='ocrx_word' id='word_1_279' title='bbox 1433 3200 1524 3247; x_wconf 88' lang='lat' dir='ltr'><strong>alia</strong></span> <span class='ocrx_word' id='word_1_280' title='bbox 1549 3200 1679 3263; x_wconf 88' lang='lat' dir='ltr'><strong>apud</strong></span> <span class='ocrx_word' id='word_1_281' title='bbox 1705 3202 1945 3256; x_wconf 89' lang='lat' dir='ltr'><strong>senatum,</strong></span> <span class='ocrx_word' id='word_1_282' title='bbox 1979 3196 2070 3243; x_wconf 87' lang='lat' dir='ltr'><strong>alia</strong></span> 
     </span>
     <span class='ocr_line' id='line_1_38' title="bbox 419 3275 2070 3347; baseline -0.006 -15"><span class='ocrx_word' id='word_1_283' title='bbox 419 3283 550 3347; x_wconf 86' lang='lat' dir='ltr'><strong>apud</strong></span> <span class='ocrx_word' id='word_1_284' title='bbox 583 3280 815 3347; x_wconf 89' lang='lat' dir='ltr'><strong>populum</strong></span> <span class='ocrx_word' id='word_1_285' title='bbox 849 3281 1138 3344; x_wconf 88' lang='lat' dir='ltr'><strong>profitentes</strong></span> <span class='ocrx_word' id='word_1_286' title='bbox 1161 3279 1386 3343; x_wconf 88' lang='lat' dir='ltr'><strong>Spartani</strong></span> <span class='ocrx_word' id='word_1_287' title='bbox 1408 3280 1646 3342; x_wconf 81' lang='lat' dir='ltr'><strong>bilingues</strong></span> <span class='ocrx_word' id='word_1_288' title='bbox 1677 3275 2070 3337; x_wconf 85' lang='lat' dir='ltr'><strong>fraudulentique</strong></span> 
     </span>
     <span class='ocr_line' id='line_1_39' title="bbox 419 3358 2071 3423; baseline -0.006 -11"><span class='ocrx_word' id='word_1_289' title='bbox 419 3379 533 3412; x_wconf 90' lang='lat' dir='ltr'><strong>esse</strong></span> <span class='ocrx_word' id='word_1_290' title='bbox 564 3361 865 3418; x_wconf 82' lang='lat' dir='ltr'><strong>viderentur,</strong></span> <span class='ocrx_word' id='word_1_291' title='bbox 901 3361 1115 3410; x_wconf 87' lang='lat' dir='ltr'><strong>affirmat</strong></span> <span class='ocrx_word' id='word_1_292' title='bbox 1127 3359 1464 3423; x_wconf 79' lang='lat' dir='ltr'><strong>ThucydideS,</strong></span> <span class='ocrx_word' id='word_1_293' title='bbox 1498 3358 1583 3422; x_wconf 88' lang='lat' dir='ltr'><strong>qui</strong></span> <span class='ocrx_word' id='word_1_294' title='bbox 1604 3373 1666 3406; x_wconf 92' lang='lat' dir='ltr'><strong>ne</strong></span> <span class='ocrx_word' id='word_1_295' title='bbox 1687 3358 2071 3406; x_wconf 83' lang='lat' dir='ltr'><strong>obtrectatorum</strong></span> 
     </span>
     <span class='ocr_line' id='line_1_40' title="bbox 419 3434 2072 3504; baseline -0.005 -14"><span class='ocrx_word' id='word_1_296' title='bbox 419 3441 682 3492; x_wconf 86' lang='lat' dir='ltr'><strong>calumniis.</strong></span> <span class='ocrx_word' id='word_1_297' title='bbox 705 3440 871 3502; x_wconf 90' lang='lat' dir='ltr'><strong>fidem,</strong></span> <span class='ocrx_word' id='word_1_298' title='bbox 907 3457 1051 3504; x_wconf 87' lang='lat' dir='ltr'><strong>quam</strong></span> <span class='ocrx_word' id='word_1_299' title='bbox 1084 3455 1180 3491; x_wconf 89' lang='lat' dir='ltr'><strong>non</strong></span> <span class='ocrx_word' id='word_1_300' title='bbox 1214 3439 1440 3500; x_wconf 86' lang='lat' dir='ltr'><strong>debebat,</strong></span> <span class='ocrx_word' id='word_1_301' title='bbox 1474 3436 1722 3497; x_wconf 89' lang='lat' dir='ltr'><strong>habuerit,</strong></span> <span class='ocrx_word' id='word_1_302' title='bbox 1755 3434 2072 3485; x_wconf 86' lang='lat' dir='ltr'><strong>vehementer</strong></span> 
     </span>
    </p>
   </div>
  </div>
 </body>
</html>
