2170 3848
997 294 1076 352 61

203 444 327 496 lucis
362 442 409 493 vi
429 447 603 510 sponte
638 442 994 509 exprimuntur,
1030 441 1119 492 sed
1153 440 1399 490 mentibus
1433 454 1622 500 eorum,
1657 438 1740 504 qui
1767 437 1880 488 imi-

201 528 401 585 tantur,
455 525 688 574 efficitur.
759 524 926 587 ltaque
960 538 1054 571 non
1089 521 1207 584 quid
1244 522 1450 584 quisque
1494 522 1743 580 imitetur,
1788 519 1880 569 sed

201 607 450 670 quomodo
484 606 720 667 imitetur,
755 619 994 668 quaerere
1029 602 1189 649 solent
1207 601 1554 664 intelligentes.
1603 601 1761 648 Recte
1785 599 1881 664 igi-

200 692 286 736 tut
319 686 613 735 Aristoteles
660 685 853 750 negavit
902 682 1141 730 beneficia
1190 682 1429 745 pictorum
1478 681 1663 744 percipi
1709 679 1882 740 abiis,

204 766 287 832 qui
324 783 450 831 quae
485 766 554 814 illi
585 765 892 812 imitarentur
926 779 1023 811 non
1073 762 1313 810 vidissent
1360 769 1756 826 cognossentque
1795 775 1883 808 an-

204 852 301 896 tea.
372 847 480 896 Non
526 844 654 893 enim
704 844 763 890 ad
801 844 1021 892 imitandi
1055 844 1327 900 rationem,
1381 842 1471 889 sed
1505 842 1565 888 ad
1602 857 1711 899 reS,
1757 855 1882 903 quae

204 933 321 976 sunt
354 925 589 974 imitando
625 939 907 987 expressae,
952 925 1141 972 animos
1178 923 1466 980 advertunt,
1511 922 1726 983 dumque
1759 921 1882 968 ima-

202 1008 338 1072 gines
372 1004 566 1053 veritati
603 1005 922 1061 substituunt,
960 1005 1232 1051 communia
1268 1019 1294 1049 a
1326 999 1540 1067 propriis
1574 1017 1745 1065 parum
1781 1000 1883 1048 dis-

203 1091 425 1135 cernunt.
496 1085 923 1146 Quemadmodum
961 1092 1122 1132 autem
1159 1084 1294 1131 aliud
1329 1088 1476 1146 agunt
1511 1082 1754 1140 artifices,
1800 1080 1884 1142 qui

200 1165 469 1216 bestiarum
518 1165 664 1231 vulgo
698 1167 1056 1229 incognitarum
1097 1164 1282 1212 formas
1321 1162 1529 1210 docendi
1566 1176 1738 1208 caussa
1772 1160 1883 1208 imi-

202 1251 399 1303 tantur,
451 1244 584 1293 aliud
631 1247 874 1310 pictores,
925 1247 1008 1310 qui
1045 1246 1347 1309 cognitarum
1383 1241 1569 1290 formas
1604 1239 1884 1289 delectandi

203 1341 378 1375 caussa
412 1325 706 1373 ostendunt:
751 1327 817 1374 ita
862 1343 954 1374 nec
990 1319 1334 1373 historicorum
1373 1330 1422 1371 et
1456 1326 1713 1387 poetarum
1748 1322 1885 1369 idem

203 1405 422 1454 officium
463 1409 555 1453 est.
605 1406 905 1470 interpretes
940 1407 1138 1469 quidam
1178 1410 1379 1452 naturae
1415 1419 1581 1451 rerum
1609 1402 1885 1450 hominum-

203 1502 301 1551 que
318 1492 432 1534 sunt
447 1492 641 1549 poetae,
659 1502 862 1549 quorum
876 1487 922 1533 iu
940 1486 1235 1532 carminibus
1253 1501 1372 1547 quas
1385 1484 1632 1531 iutuemur
1646 1483 1884 1546 imagines

203 1566 265 1614 ad
299 1565 558 1614 veritatem
594 1581 883 1630 expressas,
918 1565 967 1613 in
1003 1566 1062 1613 iis
1099 1581 1193 1613 nou
1230 1565 1384 1628 ipsam
1420 1565 1676 1611 veritatem
1711 1563 1884 1627 magis,

204 1646 395 1710 qualem
443 1645 683 1693 redditam
725 1647 773 1694 in
809 1647 1032 1710 organis,
1084 1661 1211 1709 quae
1247 1660 1467 1692 cameras
1503 1645 1672 1691 dicunt
1706 1645 1884 1692 obscu-

201 1742 315 1786 rae,
361 1726 636 1784 intuemur,
687 1741 830 1789 quam
878 1727 1030 1774 decus
1081 1733 1131 1773 et
1166 1725 1547 1789 pulcritudinem
1585 1724 1886 1787 quaerimus,

205 1807 536 1856 exmentium
584 1806 758 1854 habitu
804 1821 1001 1865 eorum,
1049 1806 1129 1869 qui
1175 1806 1460 1865 imitantur,
1509 1804 1884 1853 redundantem.

205 1885 318 1935 Hoc
352 1886 569 1934 sentiens
618 1886 915 1935 Aristoteles
963 1887 1373 1950 praestantiores,
1423 1901 1567 1947 quam
1603 1889 1770 1931 essent
1803 1900 1886 1932 re-

204 1981 336 2024 vera,
372 1981 429 2013 ac
463 1966 667 2013 decoras
701 1966 939 2030 imagines
975 1965 1317 2030 exprimendas
1355 1980 1466 2013 esse
1503 1964 1712 2023 censuit,
1748 1963 1885 2012 cuius

204 2046 353 2094 verba
397 2043 458 2092 Τ.
492 2044 528 2094 1.
565 2061 613 2108 p.
641 2047 738 2092 379
769 2061 870 2108 seq.
911 2046 1223 2109 interpretati
1269 2060 1452 2093 sumus.
1534 2044 1632 2092 Sed
1683 2061 1747 2092 ue
1788 2044 1886 2093 hoc

204 2125 402 2190 quidem
438 2124 642 2174 sufficit.
714 2125 845 2172 Nihil
882 2127 1013 2174 enim
1048 2127 1313 2174 interesset
1347 2126 1476 2173 inter
1511 2134 1686 2189 poetas
1722 2130 1774 2172 et
1804 2140 1886 2173 re-

202 2221 314 2255 rum
347 2205 425 2254 vel
456 2205 664 2254 vitarum
702 2206 1006 2269 scriptores,
1052 2208 1093 2254 si
1128 2214 1374 2255 certarum
1409 2223 1574 2255 rerum
1611 2211 1886 2253 certorum-

203 2302 300 2350 que
333 2286 588 2334 hominum
622 2287 875 2350 imagines,
913 2287 1134 2350 quamvis
1171 2287 1462 2351 pulcriores,
1496 2285 1805 2350 expressisse
1830 2283 1886 2332 il-

201 2365 262 2414 lis
299 2365 574 2415 sufficeret.
634 2365 830 2414 Etenim
868 2365 1165 2415 Plutarchus
1201 2368 1247 2415 iu
1284 2369 1395 2415 vitis
1430 2368 1639 2414 virorum
1676 2364 1887 2413 fortium

204 2445 481 2496 scribendis
502 2446 633 2494 idem
661 2447 773 2506 sibi,
811 2448 940 2511 quod
967 2448 1230 2512 imaginum
1255 2448 1549 2511 pictoribus,
1577 2444 1886 2508 sequendum

204 2542 319 2576 esse
352 2527 570 2574 censuit:
623 2525 1085 2588 „Quemadmodum
1105 2527 1288 2587 enirn,”
1324 2528 1496 2590 inquit,
1534 2528 1649 2588 „qui
1677 2525 1885 2573 decoras

204 2612 256 2656 et
286 2606 467 2655 eximie
500 2614 730 2656 venustas
765 2608 972 2672 pingunt
1008 2609 1259 2672 imagineS‚
1297 2608 1337 2654 si
1374 2608 1488 2670 quid
1524 2608 1637 2653 insit
1665 2606 1727 2652 iis
1761 2604 1884 2653 levis

202 2686 531 2747 incommodi,
584 2687 809 2735 nolumus
844 2689 938 2735 hoc
975 2695 1058 2736 aut
1094 2689 1237 2752 plane
1272 2688 1428 2735 omitti
1465 2694 1550 2735 aut
1583 2686 1762 2734 acriter
1797 2699 1884 2732 ex-

203 2767 382 2831 primi,
416 2768 642 2830 quoniam
678 2768 758 2815 illa
794 2768 983 2816 ratione
1011 2768 1280 2829 deformis,
1318 2768 1409 2815 hac
1446 2768 1734 2829 discrepans
1769 2765 1886 2813 red-

203 2845 336 2896 ditur
370 2846 555 2910 imago,
604 2848 705 2908 sic,
751 2864 903 2911 quum
952 2847 1159 2896 difficile
1194 2850 1258 2896 sit
1291 2848 1368 2896 vel
1405 2848 1569 2911 potius
1604 2846 1715 2894 {ieri
1751 2845 1887 2894 nullo

203 2926 352 2976 modo
386 2927 570 2990 possit,
613 2932 669 2976 ut
702 2928 851 2977 ullius
888 2930 1097 2976 hominis
1132 2931 1229 2976 vita
1266 2946 1389 2993 pura
1425 2945 1452 2975 a
1486 2927 1618 2975 vitiis
1656 2927 1885 2974 maculis-

203 3022 301 3072 que
333 3006 625 3066 inveniatur,
659 3009 705 3056 in
740 3008 921 3072 pulcris
958 3010 1280 3071 honestisque
1315 3008 1497 3056 veritas
1525 3015 1754 3070 tanquam
1785 3006 1884 3054 oris

201 3087 492 3135 lineamenta
528 3086 588 3133 ad
626 3089 822 3152 plenum
857 3090 1110 3137 reddenda
1146 3097 1251 3146 est,
1300 3105 1424 3152 quae
1475 3097 1635 3136 autem
1675 3102 1735 3134 ex
1769 3101 1885 3150 per-

202 3166 484 3217 turbatione
517 3166 677 3230 aliqua
711 3176 795 3216 aut
831 3177 1104 3231 temporum
1132 3170 1429 3217 necessitate
1453 3169 1598 3217 factis
1622 3167 1887 3214 obveniunt

200 3247 317 3296 vitia
355 3246 550 3303 satalia,
587 3262 674 3309 pro
711 3248 897 3296 virtutis
926 3249 1266 3298 imbecillitate
1301 3250 1453 3313 magis
1488 3264 1632 3312 quam
1671 3262 1758 3310 pro
1793 3246 1886 3292 im·-

202 3327 459 3391 probitatis
507 3326 763 3374 fraudibus
809 3328 1032 3377 habenda
1068 3336 1207 3390 sunt,
1254 3346 1415 3394 neque
1452 3329 1677 3376 studiose
1711 3330 1763 3373 et
1799 3341 1886 3373 cu-

203 3406 390 3455 mulate
422 3407 472 3455 in
508 3407 769 3455 scribendo
803 3409 1135 3468 ostendenda,
1185 3409 1274 3457 sed
1308 3410 1406 3468 ita,
1444 3408 1583 3472 quasi
1619 3406 1885 3454 erubesca-

203 3500 313 3535 mus
344 3492 518 3537 natura
549 3487 788 3547 humana,
824 3490 955 3553 quod
988 3489 1109 3538 nihil
1143 3489 1306 3554 pulcri
1341 3489 1586 3539 sincerum
1621 3486 1885 3535 illibatum-
