2170 3866
1158 263 1283 321 448

406 409 609 468 castris,
641 407 692 456 in
724 407 901 472 quibus
935 408 1100 474 paullo
1134 414 1247 458 ante
1281 413 1573 474 conspectus
1606 413 1685 459 est
1716 410 1948 460 cohortes
1980 409 2065 459 iu·

404 495 616 547 straena,
652 487 711 536 ad
741 495 944 552 penates
969 490 1153 553 patrios
1176 490 1416 554 pervenit.
1484 489 1768 539 Abhorrere
1801 507 1830 540 a
1861 491 2066 539 veritate

401 569 548 619 huius
594 567 644 616 in
687 568 903 617 hostium
956 570 1145 618 moenia
1190 570 1439 617 introitum
1482 584 1577 617 non
1625 570 1785 634 magni
1829 568 2064 619 acuminis

405 655 482 698 est
515 648 805 713 intelligere.
869 648 967 696 Sed
1004 665 1209 698 necesse
1235 649 1548 697 nihilominus
1571 649 1792 714 Euripidi
1818 648 1914 698 fuit
1938 649 2064 698 haec

401 728 615 792 fingere,
668 728 709 775 si
743 727 889 775 modo
923 729 1072 776 vellet
1108 728 1402 792 colloquium
1436 729 1644 777 fratrum
1677 728 2064 777 discordantium

402 808 665 866 exhibere,
714 807 853 856 cuius
889 808 1116 869 colloquii
1150 809 1318 856 videns
1356 808 1611 857 utilitatem
1649 809 1755 871 quis
1791 823 1886 857 non
1917 806 2065 856 Euri-

398 887 504 952 pidi
538 887 728 935 veniam
764 887 847 934 det
892 886 1261 935 lubentissime?
1310 887 1376 936 Et
1421 888 1652 936 invitante
1687 893 1843 936 matre
1886 887 2062 935 fidem-

399 982 495 1030 que
537 968 879 1029 interponente
925 967 1077 1014 multo
1126 968 1283 1014 minus
1331 969 1621 1016 temerarius
1658 983 1770 1016 esse
1803 966 2064 1030 Polynices

398 1046 614 1102 videtur,
650 1062 793 1109 quam
827 1047 955 1110 apud
993 1046 1263 1094 Homerum
1301 1045 1555 1095 Menelaus
1591 1047 1912 1096 Troianorum
1947 1045 2064 1094 fidei

399 1141 454 1174 se
487 1126 797 1174 committens
819 1160 832 1182 ,
887 1142 1031 1188 quem
1068 1132 1237 1174 noster
1270 1126 1489 1175 imitatus
1526 1126 1681 1190 est*).
1749 1126 1960 1174 Pavidus
1993 1130 2064 1174 ta·

398 1220 508 1253 men
544 1205 629 1254 ille
661 1206 930 1267 strictoque
963 1206 1141 1268 gladio,
1177 1210 1232 1253 ut
1266 1205 1326 1252 ad
1363 1222 1533 1255 omnes
1571 1222 1713 1255 casus
1748 1212 1948 1270 paratus
1977 1205 2059 1262 sit,

394 1285 647 1350 procedit,
686 1285 853 1332 volens
890 1286 1103 1342 scilicet,
1152 1286 1193 1333 si
1228 1286 1389 1333 subito
1425 1302 1485 1333 ex
1519 1287 1710 1334 insidiis
1744 1287 2063 1350 opprimatur,

395 1371 532 1412 certe
566 1378 661 1411 non
694 1364 878 1412 inultus
913 1365 1208 1412 occumbere
1221 1362 1319 1426 **).
1388 1365 1460 1412 Ac
1493 1381 1555 1412 ne
1590 1366 1734 1413 matri
1761 1365 1958 1428 quidem
1982 1380 2059 1413 sa-

393 1443 459 1492 tis
491 1443 623 1491 fidit:

523 1519 754 1572 πέποιθα
787 1518 965 1585 μέντοι
998 1519 1154 1587 μητρὶ
1186 1521 1286 1573 κού
1319 1520 1531 1574 πέποιθ’
1568 1521 1676 1587 ἅμα
1746 1549 1812 1560 ·-

379 1618 422 1651 -o
456 1603 703 1667 indignam
740 1604 1095 1666 suspicionem!
1135 1603 1215 1651 Sic
1249 1605 1484 1666 regnandi
1511 1604 1750 1668 cupiditas
1784 1600 1945 1650 omnia
1977 1602 2054 1651 in-

391 1682 491 1730 fida
525 1683 702 1732 reddit.
771 1683 1102 1732 Confirmatur
1135 1684 1311 1742 animo,
1343 1684 1424 1732 ubi
1457 1684 1518 1731 ad
1553 1690 1784 1748 penatum
1809 1697 1916 1729 aras
1945 1696 2060 1745 per-

389 1762 591 1811 veniens
625 1763 770 1810 nullis
804 1764 1087 1812 custodibus
1125 1780 1180 1812 se
1215 1765 1274 1811 ab
1309 1765 1367 1812 iis
1403 1764 1560 1812 arceri
1597 1767 1647 1811 et
1675 1762 1885 1811 feminas
1920 1776 2061 1825 pere-

390 1842 555 1905 grinas
612 1843 789 1891 adesse
846 1841 1131 1906 videt***):
1188 1860 1349 1906 neque
1398 1843 1527 1891 enim
1572 1848 1707 1891 tanta
1751 1841 2063 1906 improbitate

388 1922 468 1970 vel
501 1928 707 1971 matrem
752 1922 827 1970 vel
874 1922 1083 1971 fratrem
1131 1940 1244 1972 esse
1278 1924 1566 1981 arbitratur,
1618 1929 1673 1972 ut
1707 1923 1816 1988 ipsa
1849 1922 2055 1970 deorum

386 2001 702 2050 familiarium
753 2018 888 2050 sacra
931 2005 1166 2067 sanguine
1214 2020 1413 2052 suorum
1462 2003 1683 2067 polluere
1729 2002 1894 2051 velint.
1975 1999 2062 2048 llla

387 2095 528 2141 vero,
566 2087 825 2145 postquam
861 2082 924 2130 de
959 2083 1046 2130 filii
1085 2084 1294 2132 adventu
1339 2084 1546 2142 audivit,
1582 2098 1842 2132 accurrens
1878 2085 2060 2145 quanta

387 2174 498 2207 cum
533 2161 722 2208 laetitia
755 2166 1013 2226 receptum
1050 2163 1381 2227 amplexatur!
1417 2170 1598 2226 quanto
1632 2179 1688 2211 se
1722 2163 1830 2211 eius
1858 2161 2058 2210 deside-

385 2239 462 2288 rio
506 2239 740 2303 flagrasse
801 2246 854 2288 et
899 2241 1084 2289 luxisse
1126 2243 1218 2290 sibi
1256 2250 1482 2306 ereptum
1533 2244 1765 2303 tanquam
1811 2245 2057 2288 mortuum

442 2393 493 2447 *J
524 2392 672 2435 Schol.
703 2408 744 2436 v.
776 2392 884 2435 171:
921 2389 1003 2436 τὸν
1030 2391 1280 2451 Ομηρικὸν
1318 2393 1369 2438 δε
1409 2393 1647 2437 Μενέλαον
1678 2397 1881 2450 μιμεῖται
1914 2388 2057 2450 Εὖριέ

523 2464 687 2516 πίδης,
725 2460 1022 2507 υπόσπονδον
1063 2465 1346 2520 Πολυνείκην
1388 2462 1510 2520 ἄγων
1555 2465 1619 2515 εἰς
1659 2463 1743 2515 τὰς
1775 2463 1958 2521 Θήβας,
1997 2477 2059 2514 ως

522 2532 694 2582 ἐκεῖνος
734 2534 797 2584 εἰς
839 2532 926 2588 τὴν
945 2532 1082 2578 Ἴλιον
1114 2535 1295 2587 εἰςῆλθε
1327 2533 1703 2590 καταθησόμενος
1730 2532 1812 2576 τὸν
1839 2531 2055 2588 πόλεμον

524 2603 622 2646 Non
651 2618 803 2646 omnes
839 2605 974 2661 igitur
1013 2606 1295 2662 grammatici
1323 2607 1441 2648 hunc
1469 2605 1698 2648 introitum
1726 2603 2053 2659 vituperabant.

410 2672 487 2729 Ἡ)
523 2673 860 2716 Sch01.v.267:
892 2672 1092 2729 ἀνόητόν
1123 2689 1235 2730 φασι
1263 2677 1325 2734 τῷ
1357 2677 1477 2731 ξίφει
1508 2674 1753 2726 πιστεύειν,
1782 2678 1886 2722 ταῖς
1912 2687 2057 2716 σπον-

523 2744 627 2794 δαῖς
655 2743 705 2786 δὲ
733 2742 869 2799 μήπω
888 2777 899 2796 ,
941 2745 984 2788 εἰ
1025 2745 1103 2789 καὶ
1131 2744 1271 2801 μόνος
1301 2741 1365 2789 ὦν
1396 2747 1620 2803 κρατῆσαι
1650 2743 1840 2788 ἐδύνατο
1869 2742 2056 2802 ἐπιβου-

522 2811 749 2857 λευόντων
777 2815 1022 2859 τοσούτων.
1080 2814 1313 2871 Ἀγνοοῦσι-
1333 2815 1395 2869 δὲ,
1429 2812 1501 2860 ὅτι
1531 2815 1575 2859 οὶ
1607 2814 1719 2871 μετὰ
1751 2810 1950 2869 ἀνάγκης
1979 2810 2055 2856 ἐπί

522 2899 627 2927 τινα
653 2885 869 2929 κίνδυνον
900 2883 1134 2942 ἐρχόμενοι
1165 2884 1267 2939 οὐχὶ
1291 2884 1338 2929 ἐκ
1367 2887 1461 2930 τῶν
1491 2883 1793 2941 ἐνδεχομένων
1810 2884 2055 2941 θηρᾶσθαι

521 2950 607 3008 τὴν
637 2949 894 3010 ἀσφάλειαν
922 2955 1182 3011 ἐθέλουσιν,
1215 2953 1311 3000 ἀλλ’
1341 2957 1445 3000 οἵαν
1473 2954 1599 3014 παρὰ
1629 2956 1714 3000 τοῦ
1742 2955 1908 3012 καιροῦ
1936 2957 2054 3007 λαμ-

521 3021 739 3080 βάνουσι,
779 3026 855 3069 καὶ
893 3025 939 3070 οἳ
970 3024 1039 3070 ἐπ’
1069 3027 1254 3084 ἐρημίας
1280 3024 1394 3081 μετὰ
1427 3028 1633 3082 ξιφιδίου
1662 3024 1942 3084 πορεύονται
1967 3016 2054 3078 ἦτ-

520 3108 602 3136 τον
638 3092 720 3147 μὲν
759 3093 1032 3152 ὠπλισμένοι
1068 3098 1162 3140 τῶν
1199 3095 1585 3152 ὑποπτευομένων
1613 3097 1774 3153 θηρῶν
1803 3090 1832 3149 ἢ
1861 3091 2052 3150 λῃστῶν,

518 3159 706 3215 ἄμεινον
735 3164 785 3209 δὲ
815 3168 908 3210 τῶν
938 3164 1151 3210 ἀνόπλων
1181 3170 1272 3209 κτλ.
1859 3179 1863 3182 ”

381 3232 484 3287 “²³⁸3
517 3233 683 3277 Parum
711 3235 804 3278 vim
834 3238 1077 3280 verborum
1105 3238 1328 3293 perspexit
1357 3237 1431 3292 qui
1457 3238 1573 3280 haec
1611 3233 1920 3291 reprehendit:
1965 3229 2051 3282 τὰς

518 3298 610 3347 ἀπὸ
641 3306 725 3348 τοῦ
751 3309 894 3364 χοροῦ
934 3306 1146 3366 ἑωρακώς
1183 3320 1295 3362 φησι
1334 3304 1694 3365 τεθαῤῥηκέναι·
1733 3302 1960 3353 ἀσθενοῦς
1995 3299 2048 3344 δὲ

518 3374 671 3429 ψυχῆς
697 3375 961 3435 τεκμήριον·
998 3379 1044 3422 τί
1077 3374 1163 3435 γὰρ
1193 3376 1374 3433 ἔμελλον
1403 3375 1529 3435 αὐτῷ
1569 3378 1778 3432 γυναῖκες
1819 3370 2048 3430 συμβαλέ-

516 3445 632 3487 σθαι
658 3443 775 3502 πρὸς
803 3448 1046 3501 κίνδυνον,-
