2124 3860
888 268 1010 325 307

108 418 339 487 primitiis
372 423 426 468 et
461 417 676 467 lacrimis
711 420 764 465 et
797 398 1008 467 mactata
1042 430 1134 464 ove
1168 412 1380 464 donavit.
1452 412 1676 463 Confinia
1698 417 1794 465 ter·

110 515 196 549 rae
242 499 388 557 adiit,
438 499 569 547 unde
617 497 812 557 statim,
860 497 902 545 si
950 495 1060 561 quis
1113 498 1376 558 cognosset
1412 494 1795 561 speculatorum,

108 579 224 644 fuga
271 580 322 629 in
366 579 510 628 aliam
547 583 731 627 terram
767 593 822 626 se
853 577 1131 640 reciperet,
1181 590 1376 635 rerum,
1428 591 1555 638 quae
1588 576 1636 623 in
1672 578 1796 628 urbe

106 666 431 724 gererentur,
480 663 662 708 statum
710 657 1054 722 exploraturus
1102 654 1350 718 simulque
1385 670 1608 703 sororem
1644 672 1795 718 quae..

108 755 253 801 rem,
318 755 466 803 quam
526 738 771 787 connubio
823 738 1037 785 iunctam
1080 736 1151 784 ibi
1195 736 1419 784 habitare
1469 735 1675 795 audivit,
1741 744 1796 789 ut

107 835 217 868 eam
264 827 436 870 nactus
481 820 663 868 sociam
702 817 907 866 consilia
941 832 1052 866 cum
1088 832 1147 864 ea
1180 815 1583 864 communicaret.
1654 817 1795 879 Quae

110 915 171 949 ex
214 901 369 949 obviis
407 899 777 957 sciscitaturus,
827 902 1091 963 postquam
1126 896 1380 946 Electram
1416 898 1678 960 conspexit
1702 903 1795 947 'an-

109 979 328 1028 cillarum
376 995 515 1029 more
568 979 631 1027 de
676 978 816 1028 fonte
850 980 1172 1040 redeuntem,
1219 977 1283 1026 de
1317 977 1396 1026 via
1431 974 1628 1026 decedit
1661 983 1711 1028 et
1743 979 1794 1029 in

110 1060 385 1125 propinquo
420 1060 529 1108 loco
565 1059 860 1109 occultatur.

241 1139 392 1189 Flens
428 1139 631 1189 Electra
679 1139 1025 1204 progreditur,
1071 1153 1264 1188 memor
1298 1153 1498 1187 suorum
1534 1137 1794 1200 malorum,

106 1235 299 1270 memor
332 1219 490 1284 patris
527 1220 751 1285 iugulati,
788 1236 978 1268 memor
1010 1219 1178 1268 fratris
1213 1218 1470 1266 exulantis.
1540 1216 1672 1266 Tum
1707 1219 1795 1266 de-

105 1300 274 1365 posito
306 1316 460 1350 urceo
494 1301 696 1349 naenias
732 1301 864 1365 patri
900 1299 1138 1348 defuncto
1174 1302 1439 1347 nocturnas
1474 1314 1647 1360 magna
1671 1313 1794 1347 voce

106 1386 299 1440 cantat,
358 1380 596 1427 miserum
653 1381 1010 1444 indignumque
1057 1380 1162 1428 eius
1207 1379 1458 1427 interitum
1510 1378 1791 1442 deplorans.

105 1459 230 1509 Cum
267 1459 425 1524 prima
461 1460 640 1508 deinde
674 1460 786 1507 luce
819 1460 1032 1522 virgines
1068 1459 1273 1505 viciniae
1308 1454 1558 1505 Electram
1593 1458 1794 1519 adeunt,

103 1539 166 1588 ad
201 1555 342 1588 sacra
376 1539 576 1588 Iunonis
610 1539 808 1604 publica
835 1539 969 1587 forte
995 1537 1178 1586 indicta
1212 1537 1524 1598 invitaturae,
1569 1542 1795 1587 monent-

105 1636 231 1684 que,
267 1626 323 1668 ut
356 1620 579 1668 vestibus
615 1635 835 1683 auroque
867 1624 1076 1677 venuste
1112 1623 1303 1678 ornata,
1340 1617 1507 1665 choris
1544 1619 1794 1679 adiuncta,

106 1701 382 1749 communis
419 1699 634 1748 laetitiae
668 1700 938 1763 particeps,
975 1698 1127 1761 pellat
1162 1697 1534 1762 aegritudinem.
1603 1698 1794 1759 Quibus

102 1779 192 1827 illa
225 1779 371 1843 longe
407 1795 520 1829 suas
555 1795 638 1828 res
687 1796 713 1827 a
748 1779 896 1828 festis
946 1779 1212 1841 chorisque
1250 1777 1522 1826 abhorrere
1557 1779 1795 1840 ostendit,

103 1875 267 1923 neque
313 1875 503 1908 comam
552 1859 806 1908 horridam
862 1864 915 1907 et
964 1858 1176 1906 vestium
1226 1873 1414 1922 pannos
1466 1873 1577 1905 cum
1624 1858 1794 1907 mundi

49 1993 53 1996 ¹
104 1939 302 1988 deliciis
348 1955 644 2003 congruere:
697 1956 755 1988 ac
803 1939 988 1988 dudum
1039 1954 1094 1986 se
1141 1953 1356 2001 suosque
1402 1954 1431 1985 a
1467 1938 1560 1986 diis
1592 1938 1793 2003 negligi,

102 2024 246 2084 patre
280 2019 554 2068 clarissimo
590 2020 781 2082 occiso,
831 2019 990 2068 fratre
1023 2019 1154 2067 inter
1188 2023 1386 2067 exteros
1421 2022 1648 2078 errante,
1687 2019 1795 2082 ipsa

103 2099 278 2164 procul
314 2115 341 2147 a
376 2099 522 2148 domo
556 2105 763 2164 paterna
795 2100 847 2148 in
882 2103 1109 2164 egestate
1142 2098 1384 2164 degente,
1428 2104 1589 2148 matre
1623 2098 1793 2148 coniu-

101 2179 182 2244 gio
216 2180 493 2245 parricidae
535 2186 722 2231 utente.

234 2259 376 2308 Haec
424 2259 641 2324 parodus
689 2259 848 2308 multo
896 2274 1041 2321 quam
1079 2256 1338 2322 Sophoclis
1387 2257 1663 2323 elegantius
1717 2263 1794 2308 est

103 2338 326 2400 inventa3
373 2340 500 2390 haec
549 2340 751 2390 Electra
795 2340 940 2404 longe
975 2355 1118 2402 quam
1156 2339 1288 2386 illius
1335 2338 1538 2387 Electra
1575 2344 1626 2387 et
1661 2356 1793 2388 ama-

102 2418 250 2468 bilior
296 2426 350 2470 et
390 2421 724 2471 miserabilior
771 2426 864 2469 est.
934 2420 1140 2468 Medeas
1188 2420 1270 2467 ille
1306 2420 1540 2483 quasdam
1576 2419 1793 2479 feroce8‚

103 2504 329 2561 atroces,
370 2507 686 2550 contumaces
723 2501 951 2558 effinxit,
1002 2516 1150 2563 quum
1186 2499 1334 2546 vellet
1381 2499 1591 2562 virgines
1634 2499 1795 2562 pieta·

102 2579 166 2627 tis
219 2579 411 2629 officiis·
450 2580 642 2645 reliqua
689 2582 851 2629 omnia
897 2571 1254 2646 postponentes
1308 2578 1517 2639 imitari,
1575 2583 1795 2627 monstra

107 2656 430 2720 feminarum,
491 2661 649 2723 qualia
706 2677 870 2726 neque
917 2661 1117 2708 fuerunt
1161 2675 1374 2722 unquam
1425 2674 1585 2721 neque
1627 2659 1796 2707 sutura

103 2745 232 2790 sunt.
317 2740 394 2789 An
441 2740 562 2787 nihil
609 2741 851 2790 interesse
896 2748 1129 2806 putamus
1175 2740 1307 2787 inter
1348 2739 1548 2804 pietatis
1597 2754 1795 2787 sensum

100 2820 454 2880 Antigonarum
495 2820 909 2885 Electrarumque
945 2827 995 2870 et
1028 2820 1328 2869 iracundiam
1357 2818 1653 2867 Medearum
1687 2818 1796 2884 pel-

99 2898 276 2946 licibus
315 2901 741 2963 postpositarum‘}
809 2902 938 2963 Quid
974 2908 1167 2960 autem,
1211 2902 1448 2961 obsecro,
1500 2899 1595 2948 sibi
1628 2898 1796 2948 volunt

99 2977 260 3027 insani
300 2979 372 3026 illi
408 2979 648 3028 clamores
692 2980 932 3045 virginum
969 2998 1030 3030 ex
1066 2979 1214 3029 cubili
1250 2995 1394 3029 mane
1428 2980 1795 3045 prodeuntium,

103 3059 236 3108 nulla
280 3076 402 3109 nova
437 3076 495 3108 re
542 3059 863 3110 excitatarum
911 3079 968 3111 ac
1004 3078 1067 3110 ne
1101 3060 1405 3109 somniorum
1442 3060 1642 3124 quidem
1674 3059 1794 3107 visis

103 3141 521 3202 perterritarum‘l
599 3140 678 3188 An
727 3145 862 3190 tanto
914 3159 1027 3192 cum
1074 3141 1289 3189 tumultu
1342 3156 1434 3205 per
1485 3140 1582 3187 duo
1638 3139 1796 3188 lustra

103 3220 326 3280 quotidie
373 3220 623 3268 Electram
664 3219 727 3267 de
761 3220 943 3271 lectulo
979 3221 1261 3271 surrexisse
1295 3221 1378 3268 ille
1405 3220 1550 3268 nobis
1587 3234 1794 3285 persua-

110 3311 253 3347 surus
289 3302 404 3349 est‘l
473 3300 691 3363 Exiguus
726 3299 968 3351 invenitur
1003 3318 1236 3351 numerus
1270 3306 1544 3364 poetarum,
1580 3299 1662 3362 qui
1686 3313 1794 3345 mu-

111 3374 285 3428 lierum
322 3380 515 3444 ingenia
551 3381 614 3429 ad
647 3380 906 3431 veritatem
940 3390 1141 3433 naturae
1174 3381 1416 3430 humanae
1444 3377 1793 3445 expresserint,

933 3475 936 3478 ’
1354 3463 1420 3509 20
1441 3462 1464 3489 ²²·
