2150 3866
930 233 1053 292 215

147 384 250 433 lum
299 383 559 432 dimissum
607 397 748 444 esse,
798 387 1060 448 antequam
1110 381 1402 430 vaticinandi
1449 384 1607 430 artem
1643 378 1836 431 Glauco

145 468 349 514 coactus
384 463 688 512 tradidisset.

276 542 585 593 Ornaverant
618 544 750 592 idem
786 546 1132 606 argumentum
1167 545 1222 589 et
1256 540 1535 605 Aeschylus
1560 546 1612 589 et
1640 539 1834 606 Sopho-

144 624 276 685 clea,
310 640 521 688 quorum
556 623 771 673 carmina
804 621 1064 686 Euripidis
1098 619 1355 685 tragoedia
1402 622 1669 670 obscurata
1705 626 1834 671 sunt.

143 706 306 757 Huius
358 705 488 754 enim
539 704 753 769 plurima
799 701 856 748 fit
899 700 1088 748 mentio
1125 708 1177 750 et
1210 717 1239 749 a
1273 700 1593 750 nobilissimis
1629 702 1829 766 quidem

143 785 489 851 scriptoribus,
523 800 647 847 quos
684 782 853 830 videas
890 797 966 845 ap.
994 779 1175 830 Matth.
1199 798 1248 847 p.
1279 783 1602 844 308-314.,
1639 786 1691 830 et
1725 781 1835 845 qui-

143 866 256 916 dam
290 865 387 914 loci
420 865 792 927 sententiaeque
825 862 874 909 in
909 861 1176 924 proverbia
1211 862 1448 912 abierant.
1522 861 1592 910 Ut
1622 863 1835 926 optimos

144 959 368 1011 quosque
400 943 594 992 fructus
628 957 813 1007 vespae
846 941 1078 991 invadere
1113 942 1307 1005 solent,
1358 943 1428 992 ita
1459 943 1589 991 hanc
1634 957 1832 1007 quoque

140 1023 444 1090 tragoediam
479 1023 841 1087 Aristophanes
876 1027 1189 1087 turpaverat,
1237 1023 1382 1072 cuius
1426 1022 1712 1072 comoediae
1746 1039 1835 1072 no-

139 1119 254 1154 men
295 1104 430 1153 idem
479 1103 610 1167 quod
643 1103 898 1167 Euripidis
944 1104 1227 1167 tragoediae
1261 1103 1556 1168 inscriptum
1599 1103 1725 1163 fuit3
1769 1103 1833 1154 cf.

140 1183 399 1247 Aristoph.
419 1183 602 1250 fragm.
628 1184 705 1234 ed.
733 1183 914 1248 Bergk.
943 1200 994 1248 p.
1023 1185 1121 1232 224
1154 1200 1292 1249 seqq.
1361 1184 1630 1247 Euripides
1666 1190 1835 1232 autem

139 1263 238 1312 hoc
273 1263 498 1313 dramate
530 1265 822 1313 ostenderat
855 1264 1136 1324 hominem,
1187 1265 1271 1329 qui
1309 1265 1511 1313 scientia
1545 1270 1698 1328 atque
1733 1263 1833 1312 sol-

138 1343 281 1393 lertia
313 1344 600 1402 excelleret,
635 1344 763 1393 mala
799 1359 861 1391 ex
894 1344 957 1392 iis
993 1345 1112 1409 ipsis
1147 1345 1365 1406 artibus,
1415 1361 1542 1409 quae
1575 1344 1837 1393 commoda

138 1423 247 1473 aliis
280 1422 462 1473 afferre
497 1424 688 1484 solent,
737 1423 1106 1473 nanciscentem
1120 1442 1136 1486 3
1188 1440 1246 1473 ac
1295 1425 1493 1474 fecerat
1539 1425 1832 1488 sapientiam

137 1503 278 1553 initio
312 1503 510 1567 quidem
547 1504 796 1568 potentiae
830 1505 1268 1566 succumbentem,
1312 1505 1636 1570 postmodum
1668 1509 1835 1555 autem

137 1583 407 1634 victricem.
477 1584 561 1634 Sic
608 1584 671 1633 ad
720 1600 1007 1634 communes
1055 1601 1200 1634 casus
1251 1590 1301 1633 et
1348 1600 1519 1633 veram
1561 1585 1692 1634 vitae
1737 1585 1832 1634 hu-

138 1678 314 1712 manae
368 1669 594 1713 naturam
647 1663 937 1712 imitandam
993 1664 1318 1714 transtulerat
1362 1665 1578 1714 fabulam
1637 1664 1833 1730 'plenam

140 1743 495 1794 miraculorum
530 1749 581 1793 et
615 1743 840 1802 hariolis,
875 1759 1019 1807 quam
1056 1743 1241 1808 poetis,
1277 1745 1679 1816 commodiorem.

690 2002 754 2059 C.
843 2005 1263 2094 Scylla.

269 2137 490 2203 Scyllam
525 2138 779 2204 Euripidis
813 2141 1118 2205 tragoediam
1151 2141 1315 2191 fuisse
1358 2145 1498 2190 recte
1535 2141 1832 2191 Welckerus

137 2223 340 2269 auctore
374 2216 559 2268 Vossio
595 2235 657 2269 ex
702 2221 988 2270 Aristotelis
1024 2221 1318 2284 quibusdam
1366 2222 1531 2271 verbis
1581 2221 1748 2286 (Poet.
1786 2238 1829 2271 c.

138 2301 222 2363 26,
258 2302 305 2352 l.
342 2304 395 2349 et
430 2316 473 2350 c.
513 2302 591 2360 15,
631 2298 701 2367 5.)
731 2300 982 2367 *coniecit3
1033 2301 1169 2350 idem
1205 2303 1480 2352 scribarum
1514 2317 1712 2362 errore,
1747 2302 1832 2364 qui

129 2375 435 2440 Ὀδυσσέως
469 2396 648 2431 nomen
684 2398 796 2431 cum
822 2379 1005 2431 Νίσου
1040 2387 1407 2446 permutarunt,
1441 2383 1490 2430 in
1516 2381 1693 2430 falsam
1720 2381 1830 2445 opi-

135 2463 334 2512 nionem
367 2460 532 2510 induci
553 2477 609 2509 se
641 2478 819 2527 passus
846 2467 944 2526 est,
978 2467 1033 2512 ut
1069 2462 1133 2512 de
1158 2463 1342 2527 Scylla,
1369 2462 1553 2511 Phorci
1586 2462 1707 2522 filia,
1742 2461 1831 2510 de·

139 2557 239 2605 que
273 2541 472 2605 Ulyssis
507 2540 678 2590 labore
713 2548 764 2591 et
797 2543 1023 2607 periculo
1061 2543 1318 2607 cogitaret.
1386 2541 1582 2592 Vellem
1630 2540 1830 2589 docuis-

139 2626 246 2679 set,
295 2636 505 2684 quonam
556 2621 669 2670 loco
703 2638 786 2672 res
820 2624 900 2686 agi
933 2624 1183 2687 potuisse,
1233 2638 1493 2686 quamnam
1528 2637 1695 2670 rerum
1731 2620 1828 2668 im-

137 2701 484 2765 plicationem,
538 2717 799 2765 quamnam
851 2705 1101 2754 actionum
1153 2703 1338 2752 seriem
1392 2702 1553 2751 fuisse
1600 2701 1829 2764 fingeret.

136 2780 277 2830 Talia
311 2780 443 2829 enim
479 2781 523 2830 si
558 2789 810 2842 curasset,
846 2785 1120 2833 abhorrere
1153 2783 1286 2832 illam
1322 2800 1352 2831 a
1385 2798 1534 2831 scena
1567 2779 1829 2830 materiem

140 2860 391 2925 extemplo
425 2861 769 2914 intellexisset.

272 2940 471 3004 Scyllae
504 2940 815 3005 Megarensis
853 2943 1046 2994 facinus
1079 2943 1381 2992 nobilissima
1405 2941 1663 3006 tragoedia
1682 2938 1829 2990 unius

139 3035 202 3071 ex
234 3020 540 3086 principibus
589 3023 887 3086 tragicorum
932 3024 1237 3074 celebratum
1289 3022 1446 3071 fuisse
1493 3037 1555 3070 ex
1601 3019 1828 3086 plurimis

143 3102 445 3166 scriptorum
484 3101 782 3151 testimoniis
815 3104 1134 3169 intelligitur,
1184 3091 1393 3168 quorum
1429 3101 1637 3150 Ovidius
1672 3099 1827 3148 Trist.

139 3181 201 3243 11,
221 3184 380 3254 ⁸393„
428 3196 523 3246 quo
560 3180 671 3230 loco
705 3184 767 3232 ad
800 3184 1015 3250 plurima
1049 3184 1306 3249 Euripidis
1341 3183 1564 3231 dramata
1595 3178 1829 3244 respexit,

139 3262 326 3310 haecce
361 3261 591 3325 scripsit:
1530 3311 1546 3321 ..

275 3341 487 3407 „Impia
521 3358 618 3392 nee
652 3344 880 3409 tragicos
912 3345 1171 3411 tetigisset
1208 3341 1389 3409 Scylla
1424 3341 1710 3399 cothurnos,

377 3419 455 3471 Na·
485 3424 719 3487 patrium
754 3425 950 3475 crinem
985 3424 1298 3474 desecuisset
1336 3420 1531 3472 amor.''
