2150 3866
936 239 1058 298 2⁰7

296 389 420 441 Mox
466 388 517 438 in
563 404 765 438 scenam
797 393 1057 454 reportato
1091 400 1303 449 corpore
1338 385 1388 434 in
1432 383 1591 448 largas
1625 379 1854 447 querelas

166 470 308 520 dolor
340 470 567 536 Meropis
603 469 901 526 effunditur,
942 484 1069 518 nunc
1105 467 1303 514 demum
1340 463 1689 528 intelligentiS,
1737 462 1853 511 feli-

167 567 252 600 ces
288 567 385 599 non
421 567 508 600 eos
545 567 676 608 esse,
712 550 795 613 qui
829 550 889 597 ab
915 550 1023 597 aliis
1054 547 1227 595 felices
1256 547 1620 611 praedicentur,
1656 543 1743 592 sed
1769 543 1856 606 qui

166 633 230 680 ad
263 648 436 680 omnes
471 631 701 680 fortunae
736 645 884 687 casus.
914 627 1148 676 ferendos
1185 627 1343 690 parati
1378 627 1501 684 sint,
1551 641 1608 673 ac
1643 624 1856 672 dicentis

166 713 267 772 illa,
304 729 430 777 quae
464 713 594 776 apud
620 709 869 759 Plutarch.
899 708 962 756 de
996 707 1245 770 tranquill.
1278 723 1354 755 an.
1387 722 1447 754 ex
1470 706 1566 753 hac
1599 705 1857 768 tragoedia

169 793 407 858 decerpta
463 807 577 841 esse
634 806 793 854 nuper
839 789 962 837 vidit
1004 788 1240 837 Meineke
1284 803 1451 852 progr.
1495 803 1658 850 gymn.
1707 788 1853 836 1843.

170 877 335 940 p.38:

301 948 686 1016 εὐδαιμονίζων
720 950 874 1015 ὄχλος
909 944 1145 1014 ἐξέπληξέ
1179 963 1260 1011 με.

170 1034 332 1096 Quum
369 1033 568 1095 reginae
603 1032 695 1080 soli
731 1031 1022 1080 recludendi
1058 1029 1329 1088 conclavis,
1373 1028 1423 1076 in
1460 1043 1556 1092 quo
1591 1027 1856 1077 thesaurus

168 1113 471 1173 servabatur,
509 1113 651 1177 copia
687 1118 840 1170 esset,
877 1129 972 1161 non
1009 1112 1164 1175 potuit
1199 1117 1374 1158 auctor
1408 1110 1528 1157 facti
1565 1110 1750 1158 diutius
1785 1109 1857 1156 la-

168 1199 291 1244 tere.
359 1193 428 1242 Et
474 1200 674 1259 praesto
722 1199 860 1241 erant
895 1192 1063 1241 famuli
1078 1229 1093 1251 ,
1139 1192 1222 1255 qui
1259 1191 1620 1239 Phaethontem
1657 1189 1858 1254 profici-

169 1282 391 1325 scentem
427 1275 644 1323 comitati
678 1279 850 1336 erant,
889 1290 917 1321 a
952 1274 1130 1337 quibus
1155 1270 1447 1335 inquirendo
1474 1271 1714 1333 integram
1740 1285 1859 1333 pos-

170 1363 248 1405 set
290 1355 550 1403 veritatem
598 1371 683 1402 rex
729 1370 1050 1420 cognoscere.
1133 1351 1408 1415 Clymenen
1458 1352 1590 1399 enim
1638 1351 1756 1414 fuga
1804 1366 1860 1399 se

169 1436 483 1486 subtraxisse
529 1440 582 1483 et
628 1435 783 1499 patris
832 1434 1016 1483 Oceani
1064 1433 1313 1497 praesidio
1361 1448 1417 1480 se
1450 1436 1608 1481 tutam
1642 1432 1862 1496 praesti-

169 1518 297 1566 tisse
342 1522 724 1564 consentaneum
775 1520 866 1566 est.
956 1515 1213 1564 Nutricem
1259 1513 1364 1561 eius
1411 1513 1522 1560 loco
1575 1512 1636 1560 ad
1683 1512 1860 1561 defen-

171 1598 384 1647 dendam
433 1612 658 1644 caussam
704 1595 934 1661 prodisse
970 1595 1248 1644 coniectare
1289 1593 1582 1655 uidelicet,
1632 1594 1763 1656 qnod
1810 1594 1861 1641 in

169 1679 336 1727 indice
367 1693 709 1743 personarum,
747 1677 829 1740 qui
864 1678 912 1724 in
948 1676 1118 1724 codice
1155 1674 1506 1739 praemittitur,
1543 1671 1747 1737 τροφὸς
1772 1690 1861 1722 no-

171 1760 399 1809 minatur.
467 1758 589 1805 Eius
624 1765 791 1805 autem
831 1755 1132 1819 quaestionis
1156 1771 1305 1802 unum
1334 1761 1494 1802 exstat
1524 1754 1860 1819 fragmentum

172 1839 301 1904 apud
338 1837 686 1897 Plutarchum,
733 1838 814 1900 qui
851 1838 1036 1884 haecce
1071 1835 1270 1898 scripsit
1311 1833 1482 1899 Symp.
1520 1834 1603 1892 lV,
1638 1839 1696 1884 2:
1742 1836 1860 1896 „In-

174 1933 406 1969 numeros
463 1918 559 1964 iam
609 1918 794 1964 tonitru
851 1922 1140 1981 peremptos
1199 1915 1498 1974 audivimus,
1557 1933 1765 1980 quorum
1810 1917 1860 1967 in

174 1998 466 2064 corporibus
512 1997 696 2044 nullum
742 1997 820 2045 vel
855 1997 1030 2061 plagae
1074 1995 1152 2043 vel
1186 1994 1315 2058 ignis
1349 1998 1614 2060 vestigium
1650 2014 1860 2062 appare-

173 2084 267 2139 ret,
307 2084 512 2142 propter
547 2082 733 2124 metum
770 2079 999 2125 nimirum
1034 2076 1197 2123 anima
1231 2077 1331 2124 avis
1366 2078 1514 2125 modo
1551 2093 1613 2126 ex
1648 2094 1860 2142 corpore

171 2158 414 2213 avolante,
449 2164 506 2206 ut
540 2157 608 2204 ait
643 2157 935 2223 Euripides:

302 2229 534 2296 πολλοὺς
570 2233 628 2286 δὲ
663 2237 895 2305 βροντῆς
927 2230 1111 2302 πνεῦμ’
1148 2237 1380 2302 ἄναιμον
1421 2236 1661 2288 ὥλεσεν.”

171 2319 381 2384 Cognita
425 2334 603 2368 caussa
665 2335 778 2368 cum
840 2335 931 2368 rex
979 2324 1031 2368 et
1077 2318 1252 2367 dolore
1301 2326 1350 2368 et
1396 2319 1470 2367 ira
1516 2321 1860 2370 vehementius

170 2408 582 2459 commoveretur,
619 2398 846 2449 Oceanus
879 2401 1157 2462 intervenit,
1192 2400 1276 2463 qui
1310 2401 1472 2463 primo
1497 2402 1697 2464 quidem
1727 2402 1860 2450 miti-

170 2487 311 2546 garet
344 2481 594 2529 furentem
628 2487 678 2529 et
713 2481 846 2529 filiae
881 2481 1117 2529 reductae
1151 2483 1516 2540 reconciliaret,
1555 2482 1735 2530 deinde
1769 2497 1859 2531 au-

171 2567 273 2610 tem
309 2561 372 2609 de
406 2561 621 2609 curando
657 2577 865 2626 corpore
899 2577 1025 2625 quae
1059 2562 1128 2610 dii
1164 2561 1506 2609 decrevissent
1531 2563 1858 2626 praeciperet.

173 2640 248 2690 De
282 2657 378 2705 qua
405 2658 461 2690 re
494 2642 716 2690 eiusdem
753 2642 1005 2691 Plutarchi
1041 2644 1190 2691 verba
1226 2642 1256 2692 l.
1285 2642 1316 2689 l.
1349 2642 1691 2705 cognoscenda
1716 2648 1857 2691 sunt:

173 2721 438 2784 „Omnium
474 2723 707 2770 miracula
743 2730 966 2788 superat,
1016 2724 1147 2788 quod
1185 2723 1377 2770 cunctis
1413 2722 1520 2770 fere
1556 2731 1724 2771 notum
1761 2729 1858 2786 est,

171 2803 380 2852 fulmine
410 2802 618 2851 ictorum
655 2819 750 2852 non
785 2806 969 2852 sentire
1005 2819 1212 2868 corpora
1237 2803 1575 2866 putredinem:
1610 2803 1859 2866 siquidem

173 2882 315 2932 multi
360 2897 446 2930 eos
481 2898 640 2946 neque
689 2891 910 2933 cremant
943 2899 1105 2948 neque
1139 2885 1291 2932 humo
1326 2890 1526 2946 tegunt,
1582 2885 1670 2932 sed
1706 2884 1857 2934 relin-

174 2969 331 3028 quunt
376 2962 732 3028 circumsepta,
777 2971 833 3013 ut
877 2964 1247 3028 conspiciantur
1296 2962 1532 3010 cadavera
1577 2965 1858 3029 putredinis

174 3050 420 3110 perpetuo
455 3044 705 3106 expertia,
755 3050 809 3093 ut
855 3045 1107 3109 Euripidis
1145 3044 1384 3108 Clymene
1416 3044 1703 3103 refellatur,
1754 3062 1858 3109 pu-

173 3128 399 3172 trescere
434 3123 529 3170 sibi
564 3122 721 3172 filium
756 3124 804 3171 in
842 3140 1070 3174 saxorum
1120 3125 1346 3172 faucibus
1391 3121 1614 3172 dicens.’'
1684 3123 1858 3174 Vetuit

173 3203 325 3267 igitur
348 3203 473 3251 deus
500 3218 678 3267 corpus
705 3203 923 3263 humari3
950 3206 1179 3269 promisit
1206 3220 1261 3252 se
1287 3204 1407 3252 illud
1435 3203 1495 3252 ad
1527 3202 1854 3266 Eridanum*)

173 3299 265 3348 per
298 3282 511 3331 famulos
545 3285 841 3347 portandum
863 3293 1146 3334 curaturum
1174 3300 1306 3345 esse,
1345 3285 1426 3333 ubi
1450 3300 1646 3333 sorores
1671 3283 1854 3347 (Phae-

233 3444 280 3499 ἢ
310 3444 441 3487 Ovid.
471 3445 528 3495 11,
557 3441 666 3486 3242
698 3445 902 3500 „Excipit
932 3447 1151 3488 Eridanus
1180 3446 1504 3502 spumantiaque
1534 3443 1670 3486 abluit
1700 3442 1821 3485 ora.’'
