2170 3866
1156 247 1280 306 428

528 392 672 459 πέριξ
705 392 874 457 ἑλίξας
902 395 1114 460 ταῦρος,
1150 387 1271 460 εἷλχ’
1306 392 1445 458 ὁμοῦ
1476 391 1655 459 λαβὼν

525 478 770 541 γυναῖκα,
804 471 1016 541 πέτραν,
1053 473 1190 539 δρῦν
1225 474 1594 539 μεταλλάσσων
1626 473 1782 538 ἄεί*).

395 555 624 607 Mortuae
667 573 847 622 corpus
882 557 932 606 in
965 557 1152 615 rivum,
1201 556 1284 620 qui
1317 563 1489 621 postea
1522 558 1581 605 ab
1617 572 1676 605 ea
1707 569 1883 604 nomen
1915 569 2058 602 acce-

397 637 498 703 pit,
536 638 779 685 abiectum
815 643 907 686 est.
977 636 1114 684 Haec
1140 635 1311 683 eadem
1346 637 1505 685 omnia
1539 636 1588 684 in
1625 635 1814 700 pariete
1846 633 2060 682 aedificii

395 716 647 766 cuiusdam
682 717 851 782 oppidi
885 715 1147 764 Herculani
1181 715 1428 780 pingendo
1463 730 1698 779 expressa
1731 718 1870 772 sunt,
1915 728 2059 776 quam

393 796 633 863 picturam
668 796 884 844 Zahnius
916 796 1131 843 imitatus
1167 800 1244 842 est
1278 800 1330 842 et
1361 794 1712 857 benignissime
1737 809 1946 852 mecum,
1981 791 2063 840 cui

394 875 623 926 volumen
657 875 818 939 ipsum
852 874 1177 922 imitationum
1203 874 1413 922 adeundi
1439 875 1650 923 facultas
1675 873 1891 932 deesset,
1926 886 2061 920 com-

394 954 675 1005 municavit.
757 954 1093 1002 Ostenduntur
1139 953 1245 1001 loca
1290 970 1463 1019 aspera
1499 960 1548 1003 et
1582 953 1898 1016 confragosa,
1943 966 2062 1015 par-

393 1036 481 1084 tim
529 1034 661 1082 saxis
695 1033 973 1096 praeruptis
1015 1032 1193 1094 partim
1236 1033 1368 1081 silvis
1402 1035 1577 1082 obsita.
1643 1032 1840 1081 Ferocit
1873 1037 2062 1090 taurus,

394 1115 532 1163 cuius
566 1113 730 1162 medio
766 1113 959 1175 corpori
993 1111 1138 1159 Dirce
1173 1111 1367 1176 alligata
1400 1120 1507 1173 est,
1541 1112 1744 1169 hedera,
1780 1110 2061 1161 bacchatio-

394 1193 473 1243 nis
507 1193 801 1256 insignibuS‚
849 1198 1093 1240 coronata.
1173 1192 1216 1240 A
1263 1191 1429 1240 fronte
1473 1191 1665 1240 belinae
1711 1192 1903 1240 Zethus
1949 1206 2062 1238 cum

393 1273 609 1336 Antiopa
641 1277 776 1320 stans
815 1271 986 1318 similis
1023 1277 1102 1319 est
1135 1277 1326 1319 taurum
1362 1272 1606 1332 incitanti3
1640 1273 1699 1319 ab
1734 1271 1885 1320 altera
1920 1275 2062 1334 parte

393 1352 640 1417 Amphion
675 1350 947 1415 paedagogi
982 1351 1186 1398 consilia
1229 1351 1503 1411 auscultat,
1549 1351 1799 1410 docentis,
1841 1367 1938 1414 qua
1983 1365 2061 1398 ra-

394 1432 526 1482 tione
559 1432 723 1494 Lycus
759 1430 1035 1493 puniendus
1069 1430 1150 1478 sit.
1216 1429 1483 1478 Interfecta
1526 1430 1673 1494 igitur
1705 1430 1851 1478 Dirce
1883 1430 2062 1495 gemini

396 1510 658 1575 Antiopam
720 1509 915 1573 quidem
963 1509 1045 1556 uni
1092 1526 1152 1557 ex
1200 1510 1445 1558 sodaiibus
1492 1508 1863 1557 custodiendam
1900 1510 2061 1558 'redu-

395 1591 701 1653 cendamque
734 1589 795 1638 ad
831 1589 1018 1638 stabula
1053 1590 1387 1645 tradiderunt,
1435 1589 1770 1654 paedagogum
1803 1595 1967 1638 autem
2000 1589 2063 1638 ad

395 1686 563 1736 regem
609 1668 797 1732 Lycum
853 1670 1112 1728 miserunt,
1171 1669 1255 1732 qui
1299 1668 1547 1717 nuntiaret
1596 1684 1652 1716 se
1693 1668 1952 1731 Antiopam
1999 1669 2062 1730 ei,

395 1754 452 1799 ut
485 1765 676 1799 servam
709 1749 990 1814 fugitivam,
1025 1749 1368 1808 restituturos,
1403 1764 1559 1811 eoque
1593 1748 1790 1797 nomine
1820 1748 2064 1809 invitaret,

396 1835 452 1879 ut
484 1830 647 1894 ipsum
682 1828 743 1877 ad
780 1828 967 1878 stabula
1003 1828 1264 1878 ducentem
1299 1828 1464 1877 statim
1501 1833 1822 1892 sequeretur3
1860 1828 1958 1894 ipsi
1989 1829 2065 1877 in-

396 1910 543 1959 terim
577 1907 756 1974 gemini
802 1924 912 1956 cum
948 1908 1198 1957 sodalibus
1232 1909 1280 1957 in
1311 1908 1501 1958 insidiis
1545 1907 1768 1957 collocati
1800 1909 2085 1959 adventum-

398 1990 502 2040 eius
538 1986 941 2053 operiuntur-*⁴‘).

526 2069 621 2117 His
655 2069 895 2133 expositis
931 2068 1185 2117 victoriam
1220 2067 1427 2132 geminis
1462 2068 1643 2117 chorus
1669 2068 1969 2132 gratulatur:
2004 2069 2067 2118 ad

397 2150 527 2198 hunc
552 2148 681 2196 enim
708 2164 879 2211 paean,
915 2164 1060 2210 quem
1096 2146 1357 2211 Amphioni
1376 2147 1664 2212 Propertius
1685 2148 1871 2208 tribuit,
1903 2152 2066 2197 trans-

396 2227 632 2278 ferendus
667 2241 780 2274 esse
813 2226 1021 2274 videtur.
1089 2225 1210 2274 Mox
1243 2231 1553 2274 revertuntur
1594 2225 1804 2290 gemini,
1850 2226 2066 2275 vinctum

396 2308 700 2358 adducentes
731 2305 938 2369 Lycum.
1006 2304 1225 2366 Quorum
1259 2303 1498 2369 adspectu
1529 2310 1688 2352 mater
1727 2303 1916 2354 laetitia
1947 2321 2068 2370 per-

395 2388 641 2439 funditur:

530 2465 684 2532 χαῖρ’,
722 2455 762 2514 ὦ
795 2460 929 2529 καλὴ
963 2460 1187 2525 ξυνωρίς
1200 2460 1310 2525 ***)
1443 2487 1508 2498 -
1675 2489 1736 2498 —·

534 2545 899 2608 „Salvetffi
967 2544 1249 2610 gemini,
1313 2558 1448 2591 mea
1509 2557 1841 2608 propages
1904 2558 2069 2591 san-

1225 2621 1508 2687 guinis.'’

402 2708 590 2758 Eadem
638 2705 910 2755 collaudata
956 2720 1124 2753 eorum
1169 2704 1354 2751 virtute
1400 2703 1633 2765 pietatem
1667 2700 1729 2749 iis
1765 2705 1816 2749 et
1845 2700 2071 2766 probita-

404 2794 520 2850 tem,
556 2791 612 2836 ut
644 2786 823 2835 bonum
859 2782 1350 2848 praestantissimum,
1387 2781 1721 2830 commendat:

825 2867 952 2914 πᾶσι
986 2862 1036 2913 δ’
1070 2859 1300 2927 α’γγέλλω
1335 2860 1546 2924 βροτοῖς

533 2942 740 2995 ἐσθλῶν
774 2941 862 2993 ἀπ’
898 2942 1111 3007 ἀνδρῶν
1144 2941 1328 3007 εὐγενῆ
1365 2940 1595 3005 σπείρειν
1627 2937 1807 2990 τέκνα·

462 3147 511 3202 *)
540 3146 607 3188 Cf.
641 3145 848 3188 Valcken,
882 3160 923 3199 p.
955 3144 1022 3187 66.
1060 3146 1264 3202 Ungerus
1285 3144 1329 3186 in
1355 3144 1501 3187 Theb.
1536 3142 1688 3197 parad.
1721 3155 1763 3195 p.
1795 3139 1863 3186 83.
1899 3141 2071 3182 mavult

542 3216 739 3270 γυναικί.
797 3215 894 3257 Non
924 3219 990 3257 est
1022 3229 1145 3271 opus.

435 3287 513 3343 *ἢ
541 3288 693 3330 Schol.
715 3286 942 3340 Aponon:
978 3281 1386 3341 μεταπεμψάμενοι
1416 3282 1466 3328 δὲ
1488 3280 1569 3327 τὸν
1588 3279 1739 3325 Λύκον
1759 3276 1821 3331 (ὃς
1843 3276 2069 3324 ἐκδώσων-

545 3372 620 3408 τες
647 3353 734 3412 τὴν
755 3352 1003 3411 Ἀντιόπην.

408 3427 517 3484 ΨΜ)
555 3427 736 3473 Lucian.
771 3425 949 3482 Philop.
982 3428 1019 3480 §.
1051 3424 1117 3468 28.
