2170 3848
999 269 1081 327 99

173 421 314 472 rimis
356 423 632 479 amaretur,
685 420 778 468 viri
827 419 1042 483 denique
1085 415 1232 466 factis
1267 417 1421 481 magis
1456 422 1509 466 et
1553 417 1844 468 fortitudine

173 516 320 566 quam
367 501 578 549 dicendo
623 500 820 549 laudem
857 499 1039 561 adepti.
1105 495 1269 559 Atque
1300 496 1392 543 has
1428 501 1586 545 tantas
1621 498 1842 557 virtutes,

173 580 353 644 quibus
415 584 468 628 et
527 580 792 643 gloriosam
847 582 1056 626 mortem
1115 580 1168 622 et
1224 575 1480 623 honestam
1537 577 1844 641 sepulturam

173 675 346 709 omnes
371 658 540 723 adepti
574 660 684 719 sint,
720 673 782 707 ex
813 657 1005 721 pudore
1031 660 1170 703 natas
1202 669 1316 702 esse
1338 653 1558 718 disputat
1585 658 1845 720 Adrastus,

172 739 416 803 pudorem
450 744 614 788 autem
647 736 817 786 animis
866 735 1018 784 inseri
1053 733 1331 798 disciplina.
1399 733 1492 781 His
1527 735 1845 791 humanitatis

171 826 242 868 et·
269 819 727 868 honestissimorum
777 816 1052 865 studiorum
1096 814 1388 878 imaginibus
1423 818 1728 879 quantopere
1762 834 1846 866 ve-

173 906 309 948 teres
341 897 464 948 moti
496 897 610 956 sint,
644 912 707 945 ex
740 895 1034 946 testimoniis
1070 895 1368 958 scriptorum
1395 893 1706 956 intelligitur,
1742 896 1846 944 vel-

175 984 228 1026 ut
258 978 424 1037 Zeno,
478 976 663 1024 stoicae
695 982 868 1025 auctor
902 975 1211 1038 disciplinae,
1246 975 1295 1022 in
1331 989 1417 1022 ore
1450 974 1635 1023 habere
1671 975 1845 1025 solitus

172 1060 251 1104 est
299 1070 471 1105 versus
523 1055 586 1103 de
630 1055 856 1119 Capaneo
903 1055 1064 1104 dictos
1112 1054 1340 1119 (Diogen.
1377 1053 1545 1102 Laert.
1585 1054 1689 1115 Vll,
1724 1055 1846 1123 23.).

171 1135 408 1184 Eiusdem
458 1134 674 1199 Capanei
721 1135 974 1200 exemplar
1018 1134 1286 1198 Pelopidae
1333 1133 1599 1196 Thebano,
1648 1135 1848 1185 Eteocli

165 1218 336 1264 'autem
385 1214 555 1279 Argivi
604 1230 864 1278 personam
899 1214 1270 1279 Epaminondae
1319 1213 1381 1261 ob
1418 1214 1587 1262 oculos
1637 1217 1846 1278 positam

170 1293 328 1342 fuisse
367 1293 661 1342 Plutarchus
698 1295 958 1357 significat.
1029 1293 1379 1358 Respexerunt
1428 1293 1649 1341 eiusdem
1697 1299 1846 1359 atque

172 1372 392 1422 Eteoclis
444 1389 610 1423 mores
654 1374 890 1423 Euclides
939 1374 1069 1438 apud
1120 1374 1302 1422 Athen.
1341 1373 1422 1422 Vl.
1462 1390 1510 1438 p.
1547 1375 1661 1421 250.
1697 1374 1755 1424 E.
1795 1380 1847 1425 et

171 1451 322 1501 Teles
353 1469 431 1517 ap.
455 1453 593 1502 Stob.
614 1453 768 1503 XCV.
789 1461 841 1503 et
867 1454 1040 1505 XLVI.
1110 1454 1249 1502 Haec
1285 1453 1492 1503 efficere
1526 1453 1683 1518 pluris
1721 1461 1844 1517 erat,

171 1549 318 1598 quam
344 1549 510 1583 mores
543 1535 752 1584 heroum
791 1536 850 1584 ab
875 1535 982 1582 aliis
1011 1535 1171 1599 poetis
1198 1533 1427 1591 traditoS,
1464 1534 1527 1583 ad
1551 1533 1680 1584 hanc
1702 1534 1846 1586 fabu-

171 1614 267 1664 lam
302 1615 423 1662 nihil
457 1615 779 1680 pertinentes,
817 1630 1029 1663 servare.
1715 1672 1717 1675 .

303 1694 443 1744 Dicta
476 1695 768 1752 laudatione,
803 1694 965 1758 placet
1000 1694 1299 1758 Capaneum,
1336 1692 1464 1742 Iovis
1489 1693 1696 1744 fulmine
1731 1711 1848 1746 con-

173 1780 449 1838 secratum,
503 1776 765 1838 separatim
813 1776 861 1822 in
908 1779 1226 1822 monumento
1276 1788 1439 1837 prope
1478 1775 1715 1838 templum
1764 1793 1848 1825 ex-

173 1859 364 1903 structo
399 1855 642 1918 componi,
678 1855 893 1917 reliquos
927 1859 1148 1902 mortuos
1185 1853 1431 1901 communi
1465 1869 1586 1918 rogo
1623 1858 1847 1906 cremari.

172 1934 249 1983 Ad
284 1930 429 1998 quem
463 1936 578 1984 dum
616 1949 823 1998 corpora
867 1935 1191 1989 abducuntur,
1227 1939 1441 1993 matres,
1497 1949 1560 1981 ne
1594 1935 1847 1986 vulnerum

170 2014 462 2063 foedissimo
497 2014 735 2077 adspectu
772 2015 915 2062 dolor
949 2019 1202 2078 augeatur,
1230 2013 1589 2075 relinquuntur.
1656 2014 1850 2066 Finitur

172 2100 312 2143 actus
335 2100 441 2143 tum
467 2093 711 2142 sententia
726 2094 1027 2157 gravissima,
1059 2110 1156 2158 qua
1190 2094 1396 2142 avaritia
1424 2095 1648 2143 caedium
1676 2111 1849 2145 caussa

169 2174 428 2239 pestisque
469 2173 718 2222 felicitatis
767 2189 880 2222 esse
929 2174 1178 2236 arguitur,
1226 2178 1332 2221 tum
1383 2175 1600 2223 carmine
1634 2175 1847 2239 lugubri,

170 2269 269 2318 quo
303 2255 564 2303 orbitatem
599 2269 736 2302 suam
772 2261 824 2302 et
859 2258 1206 2302 commutatam
1244 2260 1427 2312 sortem
1480 2261 1667 2304 matres
1701 2257 1846 2306 flebi-

169 2334 284 2384 liter
318 2334 596 2400 deplorant.
668 2333 971 2383 Contrahere
998 2335 1115 2382 licet
1143 2335 1298 2399 spatia
1323 2350 1379 2382 ac
1404 2339 1627 2400 tempora
1658 2353 1846 2397 eorum,

169 2430 297 2478 quae
330 2415 487 2464 oculis
523 2419 858 2479 spectatorum
893 2415 1273 2475 subtrahuntur,
1311 2430 1405 2462 non
1452 2430 1651 2478 eorum,
1702 2433 1845 2480 quae,

168 2510 319 2558 quum
367 2510 531 2542 coram
568 2500 884 2558 spectentur,
942 2496 1100 2542 minus
1137 2500 1346 2559 possunt
1391 2494 1584 2544 fallere.
1656 2497 1847 2558 Quam-

170 2576 339 2624 obrem
376 2589 526 2637 quum
562 2575 612 2622 in
651 2574 758 2639 ipsa
794 2590 940 2623 scena
966 2576 1080 2642 *rogi
1117 2574 1393 2623 cremandis
1430 2575 1720 2638 corporibus
1757 2593 1847 2625 ex—

169 2659 477 2703 struerentur
522 2655 853 2719 ardentesque
898 2655 1304 2718 conspicerentur
1352 2650 1427 2718 (et
1472 2660 1610 2703 recte
1645 2657 1844 2718 quidem

169 2749 488 2798 summaeque
518 2735 664 2782 huius
699 2735 930 2783 dramatis
964 2736 1393 2796 accommodate),
1430 2737 1700 2784 curandum
1734 2737 1845 2798 fuit,

168 2818 240 2875 ut,
267 2813 456 2873 domin
483 2814 670 2862 cineres
695 2815 1005 2864 considerent
1032 2816 1188 2879 ignes,
1225 2816 1642 2880 episodiolaliquo
1660 2818 1846 2881 magni-

168 2893 266 2941 fico
301 2897 353 2941 et
387 2909 496 2942 cum
541 2910 704 2943 rerum
753 2895 1031 2944 conditione
1078 2901 1378 2959 congruente
1423 2897 1568 2944 animi
1616 2904 1844 2946 teneren-

168 2979 264 3022 tur.
334 2972 385 3020 ld
421 2990 516 3037 qua
549 2974 738 3022 ratione
770 2975 1035 3039 Euripides
1070 2975 1375 3040 perfecerit,
1426 2976 1523 3024 iam
1574 2977 1843 3026 videamuS.

299 3051 567 3101 Exstructo
618 3053 747 3101 enim
783 3070 872 3118 per
906 3055 1118 3104 famulos
1153 3055 1369 3119 Capanei
1405 3060 1723 3105 monumento
1763 3073 1845 3105 ac-

169 3146 415 3195 censoque
451 3147 600 3197 rogo,
635 3139 840 3197 repente
877 3150 1001 3183 uxor
1036 3135 1203 3196 huius,
1241 3137 1460 3199 Evadne,
1498 3137 1686 3202 lphidis
1723 3137 1844 3197 filia,

168 3211 219 3259 in
253 3227 380 3276 rupe
413 3213 696 3262 imminente
733 3219 864 3263 stans
900 3216 1229 3280 conspicitur,
1283 3217 1398 3266 inde
1441 3217 1492 3265 in
1526 3232 1698 3282 rogum
1735 3217 1845 3277 viri,

170 3291 251 3340 cui
288 3307 342 3340 se
376 3292 633 3340 immolare
668 3295 950 3356 constituit,
1006 3311 1184 3359 corpus
1230 3296 1518 3346 demissura.
1590 3296 1644 3344 In
1679 3296 1845 3360 episo-

167 3371 303 3421 dium
355 3378 527 3421 noster
562 3373 804 3423 contraxit
837 3382 1176 3439 argumentum
1214 3377 1490 3437 eiusmodi,
1524 3376 1668 3439 quale
1702 3378 1847 3423 antea

165 3451 354 3517 integra
387 3453 638 3517 tragoedia
671 3460 940 3504 ornaverat.
1010 3455 1202 3507 Revera
1236 3457 1365 3507 enim
1400 3457 1634 3507 Evadnae
1658 3455 1844 3504 facturn

1436 3536 1511 3584 7*
1591 3568 1594 3572 -
