2170 3866
830 215 847 240 ι’

940 263 1066 324 459

146 416 386 470 Valcken.
406 414 656 480 v.1026.).
713 414 981 464 Praeterea
1014 429 1098 464 res
1132 412 1263 461 inter
1297 427 1355 462 se
1386 412 1528 478 ipsae
1559 413 1846 463 cohaerent.

148 498 342 564 Sphinx
390 498 522 546 enim
566 512 742 546 caussa
789 495 890 544 fuit
938 493 1118 558 Oedipi
1165 494 1212 541 in
1265 509 1474 556 regnum
1511 497 1564 541 et
1597 493 1846 542 civitatem

145 578 477 638 adsciscendi,
515 593 692 626 caussa
727 575 825 626 fuit
845 576 1025 624 incesti
1051 574 1368 633 matrimonii,
1406 590 1468 622 ex
1491 589 1589 637 quo
1614 574 1701 622 illa
1726 589 1845 638 pro-

145 666 391 709 venerunt
448 659 605 718 mala,
665 673 791 721 quae
850 655 1109 704 Menoecei
1166 659 1327 703 morte
1386 656 1655 703 avertenda
1712 660 1844 704 sunt.

146 731 365 804 Egregia
414 746 491 789 est
524 741 685 802 imago
732 738 894 786 luctus
932 736 1137 784 saevitia
1172 736 1379 783 monstri
1416 734 1586 783 effecti
1619 739 1672 784 et
1706 752 1845 786 com-

147 821 308 870 modis
355 837 448 869 non
499 819 662 867 verbis
714 825 936 880 tantum,
987 817 1078 864 sed
1138 817 1285 864 etiam
1322 817 1539 865 numeris
1586 833 1843 882 expressa.

147 899 372 966 Denique
406 917 541 950 mors
579 899 908 947 adolescentis
944 913 1001 945 ea
1035 897 1227 945 ratione
1257 898 1579 960 collaudatur,
1622 915 1749 963 quae
1772 898 1847 947 di-

150 981 391 1046 gnissima
425 985 506 1030 est
539 980 616 1041 iis,
654 980 736 1042 qui
774 979 1001 1027 laudant:
1052 977 1172 1038 „Sic
1208 978 1395 1027 utinam
1431 979 1610 1027 fiamus
1645 985 1848 1041 matres,

150 1061 224 1112 sic
251 1063 394 1128 prole
417 1061 613 1121 felices,
650 1076 678 1109 o
711 1059 889 1118 Pallas,
918 1075 1045 1123 quae
1070 1060 1335 1107 draconem
1363 1059 1643 1116 confecisti,
1665 1059 1849 1119 ,Cadmi

148 1142 411 1208 impellens
458 1143 520 1191 ad
568 1157 693 1206 opus
745 1157 944 1201 curam,
1007 1147 1214 1204 propter
1260 1139 1392 1203 quod
1437 1139 1660 1189 irascens
1706 1141 1847 1190 Mars

150 1222 388 1288 Sphingis
422 1221 739 1287 postmodum
775 1224 970 1285 rapinas
1006 1216 1265 1269 immisit.”

281 1302 335 1351 ln
370 1303 447 1350 his
483 1318 595 1350 cum
634 1300 832 1349 Pindari
871 1300 1066 1348 laudem
1111 1300 1389 1347 aemulatus
1436 1299 1506 1348 sit
1547 1305 1750 1362 noster,
1797 1301 1849 1350 in

149 1381 241 1442 iis,
289 1398 418 1447 quae
463 1387 767 1445 sequuntur,
802 1380 1076 1429 Homerum
1125 1381 1364 1429 imitatur.
1450 1380 1669 1442 Quartus
1717 1383 1850 1432 enim

149 1467 291 1512 actus
325 1463 506 1511 effecta
541 1462 827 1520 ostendenS,
864 1477 988 1523 quae
1022 1462 1070 1510 in
1106 1462 1356 1526 prioribus
1392 1468 1687 1525 praeparata
1716 1468 1849 1524 sunt,

148 1559 312 1609 paene
362 1548 495 1592 totus
542 1559 604 1591 ex
646 1543 1012 1590 narrationibus
1055 1543 1377 1590 certaminum
1416 1547 1641 1600 constat,
1690 1549 1850 1592 mate-

149 1624 272 1684 riae,
307 1640 437 1688 quae
463 1624 696 1673 universo
723 1622 961 1684 Aeschyli
982 1622 1188 1670 carmini
1224 1622 1446 1682 suffecit,
1484 1630 1676 1687 partem
1702 1624 1851 1688 longe

151 1705 415 1752 maximam
464 1704 822 1767 complectens.
895 1702 968 1749 De
1014 1702 1233 1751 filiorum
1275 1704 1377 1751 vita
1413 1710 1530 1752 ante
1566 1705 1727 1752 omnia
1761 1720 1850 1753 co·

151 1801 394 1849 gnoscere
441 1785 723 1848 cupientem
771 1782 994 1831 locasten
1030 1790 1164 1830 metu
1199 1783 1381 1832 liberat
1414 1787 1640 1844 nuntius,
1684 1785 1852 1835 vivero

154 1881 242 1914 eos
278 1865 480 1924 dicens3
515 1865 581 1912 ita
616 1864 906 1913 facultatem
937 1863 1231 1926 adipiscitur
1254 1865 1491 1913 victoriae
1516 1866 1690 1930 populi
1711 1864 1850 1915 The-

152 1947 394 1997 banorum
430 1947 568 2011 prius
604 1946 945 2010 exponendae,
980 1944 1031 1991 id
1060 1944 1192 2006 quod
1219 1950 1270 1992 et
1292 1953 1586 2010 argumento
1615 1946 1850 1995 idoneum

155 2033 235 2077 est
268 2044 429 2092 neque
473 2044 499 2075 a
536 2034 709 2074 natura
744 2025 1059 2084 luititiorum,
1102 2025 1263 2073 tristia
1300 2034 1586 2075 cunctanter
1620 2043 1714 2076 nec
1759 2027 1851 2076 nisi

154 2123 269 2157 cum
306 2114 550 2173 coguntur
584 2106 928 2167 referentium,
963 2105 1214 2155 abhorret.
1284 2107 1504 2155 Primum
1540 2109 1714 2170 paucis
1738 2124 1850 2157 ver-

152 2188 228 2238 bis
263 2187 528 2237 Menoecei
563 2204 696 2236 mors
733 2193 1169 2243 commemoratur,
1207 2188 1347 2236 cuius
1373 2189 1676 2253 amplissima
1704 2205 1851 2254 prae-

153 2267 344 2317 dicatio?
387 2268 447 2316 iis
494 2269 619 2333 ipsis
666 2269 822 2327 inest,
879 2283 1007 2330 quae
1051 2268 1185 2315 illam
1236 2268 1460 2318 insecuta
1509 2274 1639 2319 sunt.
1722 2269 1851 2319 Nam

153 2363 268 2399 cum
302 2354 440 2398 stans
475 2365 668 2397 summa
701 2350 752 2397 in
787 2348 944 2409 turri,
991 2349 1306 2412 inspectante
1351 2357 1566 2413 utroque
1599 2349 1852 2413 exercitu,

154 2430 381 2495 iugulum
425 2429 591 2494 gladio
636 2430 997 2490 transfixisset,
1043 2430 1151 2478 sine
1194 2447 1329 2478 mora
1367 2431 1604 2480 Eteocles
1652 2438 1851 2496 septem

155 2509 389 2560 cohortes
423 2526 535 2558 cum
571 2510 782 2559 ducibus
817 2510 880 2558 ad
916 2517 1109 2573 septem
1146 2516 1319 2574 portas
1357 2512 1606 2576 disposuit
1640 2516 1693 2560 et
1729 2512 1850 2561 alias

154 2590 205 2639 in
238 2589 431 2639 insidiis
465 2590 751 2651 collocavit,
788 2607 915 2654 quae
951 2580 1272 2638 subvenirent
1307 2592 1657 2641 laborantibus.
1726 2592 1852 2643 Mox

155 2670 374 2720 hostium
411 2673 656 2720 exercitus
690 2673 752 2721 ad
787 2673 1029 2736 impetum
1063 2670 1348 2720 faciendum
1397 2689 1546 2722 cursu
1580 2675 1850 2739 appropin-

157 2750 350 2814 quavit,
399 2756 452 2800 et
502 2751 760 2801 classicum
811 2754 1041 2814 utrinque
1088 2753 1263 2799 sonuit.
1344 2752 1504 2801 Duces
1555 2755 1850 2817 Argivorum

158 2831 340 2895 singuli
387 2846 498 2879 cum
547 2832 836 2896 clypeorum
885 2832 1159 2895 insignibus
1210 2834 1588 2884 describuntur:
1635 2835 1850 2885 facultas

157 2911 291 2962 enim
327 2911 500 2960 nuntio
534 2911 632 2960 fuit
667 2915 1122 2976 cognoscendorum
1159 2913 1464 2978 singulorum
1502 2917 1700 2964 adeunti
1734 2932 1850 2980 por-

156 2998 232 3041 tas
283 2992 530 3058 singulas,
579 3009 689 3041 cnm
736 3001 982 3042 tesseram
1028 2994 1391 3043 circumferret.
1463 2996 1768 3062 Aeschylum
1803 2999 1852 3046 in

157 3073 500 3122 describendis
550 3073 835 3138 clypeorum
871 3075 1163 3140 imaginibus
1199 3075 1271 3123 sic
1308 3082 1513 3126 secutus
1551 3083 1628 3125 est
1662 3083 1850 3139 noster,

158 3158 215 3204 ut
247 3160 414 3203 tamen
451 3154 688 3219 pleraque
735 3157 938 3223 propria
977 3155 1235 3203 inveniret.
1307 3157 1600 3220 Arrogantia
1634 3158 1850 3206 virorum

157 3235 443 3285 declaratur
476 3236 762 3298 insignibus,
797 3252 825 3284 a
860 3253 1069 3300 quorum
1104 3236 1365 3285 insolentia
1400 3239 1641 3287 modestia
1683 3237 1854 3286 differt

159 3315 480 3379 Amphiarai,
525 3316 752 3364 victimas
806 3332 977 3366 secum
1027 3333 1175 3365 curru
1211 3317 1439 3368 vehentis
1489 3326 1542 3366 et
1575 3334 1711 3368 arma
1747 3318 1851 3366 sine

161 3395 314 3458 signis
349 3396 583 3458 gerentis.
651 3397 915 3446 Artificum
951 3402 1117 3445 autem
1153 3396 1425 3446 sollertiam
1462 3399 1703 3463 imagines
1738 3414 1852 3446 cum

161 3490 334 3525 omnes
384 3482 491 3526 tum
538 3493 665 3541 quae
714 3477 765 3527 in
811 3476 1063 3541 Polynicis
1109 3482 1252 3526 scuto
1299 3479 1498 3543 depicta
1546 3483 1626 3527 est
1669 3478 1853 3542 prodit,
