2150 3866
1177 308 1300 364 214

391 458 664 522 apertoque
712 457 1050 515 monumento,
1099 453 1317 504 Glaucus
1366 470 1478 525 cum
1515 455 1722 522 Polyido
1769 459 1906 509 vivus
1959 476 2080 526 pro-

390 537 568 586 ductus
605 539 683 584 est
698 531 775 598 *):
824 550 920 599 quo
954 540 1249 599 recuperato
1286 538 1469 599 quanta
1515 534 1672 586 fuerit
1703 539 1838 604 regis
1873 539 2080 602 laetitia,

390 614 539 664 facile
576 613 885 679 intelligitur.
953 615 1091 677 Quae
1133 615 1267 664 intus
1316 619 1457 681 gesta
1502 621 1670 679 erant,
1713 617 1956 684 Polyidus
1992 636 2080 668 ex-

392 695 584 760 posuit:
620 694 684 743 de
719 695 894 759 quibus
927 694 1053 744 haec
1087 694 1246 744 refert
1274 694 1534 761 Hyginus:
1602 696 1735 759 „Qui
1761 714 1876 748 cum
1902 699 2082 748 inclusi

392 779 584 831 essent,
635 774 782 823 draco
830 779 1042 840 repente
1091 774 1151 822 ad
1202 790 1384 840 corpus
1420 775 1566 839 pueri
1602 767 1865 840 processit.
1935 778 2082 841 Quod

391 853 630 918 Polyidus
664 855 929 903 aestimans
965 870 1080 903 eum
1114 853 1243 903 velle
1295 870 1625 918 consumere,
1676 855 1841 922 gladio
1873 864 2083 923 repente

392 935 640 999 percussit
673 941 724 982 et
757 933 956 985 occidit.
1023 934 1194 983 Altera
1230 950 1457 999 serpens,
1492 951 1666 999 parem
1703 953 1976 1002 quaerens,
2013 938 2084 985 vi-

393 1013 465 1062 dit
511 1030 619 1063 eam
664 1013 1003 1075 interfectam,
1053 1018 1107 1062 et
1153 1029 1417 1079 progressa
1463 1014 1670 1070 herbam
1720 1008 1890 1067 attulit
1936 1021 2088 1080 atque

397 1094 505 1143 eius
554 1099 691 1143 tactu
740 1093 962 1161 serpenti
1010 1093 1241 1158 spiritum
1274 1094 1506 1144 restituit.
1574 1094 1812 1160 Idemque
1844 1094 2087 1160 Polyidus

395 1171 564 1222 fecit.''
632 1174 740 1223 Non
774 1174 956 1238 gladio,
995 1173 1084 1222 sed
1119 1173 1287 1237 lapide
1323 1179 1610 1238 serpentem
1650 1190 1946 1240 percussum
1969 1190 2086 1225 esse

394 1253 462 1302 ait
474 1254 823 1318 Apollodorus,
861 1259 910 1302 et
939 1254 1206 1302 temerario
1226 1253 1329 1302 ictu
1362 1253 1614 1315 interisse,
1649 1270 1801 1319 quum
1829 1256 1892 1305 ad
1921 1271 1979 1304 se
2000 1271 2089 1305 ne-

395 1334 605 1383 candum
633 1332 872 1398 Polyidus
907 1349 1021 1382 eum
1046 1333 1259 1382 efferare
1281 1333 1447 1383 vellet.
1498 1333 1644 1383 Alter
1668 1339 1835 1384 autem
1863 1350 2088 1401 serpeus,
2116 1338 2122 1342 ’

395 1414 615 1478 priorem
651 1413 951 1462 exstinctum
987 1414 1321 1477 conspicatuS‚
1357 1417 1493 1462 retro
1526 1413 1670 1475 abiit3
1704 1430 1821 1464 mox
1857 1430 2088 1465 reversus

396 1493 542 1543 allata
587 1494 742 1542 herba
785 1494 998 1558 quadam
1043 1498 1204 1541 totum
1238 1493 1421 1541 mortui
1457 1508 1637 1558 corpus
1686 1495 1939 1544 contexit=
1988 1509 2089 1558 quo

395 1573 531 1623 facto
565 1589 739 1639 magna
774 1589 887 1622 cum
922 1573 1246 1622 admiratione
1279 1573 1517 1637 Polyidus
1561 1579 1809 1624 mortuum
1843 1574 1969 1624 vidit
2003 1589 2089 1624 re-

394 1653 734 1714 viviscentem3
780 1659 885 1702 tum
920 1654 1026 1702 sine
1061 1668 1230 1712 mora,
1264 1653 1447 1702 iisdem
1481 1659 1626 1703 utens
1660 1655 1831 1704 herbis
1865 1654 2090 1704 imitans-

396 1749 495 1798 que
538 1740 849 1800 serpentem,
898 1733 1143 1782 Glaucum
1191 1739 1439 1782 mortuum
1474 1734 1764 1797 suscitavit3
1795 1733 1880 1786 ef.
1911 1733 2090 1783 Tzetz.

397 1820 449 1863 et
487 1814 716 1879 Apollod.
754 1814 787 1864 l.
826 1813 860 1862 l.
936 1812 1099 1862 Huius
1147 1813 1438 1862 narrationis
1488 1812 1616 1861 nihil
1666 1820 1917 1864 servatum
1976 1828 2093 1862 esse

396 1890 704 1961 videtur**),
740 1893 835 1943 nisi
868 1892 1001 1942 forte
1034 1893 1187 1954 haec,
1222 1907 1349 1957 quae
1381 1893 1432 1942 in
1465 1892 1671 1943 incertis
1707 1898 1956 1961 ponuntur
1988 1892 2093 1941 fra-

395 1974 610 2040 gmentis
643 1989 690 2022 n.
715 1975 825 2022 108.
850 1978 901 2021 et
926 1975 1060 2034 240„
1095 1974 1213 2023 inde
1247 1973 1489 2038 decerpta
1524 1973 1654 2023 sint:

529 2051 629 2119 ἔχει
661 2049 910 2119 τελευτὴν
941 2042 1104 2120 ἧςπερ
1138 2050 1313 2104 οὕνεκ’
1349 2050 1554 2118 ἐγένετο

536 2210 669 2272 Ζεὺς
701 2214 888 2278 μάντις
921 2210 981 2263 ἐν
1012 2216 1224 2264 θεοῖσιν
1258 2210 1651 2276 ἄψευδέστατος

534 2322 598 2329 -—-
765 2319 828 2330 οι-
997 2321 1060 2331 -
1228 2322 1291 2329 ---
1455 2320 1516 2329 —

530 2370 621 2425 καὶ
651 2369 800 2432 τέλος
834 2371 995 2432 αὐτὸς
1028 2368 1146 2436 ἔχει.

319 2475 322 2477 ·
399 2453 683 2519 Tantopere
717 2454 885 2503 Minos
919 2451 1170 2518 gaudebat
1206 2451 1397 2501 Glauco
1431 2454 1658 2515 recepto,
1693 2453 1750 2497 ut
1780 2452 1987 2514 cuperet
2019 2448 2096 2498 iu-

402 2551 703 2596 venescere,
752 2550 850 2599 quo
903 2533 1089 2584 diutius
1136 2532 1411 2582 dulcissimi
1458 2529 1551 2578 filii
1596 2530 1841 2594 adspectu
1875 2527 2097 2578 delecta-

402 2623 573 2667 retur:

531 2693 744 2760 γέροντι
778 2693 825 2744 δ’
862 2692 960 2759 οὐχ
995 2685 1114 2744 οἷόν
1146 2707 1201 2741 τε
1240 2688 1497 2756 μηκύνειν
1530 2688 1749 2755 χρόνον.

404 2776 672 2840 Polyidum
707 2780 902 2835 autem,
938 2779 1072 2823 teste
1107 2773 1335 2837 Hygino,
1373 2787 1486 2820 cum
1522 2771 1689 2820 multis
1724 2766 2013 2818 muneribus
2046 2759 2099 2817 in

406 2857 620 2920 patriam
670 2855 876 2903 remisit.
946 2855 1025 2904 Ex
1059 2853 1231 2901 alienis
1267 2853 1396 2900 enim
1444 2851 1626 2901 fabulis
1658 2850 1868 2916 petitum
1901 2846 2099 2896 videtur

406 2935 539 2999 quod
574 2935 913 3000 Apollodorus
950 2950 1063 2983 cum
1098 2931 1290 2980 Tzetze
1324 2931 1515 2993 refert,
1561 2947 1624 2981 ne
1659 2936 1764 2980 tum
1801 2926 2003 2992 quidem
2036 2925 2098 2973 il-

467 3088 518 3143 κ)
550 3088 788 3145 Hyginus:
845 3086 936 3142 Qui
967 3099 1072 3128 cum
1098 3085 1471 3135 vociferarentur,
1503 3084 1686 3140 quidam
1708 3079 1983 3147 praeteriens
2006 3079 2098 3122 Mi-

549 3159 625 3201 noi
658 3157 900 3211 nuntiavit,
933 3156 1008 3211 qui
1029 3160 1365 3199 monumentum
1393 3154 1520 3197 iussit
1553 3152 1722 3209 aperiri
1741 3155 1786 3195 et
1808 3151 1955 3195 filium
1973 3150 2098 3193 inco-

552 3230 723 3271 lumem
752 3226 1054 3283 recuperavit.
1888 3272 1891 3275 ,

438 3300 515 3354 ²²⁹⁶)
545 3298 763 3353 Respexit
782 3302 934 3340 autem
959 3310 1062 3340 eam
1083 3294 1215 3338 Ovid.
1240 3295 1365 3339 Fast.
1395 3296 1468 3348 vl,
1487 3292 1573 3336 75⁰
1596 3306 1738 3348 seqq„
1765 3305 1852 3346 quo
1873 3293 1972 3335 loco
1989 3290 2100 3334 scri-

551 3369 750 3413 bendum
775 3381 900 3410 esset

633 3439 780 3491 „Usus
808 3444 851 3482 et
879 3437 1039 3481 auxilio
1068 3441 1132 3478 est
1161 3448 1344 3491 augur
1374 3435 1429 3477 ab
1460 3446 1643 3491 angue
1672 3432 1820 3486 dato,”

555 3508 668 3552 vidit
692 3509 857 3565 Bergk.
877 3507 1049 3564 fragm.
1074 3505 1206 3549 Arist.
1238 3521 1280 3561 p.
1306 3503 1404 3547 246.
