2170 3848
1173 229 1294 286 186

410 375 588 426 fabulis
632 373 920 423 exhibendis
959 375 1088 440 apud
1133 375 1379 424 Romanos
1423 377 1616 440 quidem
1652 380 1840 430 cantica
1873 382 1950 444 agi
1985 382 2060 432 sic

411 454 662 513 solebant,
696 458 751 500 ut
782 458 948 518 gestus
983 459 1171 503 tantum
1207 455 1380 503 histrio
1416 463 1715 519 praestaret,
1757 462 1902 510 verba
1937 461 2065 510 alius

411 533 473 582 ad
524 533 650 609 latus
695 532 827 580 illius
877 538 1010 582 stans
1058 541 1304 593 cantaret,
1354 536 1529 583 tertius
1574 539 1834 588 accederet
1866 540 2064 599 tibicen,

410 613 494 676 qui
527 611 749 660 modulos
785 612 1012 676 praeiret.
1063 614 1243 661 Contra
1271 614 1397 677 apud
1435 615 1651 664 Graecos
1685 617 1831 666 iidem
1868 624 1929 673 et,
1952 635 2064 668 can-

409 694 577 740 tabant
624 698 676 739 et
721 693 963 739 saltabant
1010 708 1168 755 neque
1214 709 1385 740 munus
1435 694 1640 742 alterum
1689 696 1748 742 ab
1796 697 1949 746 altero
1982 702 2066 746 aut

409 771 619 821 scenicis
665 770 934 818 artificibus
980 778 1065 819 aut
1110 771 1386 835 thymelicis
1435 773 1539 821 sive
1584 775 1832 823 choreutis
1866 791 2064 840 separa-

406 854 515 900 tum
548 854 667 898 erat.

539 927 761 976 Fuerunt
805 929 889 991 qui
923 934 1109 977 certum
1162 930 1435 980 fabularum
1470 948 1652 995 genus,
1698 934 1746 981 in
1781 935 2065 983 saltatorum

406 1023 548 1057 usum
586 1006 957 1066 conformatum,
992 1008 1051 1055 ab
1085 1010 1161 1057 his
1196 1011 1414 1059 exhiberi
1445 1012 1639 1061 solitum
1669 1029 1782 1061 esse
1811 1018 2065 1076 putarent:

407 1087 542 1136 cuius
576 1087 770 1150 generis
805 1102 1058 1135 numerum
1094 1089 1332 1137 infinitum
1366 1091 1522 1138 fuisse
1556 1107 1760 1140 necesse
1795 1098 1952 1150 esset,
2003 1093 2067 1140 si-

406 1166 602 1231 quidem
637 1181 761 1227 quae
798 1166 1036 1215 Lucianus
1070 1175 1299 1216 recenset
1333 1170 1600 1218 saltationis
1635 1177 1936 1232 argumenta,
1970 1186 2064 1219 nou

405 1246 564 1296 solum
581 1245 957 1307 tragoediarum,
977 1246 1062 1294 sed
1084 1250 1427 1312 epopoeiarum
1453 1266 1648 1313 quoque
1661 1257 1712 1298 et
1735 1251 1895 1301 omnia
1909 1250 2066 1298 omnis

404 1326 597 1393 generis
647 1325 857 1372 carmina
906 1326 1326 1389 complectuntur,
1380 1345 1439 1376 ex
1487 1345 1579 1391 qua
1628 1329 1768 1392 copia
1818 1345 1879 1376 ne
1914 1341 2061 1377 unum

403 1407 598 1470 quidem
635 1403 902 1467 exemplar,
937 1420 993 1451 ac
1029 1420 1089 1453 ne
1125 1423 1301 1455 nomen
1338 1408 1533 1470 quidem
1571 1408 1783 1470 generis,
1817 1415 2061 1456 servatum

403 1501 515 1535 esse
550 1499 666 1532 sane
699 1482 967 1530 mirandum
1004 1492 1152 1533 esset.
1199 1486 1260 1534 At
1286 1487 1392 1550 ipsa
1422 1488 1677 1535 immutata
1702 1494 1918 1536 veterum
1943 1502 2062 1551 poe-

402 1570 562 1615 tarum
611 1562 825 1611 carmina
874 1562 1164 1628 plerumque
1209 1582 1235 1612 a
1284 1567 1597 1614 saltatoribus
1644 1566 1722 1630 agi
1772 1566 1916 1613 solita
1952 1581 2064 1614 esse

403 1660 464 1694 ex
497 1644 664 1692 multis
699 1642 995 1704 scriptorum
1028 1645 1318 1692 testimoniis
1363 1646 1661 1710 intelligitur.
1735 1645 2064 1705 Quamobrem

403 1724 486 1774 ubi
513 1721 770 1787 Sophoclis
790 1720 976 1782 aliquas
1002 1730 1086 1769 aut
1103 1723 1351 1786 Euripidis
1382 1725 1569 1772 tabulas
1601 1725 1799 1773 saltatas
1820 1739 1933 1771 esse
1963 1730 2062 1771 tra-

403 1804 525 1853 dunt
547 1809 788 1858 auctores,
813 1815 907 1847 non
941 1805 1026 1848 est·
1047 1802 1175 1864 quod
1199 1788 1261 1851 de
1279 1804 1490 1866 propriis
1513 1810 1561 1851 et
1577 1803 1635 1850 ad
1654 1819 1794 1852 usum
1819 1802 2062 1865 pantomi-

402 1899 593 1933 morum
622 1880 903 1944 compositis
928 1880 1216 1944 cogitemus,
1246 1883 1333 1930 sed
1349 1882 1642 1946 simpliciter
1665 1882 1733 1943 id,
1763 1881 1892 1945 quod
1918 1881 2064 1928 verbs

403 1963 588 2018 dicunt,
614 1959 977 2024 intelligendum
997 1967 1086 2007 est.
1127 1962 1347 2021 Accedit,
1379 1968 1433 2010 ut
1456 1961 1741 2009 saltatorum
1763 1976 1938 2010 nomen
1954 1975 2062 2008 sae-

403 2042 608 2108 pissime
631 2040 761 2087 idem
793 2040 922 2101 quod
944 2039 1255 2096 histrionum,
1287 2050 1336 2088 et
1371 2041 1550 2088 saltare
1584 2040 1714 2088 idem
1749 2040 1878 2104 quod
1915 2055 2063 2104 agere

402 2122 680 2184 significare
701 2120 938 2177 videatur,
965 2126 1015 2167 et
1039 2119 1164 2182 quod
1189 2120 1335 2167 etiam
1363 2126 1609 2168 oratorum
1637 2120 1687 2176 ii,
1715 2120 1794 2182 qui
1817 2119 1957 2167 nimis
1974 2132 2060 2182 ge·

400 2206 567 2251 stuosa
587 2205 841 2247 uterentur
853 2197 1061 2259 actione,
1075 2198 1207 2246 velut
1225 2199 1532 2255 Hortensius,
1548 2199 1804 2245 saltatores
1817 2196 2062 2245 interdum

401 2281 641 2346 probrose
674 2276 908 2340 appellati
942 2284 1068 2325 suut.
1137 2277 1420 2325 Macrobius
1456 2291 1603 2339 porro
1628 2276 1888 2324 histriones
1913 2293 1939 2323 a
1964 2275 2060 2322 sal-

401 2358 641 2409 tatoribus
676 2357 876 2403 minime
910 2356 1179 2416 distinguit,
1214 2371 1310 2418 quo
1347 2356 1452 2403 loco
1488 2354 1590 2420 (ΙΙΙ,
1621 2357 1717 2418 10.)
1755 2357 1817 2403 de
1839 2354 2060 2402 saltando

402 2439 654 2487 disserens
690 2435 855 2483 Roscii
892 2436 1172 2499 Aesopique
1216 2435 1503 2482 histrionum
1557 2434 1725 2482 laudes
1762 2448 2060 2482 commemo-

403 2525 508 2580 rat,
560 2517 698 2566 cuius
733 2531 914 2579 operae
947 2521 1023 2562 est
1056 2515 1202 2562 verba
1236 2515 1613 2562 transscribere:
1680 2515 1948 2575 „Ceterum
1981 2511 2060 2560 hi-

402 2598 612 2648 striones
649 2611 742 2643 non
791 2596 918 2643 inter
966 2599 1135 2659 turpes
1182 2594 1372 2641 habitos
1421 2593 1596 2641 Cicero
1643 2593 1920 2641 testimonio
1966 2595 2060 2652 est,

403 2693 550 2742 quem
595 2675 755 2724 nullus
803 2675 997 2739 ignorat
1047 2674 1227 2721 Roscio
1277 2679 1326 2720 et
1373 2673 1569 2737 Aesopo
1613 2672 1929 2721 histrionibus
1963 2676 2060 2718 tam

401 2755 710 2805 familiariter
741 2770 913 2814 usum,
948 2758 1003 2801 ut
1035 2769 1116 2801 res
1150 2753 1463 2815 rationesque
1497 2768 1666 2801 eorum
1702 2751 1918 2800 sollertia
1950 2758 2060 2799 tue-

402 2843 553 2886 retur.
624 2833 764 2895 Quod
811 2849 919 2881 cum
969 2833 1072 2880 aliis
1120 2832 1286 2879 multis
1341 2837 1444 2879 tum
1492 2848 1552 2879 ex
1597 2832 1817 2895 epistolis
1864 2843 2060 2892 quoque

404 2914 511 2963 eius
558 2913 846 2962 declaratur.
915 2912 1041 2960 Nam
1085 2912 1214 2958 illam
1260 2913 1525 2959 orationem
1575 2912 1685 2973 quis
1733 2915 1812 2957 est
1846 2909 2058 2970 quinon

402 2993 594 3056 legerit,
628 2993 677 3039 in
711 3008 805 3054 qua
839 2993 1070 3055 populum
1107 2990 1378 3038 Romanum
1412 2991 1662 3054 obiurgat,
1713 2988 1843 3051 quod
1880 2985 2057 3033 Roscio

403 3078 651 3136 gestum
703 3078 938 3133 agente
981 3069 1367 3119 tumultuaverit.
1437 3070 1501 3117 Et
1535 3076 1669 3116 certe
1703 3067 1820 3115 satis
1869 3069 2059 3112 constat

402 3151 701 3200 contendere
747 3167 859 3198 eum
906 3166 1019 3198 cum
1063 3151 1170 3212 ipso
1216 3149 1456 3197 histrione
1502 3150 1728 3206 solitum,
1778 3152 1939 3193 utrum
1973 3143 2057 3192 ille

404 3231 600 3295 saepius
646 3231 849 3277 eandem
906 3229 1195 3278 sententiam
1245 3229 1536 3290 gestibus
1592 3225 1937 3282 efficeret,
1995 3237 2056 3270 an

404 3309 514 3373 ipse
549 3325 636 3374 per
669 3309 974 3372 eloquentiae
1008 3307 1195 3372 copiam
1232 3323 1460 3354 sermone
1481 3307 1676 3355 diverso
1699 3302 2054 3368 pronuntiaret:

407 3404 533 3452 quae
582 3404 662 3436 res
705 3387 765 3435 ad
814 3388 939 3436 hanc
974 3389 1093 3436 artis
1127 3403 1244 3435 suae
1277 3386 1502 3434 fiduciam
1538 3384 1770 3433 Roscium
1806 3380 2054 3440 abstraxit,
