2170 3848
911 256 991 311 47

121 408 230 468 An„
263 405 530 470 Polybius,
567 404 760 461 Strabo,
797 403 1119 459 PlutarchuS,
1156 398 1386 448 Clemens
1423 398 1580 457 Alex„
1617 396 1797 446 Sextus

124 486 284 551 Emp,
317 486 622 548 grammatici
657 492 706 533 et
741 485 1040 533 scholiastae
1076 478 1347 528 identidem
1383 494 1490 524 eam
1524 476 1799 526 laudarunt.

121 566 343 616 Eandem
380 572 569 631 gratam
605 566 734 629 apud
769 564 942 627 vulgus
979 566 1029 609 et
1063 559 1363 608 celebratam
1399 558 1604 606 theatris
1640 557 1801 606 fnisse

123 662 183 697 ex
219 646 570 698 Demosthenis
609 649 732 695 orat.
769 658 862 708 pro
898 657 1080 691 corona
1113 656 1163 703 p.
1186 641 1294 689 180.
1316 637 1476 702 (288.)
1495 637 1800 702 intelligitur.

623 957 689 1015 C.
777 956 1307 1032 Cresphontes.

253 1107 612 1170 Argumentum
646 1104 792 1152 huius
827 1103 1026 1152 fabulae
1061 1119 1123 1152 ex
1156 1104 1266 1167 ipso
1300 1100 1554 1166 Euripidis
1591 1100 1808 1150 carmine

125 1203 415 1253 expressum
452 1186 676 1249 Hyginus
710 1185 808 1234 fab.
844 1187 952 1232 184.
991 1184 1296 1249 perscripsit,
1331 1183 1381 1230 in
1413 1182 1509 1229 hac
1543 1197 1638 1229 nna
1662 1197 1717 1229 re
1746 1183 1808 1231 ab

126 1270 213 1318 illo
258 1268 535 1322 decedens,
574 1265 703 1330 quod
749 1266 904 1314 filium
943 1265 1304 1330 Cresphontis‚
1351 1264 1486 1310 idem
1522 1277 1632 1310 cum
1667 1266 1811 1326 patre

126 1364 308 1399 nomen
341 1352 619 1412 gerentem,
657 1345 1021 1409 Telephontem
1057 1362 1148 1411 pro
1186 1344 1495 1408 Cresphonte
1529 1342 1811 1406 appellavit,

128 1445 225 1494 qua
281 1428 554 1475 mutatione
610 1427 658 1474 in
709 1426 1025 1491 gravissimos
1073 1441 1271 1474 errores
1328 1422 1520 1472 inducti
1566 1427 1680 1470 sunt
1725 1422 1811 1487 qui

128 1511 277 1560 huius
326 1507 565 1556 dramatis
612 1507 959 1572 compositioni
1007 1522 1069 1554 ex
1117 1504 1405 1568 fragmentis
1441 1504 1812 1566 cognoscendae

128 1606 330 1655 operam
367 1588 612 1637 dederunt
628 1584 697 1650 *).
748 1587 872 1636 Nam
907 1604 1057 1651 quum
1092 1585 1391 1650 Cresphonti
1424 1584 1568 1649 patri,
1602 1584 1686 1648 qui
1712 1585 1812 1650 pri-

129 1672 242 1720 dem
278 1670 549 1718 exstinctus
584 1683 697 1716 esse
743 1668 970 1732 fingitur,
1018 1669 1201 1731 primas
1237 1666 1482 1713 actionum
1521 1671 1686 1727 partes
1721 1665 1810 1712 de-

129 1749 365 1799 ferendas
401 1764 514 1796 esse
550 1756 824 1807 censerent,
860 1763 1020 1811 neque
1055 1746 1264 1794 Temeni
1300 1752 1352 1793 et
1373 1745 1700 1808 Cresphontis
1734 1744 1811 1793 fa-

130 1831 356 1879 bularum
403 1828 632 1890 reliquias
678 1842 740 1875 ex
788 1829 939 1876 certis
988 1827 1183 1876 indiciis
1219 1826 1510 1889 dignoscere
1545 1827 1815 1890 potuerunt

134 1916 186 1959 et
221 1913 576 1973 congesserunt
609 1907 656 1955 in
692 1924 839 1955 unam
871 1907 1198 1971 Cresphontis
1234 1906 1448 1953 fabulam
1485 1913 1673 1953 tantum
1709 1922 1813 1955 ma-

134 1990 305 2047 teriae,
341 1994 572 2051 quantum
609 2003 702 2034 uno
739 1987 962 2035 dramate
1006 1987 1245 2035 contineri
1280 1986 1414 2035 nullo
1448 1987 1597 2037 modo
1632 1987 1811 2050 potuit.

132 2069 282 2132 Atqui
314 2067 470 2130 planis
507 2067 884 2130 perspicuisque
918 2068 1080 2115 verbis
1115 2073 1167 2115 et
1193 2067 1388 2115 nomina
1414 2083 1737 2130 personarum
1762 2073 1815 2118 et

130 2149 372 2200 rationem
408 2147 649 2194 actionum
699 2147 910 2195 docebat
953 2148 1251 2211 epigramma
1288 2146 1585 2211 Cyzicenum
1609 2146 1699 2209 V.;
1744 2147 1811 2198 cf.

131 2230 320 2280 lacobs.
360 2227 570 2291 Paralip.
608 2243 637 2274 e
674 2227 782 2277 cod.
822 2227 934 2276 Vat.
970 2245 1018 2292 p.
1054 2229 1169 2277 624.
1206 2227 1267 2276 Τ.
1304 2227 1388 2287 ΙΙΙ,
1424 2231 1482 2275 3:

253 2299 324 2358 ‘0
357 2305 589 2371 πέμπτος
635 2305 735 2372 ἔχει
771 2308 819 2357 Κ
839 2306 1235 2374 ρεσφόντην
1267 2306 1597 2371 ἀναιροῦντα
1632 2307 1813 2357 Πολυ-

131 2388 339 2455 φόντην
372 2391 470 2438 τοῦ
503 2387 699 2452 πατρὸς
731 2384 827 2439 τὸν
861 2387 1058 2451 φονέα·
1095 2386 1202 2439 ἔστι
1236 2386 1291 2439 δὲ
1325 2387 1414 2439 καὶ
1447 2387 1677 2454 Μερόπη
1714 2388 1815 2454 βοὶ-

132 2488 315 2535 κτρον,
337 2465 632 2535 κατέχουσα
679 2467 769 2522 καὶ
804 2474 1141 2534 συνεργοῦσα
1174 2476 1247 2537 τῷ
1281 2469 1382 2537 υἱῷ
1415 2467 1550 2535 πρὸς
1582 2468 1680 2536 τὴν
1713 2474 1813 2522 τοῦ

133 2548 330 2618 ἀνδρὸς
363 2547 616 2614 ἐκδημίαν
651 2553 706 2616 (ἰ.
730 2570 773 2603 e.
809 2552 1063 2617 caedem):

268 2631 720 2699 Κρεσφόντου
755 2631 1036 2698 γενέ-την
1069 2631 1264 2698 πέφνες
1297 2630 1369 2684 τὸ
1403 2631 1649 2697 πάρος,
1699 2633 1812 2684 Πο-

452 2714 465 2724 ’
924 2714 1186 2780 λυφόντα,

364 2793 636 2858 κουριδίης
670 2794 866 2861 ἀλόχου
902 2794 1090 2860 λέκτρα
1124 2793 1302 2846 θέλων
1337 2793 1544 2858 μιάναι·

266 2873 385 2936 ὀψὲ
421 2872 478 2926 δέ
513 2875 567 2926 οἱ
596 2875 717 2936 πάϊς
750 2867 843 2943 ἧκε
879 2876 1053 2940 φόνον
1086 2879 1364 2943 γενετῆρος
1398 2874 1622 2939 ἀμύνων

367 2955 457 3007 καί
492 2968 549 3006 σε
580 2957 903 3009 κατακτείνει
935 2957 1132 3024 ματρὸς
1164 2956 1297 3021 ὑπὲρ
1333 2956 1619 3020 Μερόπας·

264 3039 490 3088 τοῦνεκα
523 3035 610 3089 καὶ
645 3038 778 3104 δόρυ
812 3038 940 3106 πῆξε
970 3035 1300 3105 μεταφρένῳ,
1337 3037 1370 3087 οἳ
1404 3037 1450 3089 δ’
1489 3034 1752 3103 ἐπαρήγει,

366 3111 532 3184 βριθὺ
568 3117 701 3171 κατὰ
733 3123 1016 3186 κροτάφων
1051 3122 1286 3186 βάκτρον
1322 3118 1637 3185 ἐρειδομένα.

135 3199 269 3248 ldem
305 3202 458 3250 schol.
483 3202 542 3249 ad
572 3203 851 3250 Aristotelis
878 3205 1037 3251 Ethic.
1065 3203 1142 3262 ΙΙΙ,
1167 3206 1209 3252 1.
1231 3204 1409 3252 docet:
1435 3197 1535 3268 ‘uoci
1563 3195 1669 3251 ἔστι
1689 3196 1814 3262 παρ’

134 3279 401 3346 Εὐριπίδῃ
435 3276 493 3331 έν
538 3285 611 3345 τῷ
649 3282 970 3348 Κρεσφόντῃ
1006 3281 1427 3347 ἐπιβουλεύουσα
1462 3283 1518 3332 Κ
1527 3278 1813 3346 ρεσφόν-

187 3451 238 3505 *)
267 3450 336 3493 Cf.
358 3451 622 3509 Lessing.
657 3452 845 3496 dramat.
873 3453 1042 3498 Hamb.
1073 3467 1114 3495 n.
1143 3452 1214 3496 39.
1246 3453 1458 3495 Welck.
1489 3467 1533 3507 p.
1558 3450 1643 3495 829
1663 3465 1785 3506 seqq.
