2170 3848
1191 281 1312 339 18⁰

406 427 575 494 quaeri
609 427 804 476 solitam
837 441 950 477 esse
995 426 1349 493 intelligimus,
1399 428 1699 492 multumque
1743 427 2067 478 imitationem

407 509 710 557 scenicorum
748 507 1058 571 discrepasse
1093 524 1121 554 a
1147 509 1337 556 ratione
1360 507 1636 570 imaginum,
1671 524 1792 572 quas
1822 506 2068 574 pingendo

409 587 771 652 scalpendoque
817 587 1033 635 artifices
1084 589 1430 650 exprimerent.
1502 586 1758 650 Signorum
1800 588 1929 636 enim
1963 586 2068 634 vul-

407 672 487 716 tus
521 667 706 715 doloris
741 682 887 716 sensu
917 666 1171 729 distortoS,
1206 683 1291 715 ora
1314 668 1415 714 risu
1441 666 1655 723 diducta,
1692 668 1910 732 corporis
1931 665 2068 714 habi-

406 750 510 794 tum
541 747 905 795 vehementiore
931 752 1064 795 motu
1091 747 1408 811 depravatum
1436 762 1545 794 cum
1573 746 1833 806 intuemur,
1868 761 1963 793 non
1986 746 2069 794 de-

408 827 675 887 lectamur,
724 825 811 873 sed
847 826 1101 874 violentius
1136 827 1351 891 perculsi
1386 828 1483 874 cito
1517 826 1781 888 fatigamur
1814 828 1961 888 atque
1994 824 2069 871 fa-

410 906 655 954 stidimus.
723 904 883 952 Recte
927 905 1074 967 igitur
1123 905 1328 970 opifices
1373 907 1614 970 placidam
1652 903 1894 968 quandam
1930 902 2072 966 quie-

408 991 608 1048 tamque
642 984 960 1032 constantiam
997 986 1357 1047 sequebantur,
1404 999 1549 1049 quam
1585 985 1668 1048 qui
1703 983 1927 1032 omnibus
1962 981 2075 1030 imi-

410 1065 609 1112 tationis
644 1063 906 1128 generibus
941 1069 1169 1126 tanquam
1203 1064 1349 1112 finem
1378 1064 1678 1130 propositam
1707 1063 1862 1110 fuisse
1885 1066 2074 1127 putant,

411 1144 520 1193 sine
570 1143 718 1198 dubio
767 1148 949 1192 errant.
1033 1143 1127 1204 Qui
1184 1143 1226 1191 si
1277 1150 1483 1208 repente
1531 1143 1581 1191 in
1634 1142 1816 1191 theatri
1872 1141 2074 1190 alicuius

414 1223 595 1272 Graeci
647 1237 883 1270 consessu
920 1223 1175 1271 constituti
1209 1229 1492 1287 spectarent
1523 1222 1819 1270 histrionum
1850 1221 2074 1284 antiquo-

411 1319 518 1351 rum
553 1302 775 1350 habitum
811 1301 1166 1362 actionemque,
1202 1304 1516 1350 vehementer
1550 1301 1858 1360 mirarentur,
1892 1300 2075 1348 similes

413 1383 484 1430 illi
522 1380 791 1429 saltationis
827 1380 986 1438 osori,
1034 1396 1181 1442 quem
1231 1380 1280 1427 in
1327 1380 1451 1428 libro
1495 1381 1559 1428 de
1593 1381 1852 1428 saltatione
1887 1380 2073 1442 scripto

412 1462 606 1510 induxit
640 1459 908 1518 Lucianus,
958 1460 1292 1507 morositatem
1343 1460 1446 1507 eins
1489 1459 1655 1507 ridens
1700 1459 1842 1507 hisce
1884 1458 2074 1505 verbis:

417 1539 645 1603 „Videris
682 1539 801 1586 mihi
854 1539 1058 1586 laudans
1095 1538 1395 1587 comoediam
1433 1545 1583 1602 atque
1617 1539 1918 1602 tragoediam
1951 1536 2074 1585 obli-

415 1629 495 1670 tus
531 1634 644 1667 esse
686 1618 734 1666 in
780 1621 986 1681 utraque
1033 1634 1202 1666 earum
1236 1619 1491 1683 proprium
1529 1619 1772 1682 quoddam
1806 1616 2076 1666 saltationis

416 1714 569 1765 genus
599 1696 849 1756 exerceri,
901 1713 958 1744 ac
992 1698 1224 1762 tragicam
1259 1699 1454 1761 quidem
1490 1714 1600 1746 esse
1635 1697 1957 1752 Emmeliam,
1991 1702 2076 1744 co'-

417 1781 594 1829 micam
637 1784 798 1825 autem
834 1776 1133 1835 Cordacem,
1178 1775 1517 1840 nonnunquam
1569 1778 1720 1825 etiam
1765 1778 1959 1826 tertiam
1993 1790 2075 1824 ac-

419 1859 599 1908 cedere
644 1853 1027 1919 Sicinnidem*).
1107 1855 1205 1904 Iam
1255 1857 1538 1920 tragoediae
1596 1856 1813 1904 habitum
1859 1862 2076 1904 contem-

418 1939 628 2005 plemur,
664 1936 821 1999 qualis
858 1936 934 1984 sit.
1003 1936 1158 1998 Quam
1207 1942 1390 1984 tetrum
1423 1936 1628 2001 perinde
1664 1941 1811 1999 atque
1842 1933 2078 1984 horribile

421 2016 757 2083 spectaculum
805 2020 882 2063 est
930 2015 1076 2063 homo
1121 2016 1171 2063 in
1215 2016 1567 2080 longitudinem
1607 2016 1867 2065 absurdam
1911 2013 2078 2063 defor-

422 2102 612 2156 matus,
662 2094 772 2142 altis
823 2095 1167 2144 calceamentis
1212 2097 1521 2159 ingrediens,
1574 2095 1703 2143 larva
1750 2110 1897 2159 supra
1931 2096 2079 2156 caput

423 2178 668 2226 eminente
702 2174 919 2233 indutnS,
957 2190 1043 2222 ore
1078 2175 1216 2223 hians
1251 2176 1552 2234 vastissimo,
1587 2174 1725 2237 quasi
1761 2174 2078 2221 devoraturus

422 2261 756 2321 spectatores3
817 2255 987 2301 omitto
1032 2254 1217 2302 adscita
1262 2259 1465 2318 pectora
1514 2260 1563 2303 et
1608 2260 1802 2302 ventres
1844 2252 2079 2311 factitios,

423 2336 598 2401 quibus
622 2332 918 2396 agglutinata
941 2338 1142 2395 arteque
1170 2331 1295 2381 sacta
1326 2334 1545 2395 corporis
1569 2333 1845 2381 crassitudo
1883 2331 2081 2380 affecta-

420 2421 518 2474 tur,
555 2430 616 2463 ne
650 2412 951 2476 longitudine
986 2412 1175 2460 discors
1214 2414 1503 2477 compositio
1537 2412 1587 2461 in
1619 2413 1753 2462 tenui
1789 2409 2081 2475 corpusculo

424 2495 577 2559 magis
613 2491 859 2550 offendat3
896 2496 1002 2538 tum
1035 2491 1164 2539 intus
1197 2491 1305 2556 ipse
1341 2493 1570 2549 clamans,
1608 2507 1801 2540 sursum
1826 2491 2081 2538 deorsum-

427 2590 522 2640 que
567 2573 783 2620 membra
830 2577 1184 2633 contorquenS,
1231 2570 1479 2620 interdum
1531 2572 1677 2619 etiam
1729 2569 1929 2618 ululanti
1961 2585 2083 2618 voce

427 2655 595 2703 dicens
631 2651 845 2710 iambos,
882 2656 956 2711 et,
992 2651 1119 2715 quod
1157 2656 1234 2698 est
1267 2652 1478 2699 maxime
1513 2652 1825 2710 indecorum,
1862 2649 2084 2698 cantibus

427 2733 624 2781 dolores
672 2730 950 2796 significans
997 2746 1089 2778 nec
1134 2735 1331 2794 praeter
1376 2729 1776 2787 vociferationem
1823 2729 2084 2793 quicquam

427 2815 712 2876 praestans:
759 2810 950 2873 reliqua
997 2810 1123 2857 enim
1158 2816 1271 2857 sunt
1314 2816 1567 2873 poetarum
1602 2809 1791 2874 pridem
1828 2809 2082 2858 defuncto·
2140 2854 2147 2860 .

429 2907 557 2939 rum.
625 2889 691 2937 Et
724 2889 884 2952 quoad
919 2888 1112 2952 quidem
1147 2889 1523 2937 Andromachae
1556 2895 1637 2936 ant
1661 2889 2084 2949 Hecubae'agun-

430 2976 526 3029 tur,
558 2968 830 3018 tolerabilis
866 2972 943 3018 est
978 2974 1172 3028 cantns;
1204 2968 1289 3018 ubi
1313 2985 1427 3017 vero
1454 2970 1560 3031 ipse
1585 2967 1826 3017 Hercules
1854 2966 2084 3030 prodiens

431 3049 634 3098 canticis
669 3049 838 3110 utitur,
872 3048 1052 3097 oblitus
1086 3049 1192 3108 sui,
1227 3064 1386 3112 neque
1419 3047 1655 3096 leoninam
1689 3061 1848 3108 neque
1881 3046 2085 3103 clavam,

431 3144 573 3192 qnam
609 3132 798 3192 gestat,
848 3128 1208 3186 verecundam,
1254 3128 1485 3192 ineptiam
1533 3128 1660 3175 hanc
1688 3114 1943 3189 'esse-sani
1978 3126 2086 3173 inre

430 3206 838 3256 affirmaverint.''
904 3207 1014 3257 Non
1047 3222 1127 3255 me
1176 3205 1303 3272 fugit
1336 3207 1645 3271 depravatam
1677 3205 1775 3253 iam
1810 3204 2086 3254 Aristotelis

487 3381 535 3435 ²⁶)
563 3380 659 3423 Non
684 3381 884 3423 omnibus
905 3381 1173 3438 didascaliis,
1202 3382 1281 3426 sed
1301 3382 1534 3436 nonnullis,
1562 3380 1757 3438 satyrica
1782 3380 1965 3425 infuisse
1985 3381 2086 3425 dra-

570 3455 694 3495 mata
720 3451 793 3494 his
814 3451 1101 3507 significatur.
