2170 3866
907 264 1034 324 46⁷

127 421 207 470 'ent
236 414 514 484 proditum,
550 413 613 463 ab
647 427 745 463 uno
778 413 1025 464 histrione
1057 412 1285 462 locastae
1316 415 1370 463 et
1401 412 1678 477 Antigonae
1715 428 1832 479 per·

125 513 272 550 conas
315 502 456 546 actas
501 510 618 544 esse
663 500 718 545 et
760 494 1052 558 interposita
1097 509 1215 543 esse
1262 493 1360 543 hoc
1393 493 1602 543 consilio
1645 494 1833 560 paeda-

124 579 239 645 gogi
275 579 455 627 verba:
491 573 711 640 ἐπίσχες,
751 572 823 635 ὡς
853 572 922 624 ἂν
942 572 1388 640 προύξερευνήσω
1416 573 1619 639 στίβον,
1657 580 1714 624 ut
1746 591 1832 625 co-

125 659 212 726 pia
246 659 444 708 interim
480 663 618 706 esset
662 657 1008 706 mutandarum
1050 672 1376 723 personarum
1421 655 1670 707 histrioni.
1738 657 1833 706 At-

125 739 213 804 qui
261 755 411 804 quum
459 738 652 787 Iocasta
699 743 850 800 atque
884 738 1161 802 Antigona,
1208 737 1499 801 priusquam
1550 737 1613 785 ad
1649 738 1832 797 locum,

125 821 177 869 in
212 836 311 884 quo
347 826 623 885 pugnatur,
660 818 868 876 abeant,
917 834 1014 866 una
1047 819 1099 867 in
1134 834 1285 867 scena
1317 824 1595 876 versentur,
1630 817 1833 881 planum

131 906 213 949 est
246 900 343 960 ibi,
380 900 608 963 quoniam
645 897 945 965 paucissima
979 899 1097 949 hnic
1132 897 1342 948 dicenda
1373 897 1608 955 fuerunt,
1657 912 1833 946 secun-

132 981 250 1029 dum
285 985 370 1029 aut
417 980 621 1029 tertium
671 988 890 1027 actorem
935 980 1272 1040 successisse,
1324 983 1378 1027 et
1426 993 1595 1026 errare
1640 993 1832 1040 omnes,

128 1061 214 1125 qui
265 1062 492 1124 pluribus
544 1060 796 1109 actoribus
842 1076 991 1110 unam
1038 1075 1304 1126 personam
1349 1058 1690 1108 commendari
1741 1075 1833 1124 po-

127 1141 288 1191 tuisse
322 1146 520 1206 negent.

259 1223 421 1271 Aucto
470 1235 797 1286 personarum
842 1235 1051 1269 numero
1097 1220 1239 1269 chori
1289 1235 1500 1270 munera
1548 1220 1833 1269 necessario

125 1301 382 1350 imminuta
419 1307 548 1352 sunt.
618 1299 796 1363 Neque
836 1306 1001 1349 tamen
1037 1316 1063 1348 a
1098 1316 1214 1349 vera
1249 1301 1442 1348 ratione
1478 1298 1691 1347 descivit
1723 1299 1835 1348 Eu-

123 1381 336 1446 ripides,
383 1386 438 1428 ut
472 1380 628 1428 aliena
663 1385 714 1428 et
748 1378 809 1427 ad
847 1386 1192 1444 argumentum
1230 1379 1353 1429 nihil
1387 1380 1686 1444 pertinentia
1722 1396 1834 1428 car-

122 1462 255 1509 mina
290 1460 500 1508 dramati
535 1460 797 1522 insereret,
831 1460 882 1508 id
919 1461 1053 1524 quod
1089 1461 1246 1512 schol.
1283 1461 1434 1510 Arist.
1473 1461 1688 1509 Acharn.
1714 1462 1831 1509 442.

120 1540 250 1589 falso
297 1541 639 1606 exprobravit,
688 1545 741 1589 et
783 1539 1027 1589 iterarunt
1060 1541 1432 1604 imprudenter,
1481 1546 1538 1589 ut
1571 1539 1831 1604 pleraque,

119 1621 458 1671 recentiores:
511 1617 701 1684 εἰςοὶγει
733 1611 864 1679 τοὺς
898 1612 1096 1685 χοροὺς
1131 1620 1199 1671 οὐ
1231 1617 1298 1671 τὰ
1332 1618 1614 1670 ἀκόλουθα
1662 1622 1833 1684 φθεγ-

120 1697 391 1767 γομένους
424 1704 490 1765 τῇ
536 1695 825 1760 ὑποθέσει,
877 1699 989 1751 ἀλλ’
1027 1700 1264 1766 ἱστορίας
1297 1699 1447 1761 τινὰς
1481 1698 1832 1766 ἐπαγγέλλον-

121 1799 232 1844 τας,
268 1780 340 1841 ὡς
375 1779 434 1831 ἐν
465 1783 579 1841 ταῖς
620 1781 959 1842 Φοινίσσαιςε
1008 1800 1135 1848 quae
1187 1785 1307 1832 satis
1355 1783 1444 1843 iis,
1499 1799 1628 1846 quae
1679 1798 1835 1848 supra

121 1862 474 1922 disseruimus,
515 1863 732 1912 refutata
767 1869 900 1916 sunt.
970 1863 1098 1914 Sunt
1132 1870 1297 1913 autem
1339 1864 1519 1928 quibus
1555 1880 1651 1912 non
1688 1865 1833 1912 satis·

124 1942 272 1992 faciat
304 1943 488 1992 chorus
524 1944 824 1993 intercinens
862 1961 989 2009 quae
1025 1945 1306 1994 conducant
1341 1944 1602 2009 proposito
1641 1949 1691 1991 et
1711 1945 1834 1992 hae-

122 2028 268 2074 reant
323 2029 468 2087 apte,
533 2023 628 2071 nisi
679 2024 831 2072 etiam
879 2041 1021 2073 more
1068 2024 1674 2090 proctophantasmistae‚
1747 2024 1833 2089 qui

31 2142 37 2149 .
121 2110 202 2152 est
236 2103 365 2168 apud
403 2102 692 2162 Goethium,
731 2104 940 2169 singula,
978 2120 1106 2168 quae
1139 2111 1396 2169 geruntur,
1434 2104 1717 2153 examinata
1752 2103 1833 2152 vel

120 2183 303 2249 probet
335 2183 413 2231 vel
457 2182 822 2247 reprehendat:

251 2262 346 2323 Ei,
382 2263 473 2311 der
507 2265 573 2312 ist
607 2265 736 2312 eben
772 2263 991 2313 iiberall!

250 2342 374 2393 Was
407 2343 579 2392 Andre
614 2349 815 2402 tanzen,
862 2343 993 2392 muss
1030 2358 1086 2392 er
1121 2343 1389 2404 schiitzen3

251 2422 391 2472 Kann
427 2440 484 2472 er
518 2424 656 2472 nicht
689 2425 840 2490 jeden
878 2423 1069 2472 Schritt
1103 2425 1473 2483 beschwiitzen,

252 2502 322 2552 So
355 2504 426 2551 ist
460 2502 551 2551 der
585 2503 778 2552 Schritt
815 2520 872 2552 so
908 2510 998 2570 gut
1032 2503 1127 2551 wie
1162 2503 1303 2552 nicht
1337 2502 1640 2567 geschehen.

250 2582 431 2632 Multis
466 2583 746 2632 nominibus
784 2600 1028 2642 mancum,
1065 2584 1209 2646 rude,
1245 2584 1556 2632 inconditum
1588 2583 1832 2648 Aeschyli

120 2679 321 2714 carmen
356 2678 470 2712 esse
504 2670 726 2729 apparet.
797 2664 946 2713 Nulla
982 2663 1113 2712 enim
1149 2680 1244 2729 per
1277 2680 1504 2728 magnam
1542 2665 1830 2728 tragoediae

120 2750 311 2809 partem
338 2743 397 2792 fit
419 2759 704 2794 caussarum
733 2745 1158 2805 commemoratio,
1195 2744 1326 2792 nulla
1349 2745 1608 2793 fraternae
1636 2745 1830 2793 discor-

119 2825 233 2874 diae
282 2825 499 2882 mentio,
546 2825 678 2873 nulla
724 2826 936 2875 iniuriae
984 2826 1045 2873 ab
1081 2826 1325 2874 alterutra
1360 2831 1503 2890 parte
1538 2825 1709 2874 illatae
1744 2840 1830 2873 ex-

119 2904 320 2971 positio,
357 2904 489 2952 nulla
522 2905 659 2969 impii
693 2907 771 2955 vel
806 2905 988 2955 nefarii
1025 2906 1317 2969 cuiusquam
1362 2904 1600 2953 facinoris
1636 2905 1828 2953 indica-

118 2984 208 3034 tio.
278 2984 397 3033 Sola
433 2985 549 3033 belli
585 2986 947 3035 administratio
983 2986 1220 3050 urbisque
1249 2991 1565 3051 oppugnatae
1591 2985 1822 3034 defensio

117 3064 429 3123 ostenditur,
478 3073 530 3115 et
571 3068 863 3130 proponitur
899 3067 1096 3131 species
1142 3066 1457 3132 imperatoris
1503 3065 1684 3114 officiis
1720 3066 1827 3115 suis

119 3150 353 3207 strenue,
421 3145 620 3194 fortiter
679 3147 1055 3211 prudenterque
1119 3147 1506 3206 satisfacientis3
1566 3145 1831 3195 laudantur

116 3225 301 3274 ducum
339 3226 598 3289 utriusque
634 3228 883 3275 exercitus
919 3229 1158 3290 virtutes,
1199 3229 1392 3276 animus
1428 3226 1824 3290 uniuscuiusque

118 3305 182 3354 ad
228 3306 525 3356 vincendum
573 3307 1070 3373 occumbendumque
1119 3324 1278 3372 aeque
1325 3314 1530 3374 paratus
1566 3304 1828 3371 praedica-

118 3387 223 3434 tur:
267 3387 356 3436 ubi
403 3403 514 3435 cum
550 3387 728 3436 ultimo
763 3387 874 3436 loco
911 3404 1115 3448 eorum,
1163 3388 1248 3452 qui
1282 3394 1456 3454 portas
1492 3384 1710 3435 invasuri
1747 3399 1831 3434 es-

118 3469 255 3528 sent,
304 3466 570 3532 Polynices
616 3468 894 3518 nominatus
930 3473 1100 3529 esset,
1143 3467 1412 3527 Eteoclea,
1459 3466 1658 3532 cognita
1691 3465 1823 3514 illius

1364 3550 1431 3597 30
1455 3546 1483 3578 *
