2150 3866
989 275 1112 332 220

349 422 472 471 Cum
492 422 638 486 sacti
672 436 905 471 caussam
937 427 1239 489 tempusque
1273 420 1463 471 doloris
1496 422 1720 484 babebis,

349 501 492 551 Tunc
519 502 698 568 potius
732 506 920 553 conata
954 507 1049 550 tua
1084 508 1241 568 atque
1272 503 1486 568 incepta
1525 505 1755 568 resert0;

346 579 538 648 Meque
571 581 793 649 deosque
824 581 923 630 tibi
955 582 1181 642 comites,
1216 598 1334 631 mea
1370 583 1596 643 alumna,
1617 585 1833 648 futuros

343 660 633 711 Polliceor.-
668 661 800 710 nibil
834 667 926 721 est,
962 660 1097 727 quod
1129 668 1282 711 teras
1318 661 1512 723 ordine,
1548 662 1804 726 longum.’'

341 739 462 790 Post
506 741 716 790 alterum
763 741 943 789 deiude
977 741 1182 790 chorum
1217 741 1369 791 Nisus
1407 759 1516 792 cum
1551 741 1654 790 filia
1694 741 1744 791 in
1777 758 1887 791 sce-

207 837 319 872 nam
351 820 654 885 prodierunt.
723 819 980 882 Quaesivit
1013 825 1157 885 pater
1191 836 1252 870 ex
1286 821 1404 883 filia,
1441 838 1677 886 quaenam
1714 838 1889 872 caussa

208 905 364 959 esset,
399 900 529 964 quod
564 899 673 948 cibo
707 904 928 964 potuque
961 900 1260 962 abstineret,
1308 901 1439 964 quod
1475 901 1780 965 aegritudine
1812 907 1888 951 ta-

206 983 441 1033 besceret
453 977 535 1042 *),
585 980 718 1044 quod
764 979 826 1027 ad
872 979 1034 1030 cubile
1077 995 1220 1029 suum
1268 984 1397 1030 totas
1442 986 1616 1031 noctes
1667 982 1890 1046 vigilaret

210 1060 338 1119 (Cir.
373 1075 416 1109 v.
451 1060 548 1108 231
584 1057 778 1123 seqq.):

341 1138 500 1202 „Qua
536 1155 720 1189 caussa
756 1138 827 1188 ad
851 1140 1090 1206 patrium
1122 1141 1284 1190 solam
1317 1140 1544 1206 vigilare
1578 1139 1762 1202 cubile,

347 1219 601 1286 Tempore
634 1234 732 1285 quo
752 1221 928 1285 fessas
961 1221 1205 1270 mortalia
1234 1226 1452 1287 pectora
1487 1236 1657 1280 curas,

343 1298 455 1362 Quo
487 1297 698 1365 rapidos
734 1300 894 1348 etiam
926 1302 1254 1368 requiescunt
1273 1302 1505 1364 flumina
1540 1296 1791 1351 cursus?’'

205 1377 371 1444 Fingit
404 1378 571 1443 Scylla
605 1394 661 1427 se
694 1379 759 1428 de
791 1381 948 1445 patris
984 1381 1141 1429 salute
1179 1396 1362 1446 pavere
1389 1380 1551 1445 deque
1570 1380 1688 1430 belli
1708 1383 1890 1429 eventu

205 1459 394 1520 vereri,
446 1473 557 1507 cum
590 1457 788 1508 hostem
825 1464 878 1510 et
911 1460 1089 1526 opibus
1124 1460 1268 1525 longe
1303 1461 1637 1526 potentiorem
1671 1465 1725 1510 et
1756 1458 1887 1509 lovis

204 1539 363 1590 filium
398 1553 512 1587 esse
545 1542 770 1602 reputet:

336 1646 402 1657 —-
570 1643 631 1654 —
801 1647 862 1656 —
1029 1621 1260 1682 „multus
1295 1622 1508 1687 ineptae

346 1698 576 1764 Virginis
609 1698 817 1749 insolito
849 1716 1015 1749 sermo
1049 1717 1210 1750 novus
1250 1708 1386 1750 errat
1425 1702 1480 1750 in
1514 1717 1615 1750 ore.

341 1778 503 1829 Nunc
536 1785 761 1828 tremere
796 1780 1041 1829 instantis
1082 1780 1206 1829 belli
1238 1780 1529 1830 certamina
1563 1779 1691 1828 dicit

340 1858 766 1926 Communemque
799 1860 987 1909 timere
1022 1860 1190 1922 deum,
1224 1877 1364 1910 nunc
1396 1861 1537 1926 regis
1569 1859 1760 1908 amicos

337 1938 609 2006 (Namque
655 1940 767 2006 ipso
800 1942 971 1990 verita
1004 1947 1082 1990 est
1117 1940 1292 1991 orbari
1329 1946 1527 1990 moesta
1554 1936 1856 2006 parente!)‚

344 2018 470 2068 Cum
504 2019 629 2069 Iove
664 2036 953 2070 communes
977 2022 1069 2088 qui
1092 2019 1350 2088 quondam
1381 2019 1611 2069 habuere
1643 2023 1890 2085 nepotes”

207 2099 332 2164 (cir.
366 2115 409 2148 v.
444 2102 542 2148 35⁷
577 2104 760 2165 seqq.).
837 2100 1027 2151 Deinde
1070 2101 1229 2151 enixis
1274 2101 1506 2166 precibus
1551 2106 1740 2166 patrem
1787 2097 1891 2146 filia

204 2181 350 2229 unica
383 2185 522 2238 orat,
573 2186 624 2228 ut
671 2182 804 2229 curis
848 2196 906 2229 ac
949 2196 1132 2245 pavore
1167 2197 1223 2229 se
1254 2185 1502 2246 perpetuo
1536 2179 1720 2227 bellum
1755 2192 1891 2225 com-

206 2259 435 2324 ponendo
477 2259 672 2310 liberet.
756 2259 854 2308 Pro
901 2260 1008 2308 filio
1055 2261 1354 2323 interempto
1403 2258 1589 2308 bellum
1637 2257 1699 2305 ab
1742 2256 1890 2304 hoste

202 2339 529 2388 iustissimum
562 2341 667 2402 geri
702 2335 868 2405 (Ovid.
902 2354 949 2389 v·
985 2336 1118 2404 58.):
1166 2353 1285 2401 ergo
1332 2337 1482 2385 filiam
1517 2336 1624 2385 Nisi
1655 2351 1749 2401 pro
1782 2335 1892 2384 filio

204 2418 389 2468 Minois
439 2419 730 2470 tradendam
774 2435 916 2481 esse,
965 2425 1022 2467 ut
1069 2423 1120 2468 et
1154 2418 1340 2467 civibus
1375 2417 1528 2465 otium
1564 2420 1617 2465 et
1649 2415 1722 2463 illi
1757 2414 1890 2464 salus

205 2500 548 2563 securitasque
606 2500 913 2550 restituatur.
995 2498 1153 2548 Dulce
1205 2497 1300 2547 sibi
1360 2496 1411 2545 et
1456 2496 1724 2559 gloriosum
1777 2510 1892 2544 esse

204 2580 474 2629 multorum
521 2579 703 2630 civium
749 2584 935 2628 mortes
983 2579 1238 2643 patrisque
1285 2576 1441 2642 ipsius
1488 2576 1762 2641 periculum
1798 2589 1890 2624 suo

203 2660 519 2708 incommodo
564 2660 827 2709 redimere.
909 2658 1242 2721 Quamobrem
1288 2673 1344 2706 se
1391 2657 1498 2705 sine
1544 2671 1681 2704 mora
1714 2656 1764 2704 in
1796 2651 1921 2703 hos

205 2740 357 2789 stium
404 2744 567 2788 castra
599 2739 958 2804 profecturam,
993 2743 1050 2788 ut
1084 2753 1176 2803 pro
1209 2736 1382 2787 obside
1413 2736 1652 2801 pacisque
1683 2735 1891 2800 pignore

206 2835 264 2869 se
296 2818 522 2868 hostibus
557 2819 798 2869 tradendo
830 2819 1131 2883 reliquorum
1164 2818 1288 2866 vitas
1317 2811 1643 2879 fortunasque
1676 2829 1766 2864 suo
1799 2829 1890 2878 pe·-

202 2897 362 2949 riculo
397 2899 641 2948 exsolvat:
1175 2948 1177 2950 ,

339 2975 475 3035 „Me
508 2984 686 3027 tamen
720 2984 940 3045 accepta
967 2982 1181 3045 poterat
1217 2974 1478 3042 deponere
1513 2975 1701 3023 bellum

341 3056 566 3107 Obside:
601 3075 684 3107 me
719 3059 973 3120 comitem,
1006 3074 1089 3106 me
1115 3057 1267 3123 pacis
1295 3057 1490 3121 pignus
1523 3049 1760 3104 habeto?
1821 3075 1825 3077 “

207 3135 353 3186 Ovid.
388 3153 435 3186 v.
470 3139 537 3185 4⁷
572 3154 676 3202 seq.
743 3139 923 3203 Magna
956 3139 1056 3187 fuit
1088 3137 1195 3186 Nisi
1229 3135 1468 3184 fortitudo
1503 3139 1651 3199 atque
1683 3130 1887 3193 ferocia,

207 3217 372 3281 quoad
418 3217 553 3266 crine
595 3217 733 3267 fatali
779 3218 1035 3283 praeditus
1079 3218 1202 3268 fuit:
1249 3217 1380 3266 unde
1411 3215 1561 3264 facile
1605 3217 1770 3277 potest
1803 3226 1887 3260 ae-

266 3398 316 3454 *)
344 3399 570 3454 Aristoph.
601 3400 788 3442 Thesm.
817 3397 927 3442 406:

459 3465 510 3513 τὰ
542 3469 702 3527 χρῶμα
728 3466 870 3514 τοῦτό
899 3465 944 3524 μ’
975 3465 1060 3513 ov'n
1088 3461 1266 3525 ἀρέσκει
1295 3465 1380 3521 τῆς
1406 3461 1555 3521 κόρης.
