2170 3866
924 241 1056 300 477

128 392 219 448 καὶ
251 388 396 445 ἔστιν
428 389 705 455 ὀξύτατον.
773 387 1050 442 ἀπίθανον
1096 378 1199 438 οὗν
1242 382 1342 453 τὴν
1367 377 1662 449 Ἠλέκτραν
1693 381 1834 452 ὀξείᾳ

130 479 293 542 φωνῇ
340 477 660 541 κεχρῆσθαι,
709 469 800 524 καὶ
844 475 1016 522 ταῦτα
1062 466 1496 533 ἐπιπλήσσουσαν
1542 467 1616 537 τῷ
1663 466 1832 537 χορῷ·

130 555 263 608 α’λλὰ
297 554 542 622 κέχρηται
575 553 673 619 μὲν
705 559 779 619 τῷ
814 550 924 614 ὀξεῖ
953 548 1284 615 ἀναγκαίως,
1321 547 1635 611 λεπτότερον
1669 545 1727 599 δὲ
1763 544 1836 609 ὥς

131 635 213 690 ἔνι
246 637 488 702 μάλιστα.
557 638 684 687 Item
734 635 997 698 Dionysius
1034 632 1147 681 Hal.
1191 632 1435 695 (compos.
1471 632 1609 679 verb.
1647 647 1689 679 c.
1725 629 1833 695 11.)

131 722 230 770 hoc
264 724 411 768 utens
446 716 676 780 exemplo
712 731 806 764 non
843 714 1046 762 eosdem
1073 728 1188 761 esse
1213 717 1385 760 cantus
1411 715 1464 758 et
1490 711 1726 759 orationis
1750 726 1835 759 ac-

135 808 308 850 centus
345 798 590 847 ostendit:
627 795 814 844 intendi
849 795 983 843 enim
1018 795 1069 843 in
1104 797 1251 841 cantu
1288 805 1455 852 voces,
1493 791 1699 854 quaein
1723 806 1836 840 ora-

134 882 268 930 tioue
303 880 675 934 inclinarentur,
711 876 1025 940 invicemque
1062 873 1287 922 inclinari
1321 887 1447 935 quae
1479 871 1529 920 in
1551 872 1646 920 hac
1672 871 1836 920 inten-

138 961 392 1019 derentur,
429 964 483 1008 ut
517 963 665 1007 acuta
698 972 792 1006 vox
827 957 876 1005 in
910 957 1078 1005 locum
1113 954 1277 1020 gravis
1314 958 1364 1002 et
1396 953 1560 1017 gravis
1594 953 1644 1001 in
1673 952 1839 1001 locum

140 1046 316 1090 acutae
351 1039 663 1088 succederet.

271 1120 475 1169 Duobus
509 1120 674 1168 verbis
711 1118 979 1184 Euripides
1014 1117 1066 1166 in
1113 1116 1210 1164 hoc
1260 1114 1480 1163 carmine
1530 1111 1841 1178 significavit,

141 1201 258 1266 quid
295 1201 359 1250 de
392 1200 618 1249 facinore
655 1198 849 1247 Orestis
885 1198 1122 1252 sentiret,
1169 1195 1404 1258 idemque
1438 1199 1634 1242 veteres
1670 1207 1844 1242 omnes

141 1281 487 1346 conspirantes
537 1279 846 1327 sentiebant:
897 1293 1043 1335 esse,
1093 1276 1188 1335 ait,
1242 1282 1452 1322 matrem
1503 1290 1532 1321 a
1576 1273 1680 1321 filio
1715 1273 1846 1322 iuste

141 1361 362 1425 quidem,
398 1358 489 1407 sed
513 1358 788 1406 infeliciter
814 1356 1160 1405 interfectam:
1197 1352 1320 1421 δίκᾳ
1341 1350 1456 1417 μέν,
1477 1353 1655 1412 καλῶς
1682 1351 1731 1403 δ’
1758 1353 1845 1404 οὔ.

139 1440 282 1490 Hanc
331 1439 463 1487 enim
512 1439 607 1486 vim
655 1454 771 1486 esse
816 1438 950 1485 vocis
997 1435 1173 1494 καλῶς
1219 1435 1525 1496 versiculus,
1562 1436 1646 1500 qui
1682 1435 1847 1485 estin

138 1520 300 1586 Iphig.
335 1518 487 1568 Taur.
520 1520 651 1579 546„
688 1518 936 1567 ostendit:
974 1513 1046 1575 ὥς
1081 1509 1140 1565 εὖ
1174 1514 1394 1566 κακὸν
1429 1513 1714 1568 δίκαιον
1748 1512 1846 1576 εἰς·

141 1598 418 1665 επροίξατο.
486 1599 623 1648 Bene
657 1598 845 1647 fecisse
881 1599 952 1647 ait
976 1597 1226 1656 Orestem,
1265 1598 1416 1661 quod,
1453 1603 1506 1645 ut
1539 1603 1735 1662 patrem
1770 1597 1847 1647 ul-

142 1683 438 1743 cisceretur,
473 1696 537 1729 ne
571 1681 744 1728 matris
781 1677 981 1742 quidem
1017 1679 1147 1726 vitae
1183 1679 1525 1742 pepercisset:
1563 1678 1655 1727 sed
1690 1678 1846 1728 mise-

144 1780 256 1813 rum
292 1777 434 1821 esse,
486 1761 619 1824 quod
666 1758 958 1808 satisfacere
1007 1759 1177 1807 officio
1213 1759 1409 1807 nonnisi
1444 1759 1624 1807 violata
1660 1758 1851 1823 pietate.

143 1843 382 1909 potuerit.
450 1841 635 1890 Pulcra
669 1844 785 1888 sunt
820 1839 1016 1900 eadem,
1055 1855 1181 1904 quae
1217 1841 1427 1901 decora,
1462 1840 1645 1888 decora
1679 1844 1851 1889 autem

147 1940 263 1973 esse
297 1922 475 1971 Cicero
510 1922 581 1970 ait
616 1936 704 1982 ea,
760 1935 888 1983 quae
937 1927 1268 1970 consentanea
1302 1921 1400 1969 sint
1435 1921 1646 1969 hominis
1683 1919 1850 1969 excel-

146 2005 329 2054 lentiae
379 2003 430 2051 in
480 2018 570 2062 eo,
615 2002 666 2049 in
716 2015 813 2064 quo
861 2007 1039 2049 natura
1074 2002 1179 2051 eius
1213 2018 1242 2049 a
1276 2001 1481 2065 reliquis
1516 2001 1851 2050 animantibus

149 2084 381 2134 differat:
439 2082 573 2132 unde
620 2087 761 2146 patet
809 2080 993 2129 decora
1039 2097 1138 2131 non
1172 2098 1287 2131 esse
1322 2099 1448 2145 quae
1482 2085 1704 2147 pugnent
1738 2096 1853 2130 cum

146 2165 473 2214 humanitate.
543 2162 816 2211 Inhumane
853 2167 1125 2226 contraque
1152 2167 1357 2211 naturae
1386 2163 1550 2227 legem
1573 2162 1694 2211 fecit
1724 2160 1854 2211 Ore-

150 2250 271 2306 stes,
307 2246 400 2293 sed
435 2259 532 2292 non
578 2242 781 2290 violavit
829 2242 967 2306 leges
1015 2242 1359 2306 reipublicae,
1412 2246 1466 2290 et
1512 2242 1733 2292 obedivit
1766 2257 1855 2291 vo-

147 2325 330 2375 luntati
363 2325 470 2374 eius
507 2322 606 2381 dei,
643 2322 783 2370 cuius
819 2322 1120 2370 auctoritate
1155 2330 1261 2372 rata
1296 2323 1420 2372 fiunt
1441 2323 1550 2372 iura
1574 2323 1852 2374 civitatum.

148 2405 245 2454 nis
294 2405 424 2454 enim
461 2404 654 2466 legibus
690 2418 803 2452 cum
838 2403 1152 2452 haereditate
1190 2404 1429 2452 bonorum
1467 2403 1615 2452 simul
1648 2403 1856 2452 ultionis

149 2484 435 2534 haereditas
470 2501 498 2532 a
534 2482 758 2548 patribus
797 2484 859 2531 ad
895 2484 1027 2531 filios
1063 2484 1379 2532 tradebatur:
1428 2500 1575 2548 quam
1615 2483 1856 2533 ultionem

154 2565 198 2614 si
230 2565 341 2628 quis
375 2579 475 2612 non
509 2567 709 2627 poterat
743 2580 835 2627 per
869 2563 1055 2611 iudicia
1095 2565 1341 2625 obtinere,
1377 2579 1586 2628 poenam
1623 2579 1713 2612 sua
1746 2579 1854 2612 ma-

152 2662 221 2695 nu
255 2644 455 2706 exigere
501 2643 727 2692 debebat.
796 2642 1133 2705 Quamobrem
1181 2643 1424 2706 OresteS‚
1477 2651 1534 2693 ut
1565 2659 1663 2693 non
1698 2644 1856 2694 obno-

153 2727 265 2776 xius
301 2723 489 2772 civibus
526 2728 660 2782 erat,
715 2724 784 2771 ita
819 2740 846 2771 a
882 2724 1145 2773 Furiarum
1186 2726 1418 2802 'cruciatu
1455 2725 1561 2773 sive
1596 2724 1856 2774 conscien-

154 2807 256 2856 tiae
305 2819 490 2869 angore
537 2818 600 2851 ne
634 2803 694 2851 ab
742 2804 977 2868 Apolline
1012 2806 1246 2868 quidem,
1294 2805 1436 2853 cuins
1482 2811 1561 2853 est
1605 2809 1857 2854 certarum

153 2886 410 2936 civitatum
445 2883 552 2931 iura
586 2898 699 2931 cum
735 2886 1111 2946 communibus,
1155 2886 1259 2934 sive
1293 2885 1522 2933 humanis
1559 2884 1856 2949 divinisque,

156 2965 453 3024 conciliare,
503 2963 700 3012 liberari
745 2970 917 3028 potest
959 2966 1066 3014 sine
1102 2964 1406 3030 reliquorum
1444 2965 1684 3026 deorum,
1718 2971 1859 3015 certe

157 3046 439 3105 Minervae,
487 3044 665 3092 summi
699 3042 826 3093 Iovis
860 3045 1100 3105 Vicariae,
1144 3047 1326 3094 auxilio
1361 3052 1513 3110 atque
1547 3045 1856 3095 interventu:

158 3128 243 3192 qui
279 3126 363 3187 dii,
399 3140 550 3188 quum
587 3123 787 3172 traditis
811 3127 1033 3174 moribus
1061 3126 1399 3190 institutisque
1425 3125 1616 3175 facinus
1640 3126 1859 3175 immane

158 3206 468 3266 condonant,
517 3204 710 3252 scilicet
757 3204 954 3255 illorum
985 3206 1155 3255 volunt
1197 3208 1547 3256 auctoritatem
1583 3205 1859 3255 servandae

159 3287 413 3336 societatis
447 3285 690 3333 humanae
725 3301 899 3335 caussa
933 3292 1116 3335 tantam
1153 3302 1295 3347 esse,
1346 3291 1431 3346 ut,
1480 3287 1632 3336 etiam
1666 3286 1711 3335 si
1744 3285 1857 3350 quis

161 3373 336 3416 contra
369 3371 579 3416 naturae
610 3363 774 3429 legem
807 3365 908 3416 illis
942 3366 1192 3433 paruerit,
1225 3367 1584 3435 ignoscendum
1618 3381 1734 3417 esse
1765 3366 1858 3416 de·

162 3451 384 3498 cernant.
