2202 3892
981 296 1104 355 267

208 453 429 503 ianorum
474 448 605 499 filiae
651 461 933 511 uxoresque
966 445 1361 495 commorantur:
1409 438 1543 489 unde
1585 435 1891 503 prodeuntes

210 547 383 583 omnes
417 534 618 597 praeter
654 527 980 578 Cassandram
1005 525 1360 585 Helenamque,
1395 535 1602 584 quarum
1635 517 1720 567 illa
1752 532 1892 567 moe-

209 628 341 672 rore,
378 613 504 660 haec
538 610 731 676 pudore
765 608 1074 674 prohibetur,
1109 604 1301 652 duobus
1331 599 1526 649 effectis
1553 596 1895 658 hemichoriis,

211 699 403 758 partem
438 692 762 740 lamentorum
798 688 1001 736 incisam
1036 701 1146 734 cum
1183 681 1390 731 Hecuba
1427 680 1742 738 alternantes,
1778 693 1894 742 par-

211 779 314 822 tem
341 773 389 822 in
418 788 565 820 unum
593 771 832 819 collectae
861 768 1069 816 chorum
1096 763 1379 813 continuam
1408 764 1668 827 peragunt.
1728 757 1896 820 Quum

214 851 438 901 Graecos
473 851 666 900 iamiam
700 864 848 898 naves
883 847 1131 895 soluturos
1167 860 1279 893 esse
1314 842 1538 902 videant,
1574 839 1747 888 anxiae
1785 854 1896 887 sus·

213 947 525 998 pensaeque,
584 945 710 994 quae
760 929 1001 991 cuiusque
1047 942 1156 975 sors
1205 925 1373 974 futura
1431 922 1527 980 sit,
1590 923 1897 984 exspectant.

214 1010 343 1060 Tum
391 1013 516 1061 vitae
570 1011 770 1059 futurae
805 1025 926 1057 suae
972 1007 1332 1066 conditionem,
1383 1002 1540 1068 qualis
1586 1003 1635 1050 in
1680 1000 1898 1050 hostium

214 1093 359 1142 terris
394 1091 559 1141 sutura
607 1091 698 1150 sit,
748 1094 917 1138 mente
962 1089 1258 1152 anticipant,
1307 1100 1402 1150 quo
1439 1083 1548 1131 loco
1584 1081 1714 1147 quod
1750 1096 1897 1145 quas-

216 1171 330 1220 dam
367 1188 424 1221 se
445 1179 601 1220 terras
625 1176 938 1234 praeoptare,
974 1169 1093 1217 alias
1124 1168 1294 1216 odisse
1330 1165 1514 1225 dicunt,
1548 1164 1598 1212 id
1624 1161 1900 1213 Athenien-

217 1251 346 1305 sium
381 1253 537 1318 gratia
572 1250 683 1299 fieri
717 1265 865 1314 supra
900 1247 1412 1297 commemoravimus.

314 1330 463 1381 Venit
497 1331 694 1380 famulis
728 1330 936 1395 stipatus
963 1327 1280 1392 Talthybius,
1313 1326 1443 1374 facta
1471 1324 1770 1389 captivarum
1793 1336 1903 1370 sor-

216 1412 408 1471 titione,
430 1411 757 1460 Cassandram
781 1410 886 1475 regi
911 1408 1228 1457 adducturus.
1276 1408 1321 1457 A
1347 1421 1442 1470 quo
1475 1405 1684 1453 Hecuba
1711 1402 1774 1451 de
1804 1402 1902 1451 Po-

213 1491 451 1556 lyxenae,
487 1507 647 1556 nuper
682 1491 954 1551 abductae,
992 1489 1130 1537 obitu
1164 1491 1394 1544 obscure,
1431 1485 1494 1534 de
1529 1483 1906 1534 Andromachae

213 1571 384 1623 futura
418 1589 476 1620 ac
510 1572 575 1620 de
609 1587 699 1620 sua
732 1577 870 1619 sorte
903 1577 1078 1634 aperte
1114 1569 1339 1617 docetur.
1411 1566 1504 1615 His
1540 1582 1651 1614 cum
1679 1563 1905 1614 omnibus

214 1651 667 1713 vehementissime,
703 1658 756 1700 ut
792 1667 882 1715 par
918 1657 1012 1709 est,
1046 1650 1215 1699 doleat
1249 1648 1426 1698 mulier
1447 1652 1723 1712 paventque
1750 1644 1907 1702 (nulla

218 1733 350 1782 enim
397 1732 575 1781 harum
622 1731 956 1780 delectionum
997 1747 1096 1779 non
1131 1729 1376 1791 crudelis,
1423 1727 1673 1791 improba,
1716 1723 1909 1774 nefaria

220 1818 324 1872 est,
374 1813 506 1861 nulla
554 1827 650 1860 non
692 1812 910 1860 victores
957 1811 1192 1875 pietatem
1242 1818 1295 1858 et
1328 1808 1562 1856 iustitiam
1598 1810 1909 1872 spernentes,

221 1892 383 1941 divina
430 1893 742 1955 humanaque
787 1892 892 1940 iura
927 1892 1207 1956 polluentes
1243 1887 1453 1957 arguit),
1502 1894 1605 1937 tum
1641 1887 1784 1951 longe
1816 1886 1909 1935 mi-

226 1972 494 2020 serrimum
529 1987 642 2020 esse
675 1971 844 2034 ducit,
878 1972 1011 2035 quod
1045 1972 1152 2035 ipsa
1189 1970 1391 2035 Ulyssi,
1434 1969 1624 2018 homini
1659 1967 1911 2017 abomina-

220 2051 309 2101 bili
331 2057 383 2100 et
406 2051 737 2112 fraudulento,
774 2053 964 2101 servire
998 2058 1219 2117 cogatur,
1254 2051 1473 2100 iustitiae
1501 2050 1655 2108 hosti,
1689 2048 1911 2097 nefariae

223 2130 434 2191 belluae,
471 2131 555 2195 qui
590 2133 756 2181 omnia
790 2133 905 2181 hinc
941 2140 991 2180 et
1023 2132 1158 2180 illinc
1193 2131 1502 2181 confundens
1537 2130 1722 2195 duplici
1746 2129 1911 2194 lingua

222 2210 491 2260 amicitiam
526 2213 577 2260 in
611 2212 915 2261 inimicitiam
953 2213 1268 2262 converterit.

355 2290 544 2341 Deinde
580 2293 663 2341 ubi
698 2294 906 2359 primam
937 2292 1234 2358 Talthybius
1264 2292 1592 2341 Cassandram
1618 2289 1913 2354 imperatori

219 2371 558 2421 adducendam
596 2389 709 2422 esse
738 2374 877 2432 dixit,
912 2380 1120 2438 repente
1144 2374 1407 2423 tentorium
1430 2373 1545 2436 igne
1571 2371 1915 2431 collustratur;

223 2467 340 2503 mox
382 2452 500 2501 inde
546 2454 779 2503 ardentes
827 2454 963 2503 faces
1012 2459 1188 2503 tenens
1224 2454 1504 2503 Cassandra
1552 2453 1690 2516 quasi
1724 2450 1786 2499 ad
1821 2467 1913 2500 nu-

223 2532 355 2596 ptias
389 2548 503 2580 suas
539 2534 860 2583 celebrandas
897 2535 1141 2600 procedit,
1179 2551 1299 2599 quas
1336 2534 1493 2582 innuit
1528 2548 1623 2581 non
1648 2532 1810 2580 minus
1832 2532 1914 2580 fu-

225 2617 392 2661 nestas
428 2629 541 2662 esse
575 2614 803 2664 hostibus
837 2615 1048 2675 futuras,
1084 2631 1228 2680 quam
1268 2614 1461 2662 Paridis
1498 2613 1697 2676 nuptiae
1728 2611 1917 2661 fuerint

225 2689 470 2740 Troianis·
538 2692 711 2759 Itaque
747 2696 1075 2759 hymenaeum
1102 2710 1301 2754 canens,
1337 2694 1458 2740 deos
1494 2693 1742 2754 invocans,
1778 2692 1916 2743 faces

227 2770 435 2833 vibrans,
465 2772 647 2822 saltans
674 2775 1064 2839 tripudiansque,
1089 2775 1288 2823 felicem
1312 2789 1383 2831 se,
1409 2773 1611 2821 felicem
1629 2773 1837 2837 patriam
1863 2776 1917 2822 et

226 2858 458 2914 parentes
485 2853 793 2916 praedicans,
822 2857 880 2903 ad
910 2873 1075 2920 parem
1100 2856 1338 2903 laetitiam
1363 2859 1567 2901 matrem
1595 2860 1742 2917 atque
1770 2853 1918 2902 soda-

227 2930 301 2979 les
325 2931 510 2982 invitat.
559 2931 824 2996 Mitigante
844 2936 1062 2984 furorem
1086 2939 1191 2984 eius
1216 2940 1374 2982 matre
1394 2933 1547 2980 simili
1578 2934 1816 2993 oratione,
1842 2940 1917 2983 at-

228 3027 326 3076 que
361 3012 493 3076 apud
527 3011 738 3062 Ennium
773 3014 823 3062 in
858 3016 1126 3064 Alexandri
1161 3016 1382 3062 dramate
1415 3014 1592 3072 utitur,
1630 3020 1680 3062 et
1718 3015 1921 3063 iubente

229 3090 368 3140 faces
418 3108 477 3139 ex
514 3093 739 3140 manibus
775 3094 966 3143 demtas
1001 3095 1203 3159 virginis
1239 3095 1371 3142 intro
1411 3093 1618 3152 auferri,
1653 3095 1751 3153 illa,
1787 3100 1920 3143 tran-

230 3170 428 3234 quillior
467 3172 629 3232 facta,
676 3172 736 3220 ad
787 3176 1055 3223 orationem
1094 3176 1306 3225 sobriam
1339 3174 1567 3237 quidem,
1615 3175 1706 3223 sed
1753 3180 1922 3223 tamen

228 3267 430 3314 gravem
454 3253 898 3317 vehementemque
933 3256 1123 3317 transit,
1158 3255 1475 3320 gratulandas
1511 3255 1605 3302 sibi
1640 3255 1832 3318 nuptias
1868 3258 1921 3302 et

231 3333 511 3381 coronanda
536 3339 759 3397 tempora
781 3334 1002 3382 victricia
1033 3352 1147 3384 esse
1168 3336 1368 3396 docens,
1405 3334 1588 3399 quippe
1618 3350 1768 3398 quum
1794 3332 1922 3381 mala

232 3410 293 3459 ab
330 3410 524 3460 Helena
557 3412 607 3460 in
642 3411 915 3462 Priamidas
950 3415 1146 3464 invecta
1177 3414 1394 3463 vicissim
1428 3415 1479 3463 in
1511 3414 1714 3463 Atridas
1761 3417 1922 3461 retor-

237 3503 354 3540 sura
388 3491 454 3541 sit
489 3508 546 3542 ac
580 3508 768 3557 poenas
803 3492 1013 3543 fratrum
1047 3495 1302 3560 patrisque
1344 3495 1625 3545 occisorum
1661 3510 1690 3543 a
1723 3491 1924 3543 victori-
