2170 3848
1146 279 1226 334 26

353 427 544 473 menter
574 425 715 487 patre
748 437 809 470 ex
842 421 1014 471 inferis
1048 439 1248 472 reverso
1276 425 1565 488 gaudentes„
1617 429 1811 478 Atenim
1834 431 2020 480 otiosos

354 507 685 568 expertesque
732 503 974 551 actionum
1021 504 1296 567 producere
1346 504 1517 554 noluit.
1585 504 1862 558 Desiderio·
1887 511 2019 560 enim

352 582 507 647 patris
542 581 758 630 absentis
792 582 974 631 liberos
1009 584 1192 641 teneri,
1230 584 1503 646 eodemque
1549 593 1751 651 recepto
1783 575 2018 653 gaudere,

351 662 562 726 vulgaris
595 677 678 710 res
711 668 790 710 est
822 677 981 724 neque
1017 665 1133 711 satis
1170 664 1309 727 digna
1334 665 1603 728 tragoedia,
1639 667 1732 714 nisi
1755 685 1900 732 grave
1927 669 2018 718 ali-

351 742 481 805 quod
512 742 780 804 periculum
806 742 1024 799 accedat,
1050 758 1145 806 quo
1180 750 1338 791 metus
1374 750 1424 791 et
1462 745 1798 794 misericordia
1831 749 2018 798 excite-

350 827 449 870 tur.
487 820 641 869 Simul
666 828 826 868 autem
854 820 949 868 hoc
971 822 1247 871 discrimine
1273 824 1510 877 efficitur,
1542 825 1837 874 utHerculis
1862 827 2018 891 ipsius

351 901 625 949 calamitate
649 901 984 949 vehementius
1001 917 1294 962 moveamur,
1314 903 1570 952 trucidatis
1601 905 1676 962 iis,
1693 921 1815 969 quos
1835 922 2019 972 cogno·

350 981 510 1028 vimus
546 996 638 1028 non
673 980 830 1028 solum
866 981 1152 1028 innocentes
1185 997 1313 1042 esse,
1350 983 1436 1030 sed
1470 985 1615 1032 etiam
1642 984 2017 1036 honestissimos

348 1060 742 1122 fortissimosque
786 1066 836 1108 et
881 1077 942 1108 ex
986 1061 1267 1110 discrimine
1311 1062 1485 1127 capitis
1518 1064 1685 1128 paullo
1718 1073 1829 1115 ante
1861 1067 2017 1130 ipsius

349 1156 500 1205 opera
533 1147 772 1188 servatos.
842 1139 1057 1187 Eosdem
1105 1141 1264 1200 enim,
1313 1148 1573 1206 postquam
1617 1143 1667 1191 in
1709 1150 1904 1208 portum
1954 1162 2017 1195 ex

347 1224 696 1284 tempestatum
733 1220 962 1267 fluctibus
999 1228 1326 1283 pervenerunt
1361 1227 1413 1270 et
1446 1222 1722 1287 perfugium
1754 1223 1883 1274 nacti
1905 1231 2019 1274 sunt

345 1300 412 1360 id,
448 1300 577 1362 quod
613 1300 989 1364 flagrantissime
1023 1301 1421 1365 concupiverant,
1455 1302 1505 1351 in
1540 1302 1649 1367 ipso
1674 1311 1822 1368 portu
1843 1305 2016 1354 miser-

346 1379 473 1428 rime
507 1380 711 1427 interire
745 1386 796 1428 et
831 1379 984 1427 multo
1019 1381 1259 1429 atrociore
1294 1387 1454 1430 morte
1488 1383 1548 1430 ab
1574 1397 1651 1443 eo,
1686 1399 1833 1446 quem
1855 1384 2015 1434 lucem

344 1459 494 1508 rebus
525 1458 734 1525 perditis
780 1460 882 1507 suis
917 1460 1098 1508 afferre
1133 1468 1478 1524 speraverant,
1531 1478 1675 1525 quam
1711 1480 1740 1512 a
1776 1464 2015 1518 crudelis-

345 1540 471 1587 simo
519 1539 691 1598 hoste,
755 1539 916 1599 affici,
974 1539 1024 1586 id
1074 1556 1188 1588 vero
1232 1541 1568 1590 tristissimum
1619 1548 1696 1590 est
1741 1543 2017 1609 multoque,

344 1635 489 1682 quam
526 1621 754 1668 continuo
797 1627 910 1685 post
952 1619 1164 1667 reditum
1201 1622 1350 1684 patris
1387 1621 1627 1680 interfici,
1672 1623 2013 1674 miserabilius·

343 1698 476 1748 Tum
509 1699 777 1748 Herculem
811 1715 1022 1763 quoque,
1057 1705 1315 1762 antequam
1351 1701 1482 1749 edita
1519 1717 1607 1765 per
1640 1702 1860 1750 furorem
1895 1702 2017 1752 faci-

342 1795 461 1833 nora
496 1780 914 1836 describerentur,
950 1795 1120 1827 sanum
1157 1780 1367 1838 ostendi,
1401 1786 1683 1843 quantaque
1717 1783 1781 1830 sit
1815 1782 2014 1842 virtute,

342 1860 534 1923 quantis
562 1860 814 1908 beneflciis
850 1865 902 1907 et
934 1859 1139 1924 patriam
1178 1867 1228 1907 et
1262 1865 1456 1922 gentem
1483 1859 1785 1910 Graecorum
1823 1868 1873 1910 et
1905 1862 2014 1911 uni-

339 1956 534 1989 versnm
570 1955 724 2003 genus
759 1939 1023 1988 humanum
1058 1939 1309 2003 affecerit,
1354 1926 1532 2003 exponi
1567 1956 1774 1990 necesse
1806 1941 1930 2002 fuit,
1963 1941 2013 1990 id

342 2019 473 2085 quod
496 2020 699 2067 absente
722 2019 822 2079 illo,
859 2035 1003 2083 quam
1037 2026 1316 2083 praesente,
1352 2020 1461 2067 fieri
1499 2021 1659 2082 potuit
1691 2021 2013 2072 commodius.

341 2099 500 2149 Simili
544 2100 730 2148 ratione
777 2101 823 2147 in
863 2099 1088 2163 Odyssea
1124 2100 1332 2162 primum
1365 2099 1491 2147 mala
1524 2101 1787 2148 liberorum
1824 2101 2015 2149 uxoris-

341 2197 438 2244 que
485 2179 810 2228 ostenduntur
854 2179 1047 2227 iniuriis
1092 2180 1268 2227 civium
1315 2179 1450 2226 domi
1485 2180 1825 2244 pereuntium,
1871 2187 2014 2244 patre

339 2261 550 2309 familias
585 2275 794 2325 peregre
826 2259 1040 2323 pericula
1074 2259 1368 2322 laboresque
1402 2259 1668 2319 tolerante,
1704 2260 1885 2309 deinde
1919 2261 2015 2310 hoc

339 2348 541 2408 praeter
565 2357 705 2404 spem
739 2355 938 2387 reverso
973 2355 1150 2399 rerum,
1187 2356 1332 2402 quam
1367 2340 1539 2397 efficit,
1575 2340 1891 2387 commutatio
1926 2356 2012 2388 ex-

340 2423 552 2487 ponitur.
621 2421 732 2468 Hoc
769 2421 1005 2478 interest,
1042 2421 1171 2483 quod
1199 2409 1303 2467 'non
1339 2420 1385 2467 in
1419 2419 1626 2479 laetius,
1663 2419 1751 2467 sed
1787 2419 1837 2468 in
1871 2421 2012 2484 peius

340 2503 544 2551 deorum
590 2501 771 2549 invidia
817 2516 899 2549 res
933 2516 1132 2548 reverso
1167 2506 1310 2564 patre
1345 2503 1730 2559 commutantur,
1767 2499 2014 2563 quodque,

341 2588 524 2648 quanto
570 2581 814 2629 Hercules
862 2596 1030 2628 omnes
1079 2581 1259 2627 heroes
1296 2579 1516 2643 corporis
1551 2580 1796 2642 animique
1829 2579 2012 2628 viribus

340 2663 619 2726 invictoque
653 2663 834 2709 robore
867 2666 1116 2725 praestat,
1153 2665 1332 2722 quanto
1368 2659 1624 2707 audaciora
1660 2659 1854 2707 edendo
1890 2657 2011 2707 faci-

340 2759 460 2793 nora
494 2743 614 2790 deos
649 2742 784 2805 ipsos
818 2743 879 2789 ad
915 2748 1159 2788 certamen
1195 2742 1456 2803 provocat,
1502 2744 1640 2786 tanto
1676 2739 1780 2786 eius
1816 2739 2013 2787 calami-

343 2828 473 2872 tates
521 2839 843 2886 quaecunque
889 2837 1098 2884 unquam
1143 2838 1169 2868 a
1205 2819 1487 2867 mortalibus
1523 2818 1732 2866 tolerata
1767 2823 1882 2867 sunt
1925 2834 2014 2866 su-

339 2907 532 2970 perant.
594 2903 713 2949 Eius
740 2908 904 2950 autem
939 2901 1092 2964 ipsius
1129 2899 1355 2947 miseriae
1389 2898 1670 2960 magnitudo
1705 2899 1864 2946 minus
1897 2914 2013 2963 per-

341 2984 649 3048 spiceretur,
693 2983 786 3030 nisi
821 2998 931 3029 cum
968 2981 1060 3027 alia
1094 2980 1308 3038 minore,
1346 2995 1470 3042 quae
1505 2979 1778 3039 antecedit,
1813 2993 2010 3040 compa-

341 3068 554 3114 raretur.
622 3063 698 3110 Ad
734 3069 1071 3125 argumentum
1107 3061 1300 3108 fabulae
1336 3059 1500 3107 redeo.

470 3142 595 3191 Dum
643 3142 703 3190 ad
753 3148 960 3190 mortem
999 3141 1271 3188 obeundam
1310 3138 1606 3186 Heraclidae
1639 3141 1886 3196 ornantur,
1922 3151 2010 3184 ne-

342 3224 471 3274 niam
507 3222 710 3271 Herculi
755 3223 892 3284 quasi
941 3221 1171 3269 defuncto
1217 3224 1415 3267 cantans
1452 3220 1631 3266 chorus
1664 3218 1870 3264 virtutes
1905 3216 2011 3264 eius

344 3304 559 3351 carmine
605 3301 1002 3365 splendidissimo
1040 3302 1283 3356 celebrat,
1332 3300 1462 3360 qnod
1497 3298 1772 3363 legentibus
1806 3295 2010 3343 manife-

347 3387 477 3431 stmn
523 3382 634 3431 fieri
670 3387 838 3445 potest
884 3381 1138 3440 omnibus,
1182 3385 1318 3427 tanto
1355 3379 1583 3428 Herculis
1617 3378 1848 3424 virtutem
1895 3374 2011 3422 reli-

346 3478 555 3526 quorum
585 3463 801 3512 virorum
834 3460 1036 3510 fortium
1070 3459 1290 3509 laudibus
1324 3458 1646 3523 praestitisse,
1681 3460 1862 3519 quanto
1894 3453 2012 3504 reli-
