2170 3848
912 258 995 316 65

118 410 275 461 dere
308 413 587 475 oportet.
656 409 726 458 Et
760 407 1028 457 curandum
1063 410 1154 466 est,
1189 410 1248 455 ut
1280 405 1445 456 idonei
1478 408 1580 457 sint
1610 422 1668 458 ac
1700 424 1787 459 ne—

117 490 323 541 cessarii
356 494 496 538 actus
532 490 637 538 sive
672 488 927 554 episodia‚
973 487 1107 537 velut
1139 487 1187 534 in
1221 485 1504 552 Iphigeniae
1538 488 1705 538 fabula
1737 494 1789 540 et

114 571 255 620 furor
290 569 507 630 OrestiS,
542 585 640 633 quo
672 569 860 617 factum
895 572 998 626 est,
1036 573 1089 615 ut
1121 571 1411 631 caperetur,
1465 574 1516 616 et
1547 568 1787 631 lustratio,

115 667 210 716 qua
244 650 378 700 salus
411 650 672 714 impetrata
707 645 834 696 est.’'

247 730 371 779 Cum
404 729 499 777 hac
532 732 930 792 argumentorum
966 726 1280 790 simplicitate
1315 727 1594 792 congeriem
1618 745 1786 778 rerum

114 814 168 861 et
200 808 565 859 multitudinem
599 822 952 871 personarum,
1002 822 1127 870 quae
1173 807 1501 856 recentiorum
1534 809 1787 872 plerisque

114 889 379 956 tragoediis
413 889 595 948 insunt,
632 902 950 951 componenS‚
985 902 1131 949 quam
1165 886 1310 951 longe
1342 887 1397 935 hi
1430 903 1457 935 a
1482 893 1621 936 recto
1646 889 1787 937 aber-

112 969 343 1028 raverint,
378 966 666 1031 perspicies.
735 966 889 1017 Velut
923 968 1202 1016 communia
1234 966 1430 1016 fabulae
1459 965 1787 1018 Vallenstenii

110 1050 294 1098 haecce
327 1051 468 1095 sunt:
501 1045 647 1108 „Rex
682 1045 877 1110 aliquis,
912 1046 1067 1111 magis
1103 1047 1277 1111 opibus
1303 1062 1445 1110 quam
1467 1047 1648 1096 virtute
1676 1049 1785 1112 pol-

109 1128 246 1187 lens,
295 1127 347 1175 in
391 1142 568 1189 magno
610 1142 776 1175 rerum
819 1142 1016 1174 suarum
1052 1126 1343 1175 discrimine
1377 1126 1608 1175 auxilium
1643 1129 1787 1192 petiit

109 1208 170 1256 ab
202 1206 400 1271 ingenio
433 1212 486 1255 et
519 1207 700 1255 virtute
732 1207 822 1254 viri
856 1206 1062 1254 alicuius
1096 1206 1274 1268 factis,
1311 1222 1454 1270 quam
1488 1224 1688 1270 genere,
1723 1210 1785 1257 il-

107 1287 348 1337 lustrioris
382 1291 432 1334 et
464 1287 548 1348 qui
581 1286 694 1350 plus
727 1287 1020 1334 auctoritate
1041 1291 1229 1350 posset,
1265 1303 1407 1351 quam
1435 1286 1520 1336 ille
1544 1288 1782 1351 imperio3

107 1367 238 1431 quod
271 1365 503 1415 auxilium
536 1369 591 1412 ut
622 1364 928 1430 impetraret,
969 1365 1092 1413 nihil
1125 1381 1221 1414 11011
1256 1366 1357 1414 fide
1392 1367 1504 1415 data
1539 1369 1783 1431 promisit,

106 1446 287 1495 nullam
321 1460 416 1494 non
450 1445 778 1494 conditionem
816 1461 905 1493 sua
937 1461 1151 1509 persona
1181 1445 1429 1509 indignam
1465 1449 1628 1497 subiit.
1696 1448 1782 1498 Li-

105 1527 306 1575 beratus
341 1541 370 1574 e
402 1525 636 1589 periculis
670 1525 767 1573 alio
801 1525 898 1572 fuit
933 1526 1127 1585 animo,
1171 1542 1317 1589 quam
1352 1542 1448 1590 quo
1482 1527 1645 1576 fuerat
1678 1545 1782 1577 ma-

104 1606 165 1654 lis
185 1606 567 1664 circumventus,
603 1604 810 1654 salutem
846 1620 997 1668 regno
1018 1605 1110 1653 sibi
1133 1611 1315 1653 emtam
1342 1622 1453 1655 esse
1484 1607 1780 1671 intelligens.

104 1686 410 1747 Accedebat,
444 1690 500 1735 ut
530 1685 641 1743 ille,
677 1685 807 1732 male
838 1685 999 1733 fidens
1032 1685 1391 1733 inconstantiae
1423 1686 1554 1749 regis
1587 1688 1779 1752 pridem

105 1765 197 1815 sibi
231 1765 475 1830 cognitae,
505 1765 567 1812 ad
602 1763 930 1828 proditionem
965 1768 1195 1827 spectare
1230 1765 1539 1817 crederetur.
1609 1766 1780 1831 ltaque

104 1861 219 1893 eum
250 1860 435 1893 exuere
477 1859 652 1892 rursus
686 1842 954 1891 honoribus
987 1843 1320 1906 imperioque,
1375 1860 1472 1907 quo
1507 1852 1779 1910 ornaverat,

103 1923 322 1973 studuit:
357 1924 437 1972 cui
471 1923 678 1971 consilio
712 1938 863 1986 quum
898 1921 1061 1984 opinio
1095 1921 1407 1984 popularium
1431 1931 1481 1973 et
1503 1926 1674 1989 ingens
1696 1944 1778 1976 re-

101 2019 208 2052 rum
244 2003 303 2051 ab
338 2003 424 2051 illo
457 2006 704 2066 gestarum
739 2001 892 2065 gloria
926 2002 1158 2060 obstaret,
1193 2000 1254 2047 ad
1291 2001 1456 2050 dolum
1492 2010 1545 2053 et
1576 2006 1776 2056 insidias

101 2082 387 2147 confugiens
433 2097 528 2130 non
563 2080 855 2146 proditionis
899 2084 1086 2127 tantum
1131 2081 1289 2130 virum
1325 2083 1512 2146 optime
1545 2086 1777 2135 meritum

97 2163 371 2224 accusavit,
406 2161 495 2211 sed
530 2162 675 2210 etiam
711 2176 864 2225 opera
899 2175 1018 2208 usus
1053 2159 1268 2208 hominis
1301 2162 1526 2223 alicuius,
1562 2167 1644 2228 qui
1671 2169 1774 2230 pri-

96 2247 207 2291 vata
249 2242 428 2291 iniuria
462 2257 518 2290 se
551 2242 612 2289 ab
647 2240 732 2287 illo
768 2240 954 2288 laesum
988 2240 1221 2305 putabat,
1270 2241 1565 2293 interfecit.”
1636 2244 1774 2296 Haec

94 2323 205 2372 fere
239 2322 400 2371 omnia
435 2322 607 2371 eadem
645 2320 1043 2385 Bellerophontis
1077 2320 1245 2369 insunt
1276 2322 1455 2383 rebus3
1494 2326 1566 2374 sin
1601 2325 1662 2373 ad
1696 2327 1772 2376 fe-

94 2402 241 2451 licem
276 2402 461 2450 exitum
510 2417 614 2449 rem
649 2400 828 2449 adduci
861 2399 1089 2448 malimus
1126 2406 1178 2449 et
1210 2402 1458 2465 agnitione
1490 2403 1622 2453 facta
1657 2422 1770 2455 cae-

94 2483 208 2531 dem
241 2482 521 2547 prohiberi,
566 2480 795 2530 Theseus
842 2481 1058 2529 occurrit
1103 2486 1153 2529 et
1185 2481 1385 2543 fabula,
1432 2500 1576 2547 quam
1611 2486 1674 2534 de
1710 2502 1770 2535 eo

92 2561 360 2626 Euripides
395 2562 686 2627 composuit.
746 2557 936 2609 Verum
971 2561 1077 2609 sine
1112 2562 1259 2611 dubio
1291 2568 1429 2612 recte
1460 2564 1584 2613 fecit
1608 2563 1768 2613 Schil-

91 2640 244 2702 lerus,
280 2641 411 2705 quod
445 2658 507 2690 ex
540 2640 834 2690 nostratium
868 2640 1033 2702 rebuS,
1069 2656 1214 2704 quam
1250 2641 1517 2692 alienarum
1535 2645 1768 2707 gentium,

91 2721 351 2770 materiam
383 2727 556 2785 petere
589 2721 796 2782 maluit3
834 2721 922 2768 sed
956 2736 1052 2770 non
1077 2721 1301 2770 historici
1322 2728 1490 2787 partes
1517 2740 1626 2772 cum
1647 2741 1768 2789 poe-

90 2804 171 2848 tae
213 2801 434 2865 partibus
482 2801 780 2866 coniungere
815 2799 1009 2861 debuit,
1058 2816 1155 2849 non
1204 2803 1474 2852 exercitum
1519 2820 1630 2852 cum
1675 2805 1767 2855 du-

91 2879 229 2928 cibus
277 2880 505 2930 omnibus
555 2886 606 2930 et
639 2880 920 2939 calonibus,
969 2882 1105 2944 quasi
1147 2881 1364 2930 illuviem
1399 2885 1665 2946 quandam,
1713 2885 1766 2934 in

89 2975 290 3009 scenam
323 2960 584 3020 invehere,
631 2976 727 3009 non
761 2960 914 3008 totius
949 2961 1135 3010 saeculi
1167 2962 1427 3027 imaginem
1463 2964 1760 3027 exprimere.

88 3039 394 3089 Avertantur
428 3040 558 3088 enim
591 3039 736 3088 animi
774 3056 803 3087 a
838 3055 1027 3088 summa
1058 3057 1116 3090 re
1150 3046 1200 3089 et
1232 3042 1282 3090 in
1317 3044 1530 3107 propriis
1565 3043 1762 3092 discen-

88 3117 165 3166 dis
198 3120 478 3168 detinentur
513 3120 602 3179 sic,
635 3125 693 3168 ut
724 3119 803 3168 vix
835 3120 888 3169 in
913 3124 1127 3170 mentem
1152 3120 1409 3185 scriptoris
1430 3123 1619 3171 intrent
1638 3123 1762 3171 vim-

87 3213 185 3262 que
216 3200 443 3247 carminis
479 3198 733 3248 difficilius
767 3200 1056 3264 percipiant.
1107 3199 1252 3261 Quod
1274 3202 1490 3252 sentiens
1517 3202 1761 3252 Goethius

86 3291 238 3340 quum
269 3277 495 3340 fabulae,
545 3294 689 3342 quam
722 3278 873 3327 filiam
922 3280 1134 3344 spuriam
1171 3280 1450 3346 inscripsit,
1505 3281 1760 3330 materiam

85 3356 137 3405 in
170 3355 539 3407 similitudinem
574 3372 771 3419 eorum,
823 3375 946 3423 quae
978 3360 1043 3408 de
1077 3376 1164 3409 sua
1196 3361 1295 3411 vita
1328 3362 1577 3411 comitissa
1610 3375 1760 3424 quae-

85 3434 201 3485 dam
233 3436 603 3503 Francogallica
635 3437 905 3489 memoriae
939 3439 1255 3502 prodiderat,
1301 3440 1609 3491 conformare
1643 3454 1758 3490 con-

151 3513 215 3567 T.
251 3514 308 3566 11.
1398 3523 1428 3569 5
