2170 3848
934 280 1052 338 101

165 434 311 496 pater
342 433 439 488 est,
472 428 639 493 paullo
673 429 836 478 serius
871 428 1046 478 eodem
1080 425 1320 492 pervenit,
1356 440 1453 490 quo
1489 429 1754 490 praesente
1786 430 1840 476 et

163 509 354 558 {nistra
403 525 582 574 preces
629 510 972 574 interponente
1013 507 1064 557 in
1113 521 1378 555 accensum
1427 521 1602 568 rogum
1651 505 1839 556 femina

164 587 361 645 desilit,
407 594 482 650 ut,
515 590 578 637 ad
612 589 739 638 latus
773 589 935 637 iacens
970 586 1162 646 mariti,
1205 601 1302 634 una
1343 586 1600 634 combusta
1643 601 1742 635 una
1775 585 1839 635 ad

163 667 351 718 inferos
396 667 679 721 descendat.
742 667 1029 726 Honorum,
1090 665 1175 729 qui
1229 662 1479 714 defunctis
1537 665 1839 727 tribuuntur,

163 763 385 797 summus
431 754 510 796 est
555 764 649 796 una
694 746 819 795 mori
866 746 1016 795 malle
1075 745 1222 809 quam
1270 744 1438 792 vivere
1483 743 1682 793 orbatos
1733 761 1837 806 eos,

163 828 456 892 quibuscum
499 831 667 875 mutuo
714 841 884 875 amore
935 825 1012 873 illi
1065 824 1317 873 coniuncti
1360 823 1580 871 fuerunt.
1647 823 1839 885 Quibus

162 908 213 957 in
256 906 525 956 honoribus
559 905 867 954 celebrandis
904 921 1054 968 quum
1089 905 1373 953 universum
1406 902 1503 950 hoc
1550 902 1718 951 drama
1753 919 1838 952 oc-

163 991 393 1052 cupatum
429 984 510 1043 sit,
543 984 831 1034 huiusmodi
862 985 997 1034 facto
1032 990 1171 1034 recte
1206 986 1596 1035 consummatur.

286 1063 471 1114 Ardori
504 1063 738 1114 Evadnae
772 1065 935 1114 simile
969 1065 1233 1130 quicquam
1267 1080 1296 1112 a
1327 1063 1547 1128 priorum
1582 1067 1838 1126 poetarum

158 1143 260 1192 ullo
315 1144 562 1192 inventum
615 1145 776 1194 fuisse
836 1160 933 1193 non
994 1151 1074 1194 est
1127 1143 1409 1193 verisimile.
1487 1142 1663 1207 Neque
1708 1143 1839 1191 enim

157 1223 245 1272 ille
287 1224 423 1272 nasci
470 1228 555 1272 aut
599 1225 803 1273 inveniri
836 1225 1013 1290 potuit,
1058 1230 1317 1289 antequam
1364 1239 1451 1284 ea,
1512 1238 1640 1286 quae
1686 1221 1839 1287 prisci

160 1302 393 1352 admirati
439 1308 606 1365 erant,
657 1320 748 1369 pro
782 1305 1011 1354 inanibus
1046 1304 1220 1353 haberi
1254 1310 1403 1368 atque
1437 1302 1686 1351 contemni
1720 1317 1838 1350 coe-

103 1406 107 1411 ·
155 1389 354 1447 petunt.
419 1381 586 1440 Deus,
647 1385 732 1447 qui
778 1385 829 1433 in
871 1384 1152 1434 mortalium
1201 1382 1486 1449 pectoribus
1538 1382 1839 1443 dominatur,

155 1468 324 1523 curat,
358 1478 423 1512 ne
456 1478 669 1527 unquam
703 1464 1039 1528 exstinguatur
1071 1465 1247 1523 ardor,
1294 1478 1393 1526 quo
1428 1462 1714 1510 inflammati
1747 1462 1838 1510 ho-

155 1541 313 1590 mines
347 1543 530 1605 spretis
563 1543 834 1593 humilibus
870 1545 1099 1593 sublimia
1142 1549 1346 1609 petunt3
1397 1548 1548 1606 utque
1594 1542 1840 1592 contraria

157 1619 266 1670 fere
313 1622 445 1670 inter
491 1639 547 1671 se
592 1625 853 1673 coniuncta
888 1641 1002 1674 esse
1036 1624 1226 1683 solent,
1273 1624 1342 1671 ita
1374 1622 1508 1670 illius
1543 1621 1721 1670 aetatis
1756 1637 1838 1670 so-

154 1700 342 1750 brietas
394 1708 444 1751 et
491 1704 779 1767 prudentia,
826 1706 887 1754 ab
935 1704 1252 1768 opinabilium
1302 1717 1470 1750 rerum
1514 1701 1839 1750 admiratione

154 1780 482 1841 alienissima,
539 1797 717 1831 novum
762 1783 1006 1847 quendam
1052 1781 1252 1847 peperit
1296 1782 1566 1844 impetum,
1627 1795 1724 1844 quo
1774 1781 1838 1829 ad

156 1860 456 1924 sempiterna
516 1876 607 1924 pro
653 1861 883 1922 caducis,
946 1861 1009 1910 ad
1057 1860 1208 1909 animi
1262 1860 1392 1909 bona
1448 1874 1542 1924 pro
1590 1860 1834 1923 corporiS,

155 1939 219 1988 ad
268 1939 427 1988 divina
472 1955 564 2004 pro
608 1940 834 1988 humanis
882 1939 1224 2004 amplectenda
1257 1938 1483 1988 homines
1518 1939 1675 1988 multo
1709 1939 1835 1989 inci-

154 2018 304 2068 tatius
337 2018 654 2077 ferebantur,
703 2036 847 2083 quam
893 2036 1060 2068 rerum
1096 2019 1318 2083 corporis
1354 2018 1544 2067 viribus
1579 2025 1834 2082 gestarum

153 2098 358 2163 gloriam
379 2099 569 2163 priores
601 2099 760 2147 secuti
796 2105 951 2149 erant.
990 2099 1110 2149 Eius
1137 2105 1304 2148 autem
1336 2098 1553 2163 impetus
1589 2099 1836 2164 interpres

154 2177 343 2228 exstitit
366 2177 653 2242 Euripides,
720 2178 904 2228 Ethoc
947 2179 1144 2244 quidem
1187 2178 1298 2226 loco
1340 2179 1603 2243 imaginem
1647 2179 1852 2228 furoris.

150 2259 299 2323 plane
331 2258 591 2324 singularis
627 2274 686 2306 ac
718 2275 880 2323 paene
913 2258 1181 2308 monstrosi
1212 2259 1494 2323 proposuit,
1529 2260 1609 2308 cui
1644 2259 1835 2309 similes

151 2339 203 2387 in
246 2339 627 2387 romanticorum
682 2338 881 2401 quidem
932 2338 1015 2403 qui
1060 2337 1294 2387 dicuntur
1340 2343 1605 2402 poetarum
1652 2340 1836 2388 carmi-

150 2417 297 2468 nibus
342 2417 529 2466 multae
574 2424 864 2482 occurrunt,
916 2418 1079 2467 nullae
1125 2419 1177 2466 in
1212 2416 1549 2476 Graecorum,
1602 2419 1686 2483 qui
1721 2423 1836 2469 ante

151 2497 447 2561 Euripidem
494 2496 713 2547 fuerunt.
780 2498 836 2548 rIn
888 2498 1024 2548 celsa
1054 2514 1181 2563 rupe
1214 2497 1394 2547 mulier
1428 2498 1594 2548 subito
1629 2505 1836 2565 apparet

150 2575 396 2638 fanatica,
447 2576 549 2625 avis
582 2577 739 2627 instar
772 2594 1041 2643 suspensa,
1088 2584 1259 2628 ornata
1293 2579 1488 2627 coronis
1524 2595 1746 2643 auroque
1763 2577 1834 2643 *),

151 2660 210 2707 ut
240 2655 408 2705 hilaris
443 2656 540 2706 diis
574 2658 798 2708 manibus
843 2658 1006 2708 hostia
1053 2658 1249 2716 veniat,
1297 2659 1560 2708 imminens
1606 2659 1835 2707 flammae

150 2735 262 2801 rogi
295 2735 540 2797 ardentis,
587 2743 788 2788 cantans
822 2753 1019 2787 carmen
1054 2737 1257 2802 plenum
1291 2738 1510 2802 ardoris,
1546 2754 1727 2787 vocans
1762 2739 1833 2787 vi-

151 2829 294 2878 rum,
329 2816 407 2864 cui
440 2831 496 2864 se
527 2816 754 2878 devovet,
789 2818 1082 2883 praedicans
1115 2818 1512 2879 matrimonium,
1548 2818 1627 2866 cui
1661 2833 1717 2866 se
1750 2823 1833 2867 to-

150 2899 253 2944 tam
297 2896 674 2948 consecraverit.
740 2897 836 2947 His
879 2897 1088 2962 aliisque
1134 2898 1312 2960 dictis,
1360 2898 1535 2961 quibus
1571 2897 1833 2948 consilium

208 3105 260 3161 ⁸⁸⁵)
286 3105 598 3158 Philostratus,
621 3106 696 3161 qui
711 3107 827 3150 haec
843 3108 888 3150 in
923 3110 1067 3166 Imag.
1090 3110 1145 3152 H.
1167 3123 1212 3164 p.
1236 3106 1335 3151 826.
1366 3107 1565 3152 imitatus
1591 3113 1675 3152 est:
1714 3105 1744 3164 ἡ
1783 3105 1832 3152 δὲ

289 3174 431 3231 γυνή,
458 3173 673 3232 καθάπερ
698 3176 744 3219 οὶ
764 3175 810 3227 ἐς
833 3176 892 3222 τὰ
918 3178 1019 3238 ἱεροὶ
1045 3175 1303 3236 στεφάνους
1338 3193 1388 3223 τε
1419 3178 1499 3222 καὶ
1532 3176 1702 3236 χρυσὸν
1725 3176 1833 3231 ἐξα-

291 3245 518 3301 oxominse,
555 3243 618 3295 ὥς
647 3245 825 3304 φαιδρὰ
847 3247 1014 3299 θύοιτο
1039 3250 1117 3294 καὶ
1140 3248 1186 3299 ἐς
1220 3247 1355 3304 χάριν
1377 3249 1475 3298 τοῖς
1495 3251 1648 3305 θεοῖς,
1685 3246 1834 3299 οὕτως

291 3314 464 3372 ἑαυτὴν
513 3317 725 3362 στείλασα
763 3317 844 3361 καὶ
876 3314 986 3364 οὐδὲ
1027 3316 1226 3365 ἐλεεινὸν
1270 3317 1502 3375 βλέπουσα
1545 3322 1674 3379 πηδᾷ
1705 3318 1750 3371 ἐς
1775 3315 1829 3363 τὸ

289 3386 384 3445 πῦρ
412 3390 505 3432 iti..
559 3388 744 3445 Rogum
770 3388 846 3433 bic
876 3404 906 3435 a
928 3391 1220 3448 Cupidinibus
1250 3389 1363 3434 facIt
1387 3390 1585 3435 accendi.
1633 3376 1646 3388 '
