2170 3866
911 279 1034 339 531

129 449 189 486 ιο
233 445 399 500 paene
442 429 664 496 lapidum
711 430 942 480 coniectu
976 427 1276 479 interfectus
1312 431 1406 476 est.
1478 424 1658 478 Pulsus
1690 425 1843 490 igitur

127 531 159 565 a
194 511 545 574 multitudine,
585 527 802 578 corpore
835 510 987 560 armis
1019 509 1236 569 munito,
1284 507 1349 557 ad
1383 505 1839 572 Clytaemnestram

125 593 303 654 rediit,
336 592 519 656 fidem,
555 578 702 658 quam
737 590 908 651 dedit,
942 594 1316 656 praestaturus,
1351 586 1653 637 defensurus
1689 589 1842 656 virgi·

126 689 262 736 nem,
299 672 574 724 obstiturus
609 671 1002 731 abducentibus,
1037 670 1278 734 solusque
1311 683 1426 718 cum
1463 668 1706 719 universis
1743 687 1840 736 pu-

125 759 383 819 gnaturus
451 753 545 802 His
593 753 745 803 rebus
789 751 999 816 cognitis
1046 750 1303 815 Iphigenia
1349 749 1615 797 consilium
1663 750 1839 801 mutat.

128 834 558 885 Committendum
609 849 725 883 esse
767 836 950 896 negat,
1004 834 1064 881 ut
1110 830 1256 880 unius
1301 829 1628 879 mulierculae
1663 846 1840 881 caussa

126 915 203 965 vir
249 913 709 980 praestantissimus
767 918 823 963 et
880 911 944 962 ad
995 911 1267 962 vincendos
1313 910 1492 959 hostes
1546 911 1839 975 aptissimus

125 995 228 1045 vita
281 995 516 1060 famaque
566 994 897 1060 periclitetur.
985 991 1180 1042 Deinde
1228 991 1478 1041 incassum
1525 1006 1589 1041 se·
1628 991 1838 1042 deorum

124 1075 482 1140 hominumque
515 1074 757 1124 voluntati
789 1074 1027 1124 reluctari
1059 1071 1295 1137 intelligit
1327 1087 1490 1136 neque
1524 1087 1668 1137 spem
1701 1072 1838 1123 saln-

125 1156 191 1207 tis
224 1156 320 1206 sibi
355 1156 508 1205 ullam
543 1170 841 1220 superesse:
885 1159 1145 1220 praestare
1180 1152 1331 1218 igitur
1364 1168 1422 1203 se
1456 1159 1653 1216 sponte,
1688 1170 1837 1219 quam

123 1237 173 1288 vi
207 1242 463 1297 coactam,
496 1235 760 1286 immolari.
827 1233 962 1285 Tum
997 1235 1227 1283 universa
1264 1231 1477 1283 Graecia
1522 1239 1676 1283 eunte
1711 1250 1837 1298 poe-

124 1332 214 1368 nas
250 1316 581 1366 contumeliae
631 1331 661 1364 a
708 1315 931 1364 barbaris
965 1314 1242 1378 repetitum
1280 1328 1338 1361 ac
1372 1318 1474 1361 tam
1509 1312 1680 1362 multis
1715 1314 1838 1365 viris

124 1411 218 1461 pro
251 1395 445 1461 patriae
479 1395 675 1444 honore
712 1394 864 1444 vitam
893 1408 1199 1458 operamque
1226 1392 1590 1456 obferentibus,
1626 1409 1724 1444 non
1748 1395 1839 1446 de-

124 1492 245 1526 cere
280 1491 339 1524 se
370 1474 644 1540 virginem,
691 1474 742 1524 in
791 1490 940 1539 quam
977 1473 1193 1523 Graecia
1234 1476 1342 1523 tota
1389 1473 1660 1539 respiciat,
1704 1474 1840 1526 vitae

123 1555 273 1605 nimis
308 1561 556 1604 amantem
597 1570 713 1604 esse
747 1560 836 1604 aut
872 1553 1191 1603 commodum
1227 1569 1370 1602 suum
1406 1554 1567 1619 gloria
1589 1555 1838 1620 potiorem

122 1637 338 1695 ducere3
371 1635 499 1684 hanc
534 1635 629 1684 sibi
661 1635 777 1685 fore
811 1651 904 1700 pro
940 1634 1089 1695 dote,
1123 1649 1217 1699 pro
1251 1634 1472 1698 nuptiiS,
1510 1651 1604 1700 pro
1639 1636 1840 1698 marito,

122 1731 219 1780 pro
251 1714 440 1765 liberis.
509 1715 851 1778 Quamobrem
887 1732 976 1776 se,
1021 1716 1256 1779 quoniam
1290 1731 1384 1780 per
1418 1716 1583 1781 ipsam
1619 1721 1746 1777 stet,
1781 1722 1841 1767 ut

125 1794 312 1845 Graeci
356 1795 580 1845 barbaris
627 1795 906 1861 imperent,
954 1797 1106 1844 vitam
1154 1811 1247 1860 pro
1283 1797 1531 1845 communi
1575 1798 1839 1847 commodo

125 1875 342 1927 libenter
375 1875 734 1941 depositurum.
802 1875 940 1926 Nihil
973 1876 1052 1925 his
1087 1875 1237 1936 inest,
1272 1877 1407 1940 quod
1435 1893 1547 1926 cum
1584 1878 1839 1942 prioribus

126 1955 417 2022 Iphigeniae
452 1956 600 2006 dictis
636 1961 850 2022 pugnet:
885 1973 997 2006 nam
1032 1962 1293 2021 praestare
1329 1958 1504 2022 pulcre
1538 1958 1668 2007 mori
1693 1972 1837 2023 quam

123 2036 343 2086 iucunde
374 2036 544 2087 vivere
579 2053 644 2087 ne
681 2053 812 2087 nunc
859 2029 1059 2102 quidem
1095 2037 1248 2098 dicit,
1299 2039 1421 2099 sed,
1457 2038 1501 2087 si
1536 2038 1695 2088 semel
1730 2054 1839 2088 mo·-

124 2116 356 2168 riendum
404 2118 496 2179 sit,
547 2124 806 2182 praestare
856 2134 998 2168 more
1031 2119 1358 2183 ingenuorum
1395 2119 1651 2168 hominum
1687 2135 1839 2184 gene-

122 2213 243 2248 rose
275 2213 426 2262 quam
473 2214 616 2247 more
663 2214 923 2248 servornm
959 2199 1180 2264 turpiter
1214 2199 1532 2251 occumbere.
1603 2200 1839 2262 Quamvis

125 2277 258 2329 enim
294 2277 362 2327 sit
406 2278 600 2339 mollis,
648 2279 846 2342 placida
899 2278 1214 2344 simplexque
1249 2280 1443 2344 puella,
1496 2286 1663 2330 tamen
1698 2296 1838 2330 com·

124 2358 359 2421 mittere,
413 2365 470 2408 ut
525 2358 718 2424 capillis
767 2358 830 2407 ad
882 2375 1017 2408 aram
1080 2360 1126 2408 vi
1181 2361 1443 2422 trahatur,
1500 2361 1637 2410 nullo
1686 2362 1838 2412 modo

124 2444 325 2503 potest3
387 2439 521 2502 regis
580 2455 698 2488 vero
757 2439 912 2489 filiam
971 2439 1275 2505 Pelopisque
1330 2442 1526 2506 prolem
1576 2442 1724 2491 decet
1785 2459 1843 2491 se

124 2532 225 2569 non
271 2519 367 2567 sibi
414 2519 535 2578 soli,
594 2519 682 2568 sed
741 2521 936 2585 patriae
973 2526 1148 2574 ,natam
1197 2537 1313 2570 esse
1366 2528 1616 2586 reputare.
1701 2523 1843 2571 Solet

124 2599 176 2649 in
209 2597 511 2649 feminarum
558 2599 767 2664 ingeniis
813 2602 941 2650 haec
988 2600 1229 2650 mollitiae
1278 2608 1331 2651 et
1377 2602 1685 2652 fortitudinis
1723 2620 1840 2652 con-

125 2679 333 2729 sociatio
378 2680 574 2742 inesse,
624 2680 674 2729 id
724 2681 891 2746 quod,
940 2696 1055 2728 cum
1101 2686 1154 2729 et
1189 2682 1517 2731 Aristotelem
1555 2689 1605 2732 et
1639 2683 1840 2747 Sopho-

126 2758 255 2811 clem
299 2758 546 2826 fugisset,
588 2759 835 2811 intellexit
884 2759 1251 2823 Schillerus*).
1332 2761 1477 2813 Solet
1526 2770 1691 2814 autem
1727 2763 1840 2813 fere

182 2927 237 2983 ²⁸)
265 2926 411 2982 „Was
439 2926 605 2984 Einige
633 2941 690 2969 an
720 2928 826 2971 dem
857 2930 1111 2973 Charakter
1140 2930 1221 2973 der
1249 2930 1493 2988 Iphigenia
1521 2932 1688 2984 tudem,
1717 2931 1839 2974 ware

262 2998 340 3040 ich
368 2999 478 3040 sehr
506 2999 741 3052 versucht,
781 2998 885 3042 dem
913 3000 1104 3043 Dichter
1144 3003 1212 3043 als
1241 3001 1371 3044 einen
1401 3002 1674 3059 vorzfiglich
1703 3004 1839 3045 801ιὸ-

267 3083 354 3111 nen
384 3070 485 3125 Zug
513 3069 890 3113 anzuschreiben:
922 3071 1046 3114 diese
1071 3071 1319 3129 Mischung
1351 3087 1440 3115 von
1471 3073 1727 3116 Schwache
1750 3075 1843 3117 und

265 3139 443 3193 Starke,
466 3152 556 3183 von
579 3139 925 3197 Zaghaftigkeit
941 3143 1035 3184 und
1056 3142 1342 3196 Heroismus,
1370 3143 1429 3187 ist
1452 3144 1525 3186 ein
1543 3145 1730 3187 wahres
1752 3145 1843 3187 und

269 3210 504 3255 reizendes
531 3209 758 3254 Gemiilde
787 3211 868 3254 der
895 3212 1050 3256 Natur.
1110 3214 1204 3257 Der
1232 3205 1515 3272 Uebergang
1559 3229 1651 3258 von
1678 3214 1842 3257 Einem

266 3296 376 3327 zum
412 3281 591 3324 Andem
636 3279 695 3324 ist
731 3281 851 3324 sanft
874 3284 965 3326 und
1002 3283 1276 3328 zureichend
1303 3285 1519 3329 motivirt.
1546 3291 1550 3297 '
1578 3285 1688 3327 lhre
1718 3289 1843 3327 zarte

271 3351 708 3410 Jungfraulichkeit,
738 3351 812 3396 die
841 3354 1226 3398 zuriickhaltende
1254 3355 1441 3409 warde,
1471 3355 1629 3398 womit
1653 3354 1723 3397 sie
1754 3355 1842 3398 den

270 3423 426 3468 Achill
468 3423 609 3466 selbst
650 3422 733 3475 da,
770 3436 843 3466 wo
883 3438 934 3468 er
967 3426 1091 3468 Alles
1128 3424 1208 3467 fur
1245 3426 1314 3469 sie
1352 3427 1526 3484 gethan
1556 3426 1640 3468 hat
1668 3425 1759 3467 und
1789 3439 1845 3467 zu

218 3484 223 3490 ’
270 3493 381 3538 thun
412 3494 560 3539 bereit
586 3493 674 3548 ist,
698 3493 744 3538 in
774 3493 1054 3553 Entfernung
1081 3495 1195 3550 halt,
1225 3495 1301 3540 die
1326 3495 1725 3549 Boucheidenheit,
1755 3496 1845 3539 alle

1392 3570 1459 3618 34
1479 3565 1508 3598 *
