2202 3892
964 298 1086 356 247

174 450 254 499 vel
297 448 503 497 summis
537 446 679 496 malis
725 446 942 496 afficere.
1011 445 1143 494 Huic
1176 445 1323 509 plane
1358 445 1603 493 contraria
1636 455 1846 509 persona

170 530 268 579 fuit
301 528 633 585 Cassandrae,
668 543 793 591 quae
827 542 978 590 quum
1013 525 1080 573 nil
1114 525 1207 574 nisi
1241 524 1380 572 utilia
1413 525 1649 574 suaderet
1662 523 1740 588 *),
1775 526 1845 576 ita

170 609 604 666 contemnebatur,
658 613 715 657 ut
748 623 803 655 se
836 605 1014 670 pudori
1047 605 1359 669 parentibus,
1394 604 1629 652 fratribus
1663 622 1842 670 aequa·

169 690 397 752 libusque
446 705 559 736 esse
607 688 715 752 ipsa
758 686 968 734 doleret.
1038 685 1190 734 Cuius
1227 684 1513 748 deprecatio
1549 702 1643 733 non
1680 687 1843 737 solum

166 774 364 829 tenera,
415 774 604 816 morata
648 766 908 828 mollisque
954 770 1057 823 est,
1108 766 1196 814 sed
1250 765 1398 813 etiam
1434 767 1676 814 movendo
1709 774 1841 830 apta,

166 865 279 898 cum
313 849 500 897 veniam
536 853 671 911 petat
704 862 787 904 ea,
837 846 914 894 cui
948 845 1106 906 gratia
1141 845 1407 894 referenda
1443 851 1576 904 erat,
1611 845 1840 896 laudibus

166 934 329 977 autem
365 927 634 976 efferantur
666 942 695 973 a
729 926 1016 990 parentibus
1052 925 1114 986 ii,
1161 926 1247 988 qui
1291 926 1556 989 perniciem
1592 925 1715 989 ipsis
1751 942 1838 990 pa-

165 1008 389 1071 triaeque
433 1006 627 1055 allaturi
675 1012 802 1056 sunt.
872 1006 1108 1055 Aemulus
1157 1012 1319 1054 autem
1367 1005 1564 1053 Paridis
1610 1006 1838 1055 omnibus

164 1088 214 1137 in
245 1089 394 1136 rebus
430 1085 713 1151 Deiphobus
749 1093 846 1142 est,
880 1085 1219 1150 idemqueilli
1244 1085 1617 1134 infestissimus.
1653 1086 1838 1147 Quem-

163 1168 426 1217 admodum
473 1167 605 1216 enim
641 1167 860 1215 Helenae
907 1167 1200 1216 connubium
1237 1166 1469 1214 defuncto
1504 1165 1702 1214 demum
1739 1165 1840 1214 Pa-

163 1248 271 1296 ride
313 1250 486 1296 nactus
537 1251 642 1305 est,
689 1247 757 1294 ita
806 1248 1005 1312 reliquis
1051 1262 1248 1311 quoque
1282 1247 1414 1294 illius
1449 1245 1721 1295 commodis
1754 1246 1838 1294 hic

162 1325 394 1376 offecisse
427 1325 632 1373 videtur.

325 1405 655 1455 Certaminum
692 1404 1053 1469 descriptione,
1101 1422 1198 1471 quo
1244 1406 1294 1455 in
1341 1422 1526 1470 genere
1570 1405 1838 1470 Euripides

160 1485 461 1548 excellebat,
519 1501 617 1534 non
665 1486 855 1547 minus,
913 1503 1058 1551 quam
1103 1489 1193 1546 iis,
1240 1504 1364 1550 quae
1410 1502 1578 1534 coram
1622 1487 1836 1551 ageban-

158 1570 268 1628 tur,
311 1567 559 1615 theatrum
607 1566 906 1615 delectatum
951 1584 1064 1616 esse
1098 1569 1322 1616 arbitror.
1390 1566 1652 1615 Praeterea
1687 1582 1838 1630 quum

159 1647 304 1696 etiam
357 1652 473 1712 apta
517 1662 682 1695 rerum
736 1648 1012 1712 complexio
1061 1654 1111 1697 et
1158 1648 1335 1696 idonea
1383 1661 1704 1711 personarum
1751 1662 1836 1694 oc-

159 1727 355 1791 cupatio
415 1732 468 1775 et
522 1727 760 1774 concinna
819 1728 1056 1775 mentium
1110 1727 1315 1793 agitatio
1370 1726 1606 1774 dramatis
1658 1741 1835 1774 conve-

158 1807 288 1866 niat,
337 1810 391 1854 ut
425 1806 534 1869 ipso
570 1807 809 1869 adspectu
845 1823 927 1855 res
964 1808 1203 1871 pictarum
1238 1809 1395 1854 instar
1429 1805 1704 1859 tabularum
1739 1805 1836 1854 de-

159 1870 369 1944 lect'ent,
418 1885 515 1933 hoc
548 1886 598 1934 in
631 1902 812 1948 genere
846 1887 1133 1950 Euripidem
1169 1905 1196 1935 a
1232 1886 1427 1934 nemine
1459 1891 1713 1948 poetarum
1750 1901 1835 1933 su-

159 1971 383 2029 peratum
419 1980 548 2021 esse,
585 1965 661 2013 vel
697 1967 810 2014 inde
834 1968 1138 2031 intelligitur,
1175 1966 1302 2031 quod
1330 1967 1571 2015 neminem
1601 1965 1835 2028 frequen-

158 2046 257 2095 tius
291 2046 506 2110 pictores
541 2046 856 2110 artificesque
890 2048 1068 2096 imitati
1105 2034 1235 2096 sunt.
1302 2045 1402 2095 Vix
1435 2051 1597 2094 autem
1626 2046 1721 2092 ulla
1757 2045 1834 2092 vel

156 2125 442 2174 concinnior
496 2142 663 2174 rerum
711 2128 1014 2175 consociatio
1062 2129 1136 2175 vel
1184 2127 1408 2192 vegetior
1456 2126 1584 2172 actio
1629 2125 1835 2173 inveniri

155 2210 337 2271 potest,
374 2221 519 2269 quam
555 2222 681 2270 quae
716 2207 874 2254 inerat
907 2208 953 2254 ei
989 2207 1223 2255 dramatis
1251 2207 1394 2270 parti,
1428 2222 1523 2268 qua
1544 2205 1832 2270 Deiphobus

155 2285 383 2335 Paridem
426 2286 708 2334 interficere
744 2288 1015 2335 conabatur
1050 2292 1102 2335 et
1137 2303 1326 2335 summa
1363 2302 1527 2335 rerum
1563 2285 1833 2348 implicatio

152 2372 362 2430 repente
399 2365 703 2414 Cassandrae
738 2367 1017 2416 interventu
1053 2367 1426 2415 dissolvebatur.

282 2445 392 2495 Non
428 2446 586 2494 minus
621 2452 782 2494 autem
820 2448 880 2495 ad
918 2448 1197 2496 docendum
1233 2465 1375 2511 quam
1403 2447 1462 2494 ad
1484 2445 1832 2495 delectandum

155 2529 326 2589 aptum
359 2525 457 2574 hoc
493 2526 658 2574 drama
692 2526 855 2575 fuisse
900 2529 1204 2593 perspicitur
1238 2543 1300 2575 ex
1333 2528 1417 2588 iis,
1464 2542 1588 2591 quae
1622 2524 1686 2573 de
1720 2539 1832 2572 ser-

153 2618 327 2652 vorum
373 2606 796 2671 ingenuorumque
838 2615 1008 2656 natura
1055 2608 1466 2673 philosophorum
1502 2606 1693 2653 ratione
1729 2603 1830 2651 dis-

152 2684 465 2748 putabantur.
532 2687 627 2749 Qui
671 2688 768 2736 hoc
816 2689 1122 2737 commodius
1168 2693 1364 2752 poterat
1400 2688 1538 2735 locus
1575 2682 1831 2743 illustrari,

154 2762 285 2828 quod
318 2764 366 2812 in
401 2764 482 2813 illo
519 2783 710 2816 summa
745 2769 890 2816 huius
923 2769 1123 2817 fabulae
1155 2774 1387 2831 tanquam
1421 2767 1471 2814 in
1522 2764 1722 2813 cardine
1755 2762 1829 2812 ni-

152 2845 363 2892 tebatur.
430 2843 602 2908 Neque
637 2847 700 2895 de
744 2848 841 2896 hoc
888 2865 1071 2912 genere
1105 2849 1369 2912 quidquam
1405 2845 1569 2895 verius
1605 2845 1703 2893 dici
1724 2858 1829 2908 'po-

153 2928 253 2972 test
286 2923 401 2972 ino:
451 2923 529 2983 τίς
576 2922 624 2974 δ’
671 2923 778 2976 ἔστι
823 2926 1016 2989 δοῦλος
1047 2932 1146 2980 τοῦ
1193 2928 1385 2976 θανεῖν
1427 2927 1689 2990 ἄφροντις
1723 2923 1830 2983 cliv,-

152 3002 452 3068 Principium
504 3006 632 3054 enim
667 3008 916 3057 servitutis
964 3011 1154 3073 ignavia
1188 3015 1266 3056 est
1298 3007 1556 3057 hominum
1588 3005 1828 3071 turpium,

152 3083 237 3146 qui
270 3083 440 3134 facere
473 3085 674 3149 patique
707 3087 932 3152 indigna,
967 3107 1114 3155 quam
1148 3089 1273 3138 mori
1309 3089 1511 3137 malunt.

205 3286 254 3339 ἴῃ)
283 3285 485 3342 Propert.
518 3288 598 3338 111,
627 3288 696 3343 11,
721 3287 798 3331 61:

401 3359 505 3400 Sola
530 3359 674 3400 Parim
705 3359 919 3414 Phrygiae
937 3362 1085 3414 satum
1106 3374 1365 3415 componere,
1401 3363 1493 3403 sola

516 3429 733 3470 Fallacem
753 3430 926 3484 patriae
945 3445 1111 3486 serpere
1136 3431 1244 3472 dixit
1266 3445 1425 3485 equum.

407 3498 509 3541 Ille
542 3502 709 3553 furor
733 3501 958 3555 patriae
984 3502 1100 3555 suit
1128 3500 1316 3554 utilis,
1348 3501 1422 3543 ille
1445 3499 1647 3557 parenti,-

525 3570 720 3625 Experta
740 3576 803 3613 est
820 3585 941 3614 veros
965 3572 1093 3615 irrita
1117 3572 1270 3628 lingua
1291 3571 1404 3614 deos.
