2202 3892
950 249 1070 309 271

302 397 396 448 His
441 398 655 464 peractis
702 399 883 448 chorus
929 396 1341 465 expugnationem
1388 394 1572 445 Troiae
1615 395 1732 445 olim
1765 410 1859 461 per

171 477 522 541 Telamonem,
570 478 825 529 Salaminis
873 496 1070 544 regern,
1117 482 1171 528 et
1203 476 1475 526 Herculem
1521 477 1703 526 factam
1741 492 1856 526 cum

171 559 352 609 eximia
398 558 543 608 laude
578 560 880 610 Athenarum
929 560 1145 609 celebrat
1185 561 1238 607 et
1272 562 1627 606 commemorat
1662 558 1738 606 bis
1773 572 1857 606 ur-

169 639 286 690 bem.
330 655 556 688 eversam
607 656 749 701 esse,
801 642 1020 703 quamvis
1066 640 1114 689 in
1149 655 1206 688 ea
1241 643 1386 687 natus
1422 638 1760 703 educatusque
1793 638 1859 686 sit

173 720 521 784 Ganymedes,
568 721 857 787 poculorum
891 720 1018 768 lovis
1061 720 1314 779 minister,
1368 719 1589 782 quamvis
1627 718 1856 782 Iuppiter

171 799 408 849 Electrae
455 817 624 850 amore
671 800 851 850 ductus
903 800 1184 849 Dardanum
1231 800 1392 865 gentis
1442 804 1699 846 auctorem
1748 798 1860 862 ipse

171 882 472 944 procreavit,
497 881 718 944 quamvis
732 881 922 929 Aurora
934 879 1168 942 Tithono,
1193 879 1546 929 Laomedontis
1562 879 1683 939 filio,
1706 883 1862 943 nupta

172 959 239 1008 sit
272 975 332 1008 ex
368 976 526 1024 eoque
560 959 878 1010 Memnonem
914 961 1181 1027 pepererit.
1254 961 1491 1010 Ceterum
1538 959 1689 1019 haec,
1734 974 1862 1024 quae

171 1038 236 1087 de
276 1040 456 1087 summi
491 1040 616 1088 lovis
654 1043 842 1106 stupris
876 1042 926 1091 in
965 1043 1144 1092 fabulis
1179 1041 1535 1098 tradebantur,
1578 1040 1863 1088 verecunde

170 1117 438 1169 innuuntur
470 1122 626 1186 magis
663 1138 808 1186 quam
838 1123 1162 1188 explicantur.
1221 1122 1437 1171 Deorum
1474 1125 1637 1168 autem
1674 1135 1858 1184 perpe-

171 1203 255 1248 tua
297 1198 512 1250 felicitas
557 1202 607 1251 in
654 1202 979 1252 humanarum
1024 1220 1191 1253 rerum
1226 1201 1556 1251 inconstantia
1604 1206 1654 1249 et
1687 1199 1858 1263 Gany-

172 1279 331 1328 medis
378 1281 603 1331 hilaritas
651 1283 700 1332 in
747 1284 937 1349 patriae
984 1285 1185 1333 interitu
1225 1283 1375 1332 simili
1405 1281 1596 1330 ratione
1634 1279 1858 1329 celebra-

171 1362 286 1418 tur,
333 1376 430 1424 qua
479 1364 819 1421 recentiores,
870 1363 1006 1414 velut
1040 1364 1303 1424 Grunnius,
1337 1378 1491 1427 saepe
1523 1361 1623 1409 vim
1656 1358 1856 1426 praedi·

171 1446 344 1489 carunt
394 1448 596 1492 naturae
631 1443 1004 1494 sollertissimae
1052 1445 1422 1508 efficientisque
1456 1442 1618 1491 omnia
1652 1446 1703 1489 et
1737 1454 1859 1488 con-

170 1518 391 1581 tinentis,
425 1523 574 1572 nullis
609 1525 889 1573 mortalium
926 1526 1087 1575 turbis
1123 1524 1485 1591 interpellatae‚
1523 1521 1669 1571 nullis
1696 1518 1861 1570 homi-

172 1613 290 1650 num
324 1602 451 1651 vitiis
486 1612 765 1669 corruptae,
800 1605 946 1655 nullis
979 1606 1252 1655 sceleribus
1288 1605 1533 1672 pollutae:

306 1682 452 1745 „Wir
484 1683 610 1733 leiae
647 1683 1006 1752 Geschiil'tigen
1041 1687 1262 1736 scheuen

305 1762 496 1812 Wedcr
530 1764 683 1814 Adler
717 1766 847 1813 noch
879 1766 1182 1830 gefliigelten
1214 1766 1403 1829 Leuen,

311 1842 499 1891 Weder
532 1843 698 1892 Kreuz
740 1846 869 1894 noch
903 1845 1079 1907 Mond,

307 1920 421 1971 wie
456 1939 512 1972 es
549 1924 676 1972 oben
711 1926 881 1974 wohnt
914 1927 1012 1976 und
1047 1927 1235 1989 thront‚

307 2002 429 2052 Sich
465 2003 753 2053 wechselnd
788 2007 917 2069 wiigt
949 2006 1050 2055 und
1085 2014 1215 2073 regt,

309 2081 429 2131 Sich
464 2084 701 2132 vertreibt
735 2086 833 2134 und
877 2087 1198 2153 todtschliigt‚

306 2161 488 2211 Saaten
524 2163 623 2213 und
660 2164 837 2215 Stadte
870 2168 1174 2234 niederlegt:

305 2241 418 2292 Wir
452 2259 508 2292 so
544 2243 715 2294 fortan

305 2322 521 2390 Bringen
558 2324 640 2373 die
668 2325 952 2377 lieblichste
985 2329 1171 2379 Herrin
1207 2329 1412 2381 heran.’'

306 2403 495 2454 Auctor
519 2406 782 2469 scelerum,
807 2424 868 2457 ex
893 2411 1069 2474 quibus
1093 2412 1186 2460 hae
1202 2411 1509 2462 calamitates
1530 2415 1859 2479 pullularunt,

173 2482 334 2544 Paris,
367 2484 583 2535 interiit:
619 2503 707 2551 pro
744 2504 803 2537 eo
837 2489 987 2554 igitur
1023 2491 1213 2541 Helena
1249 2492 1308 2540 ad
1343 2509 1570 2543 caussam
1602 2497 1864 2546 dicendam

175 2562 227 2612 in
274 2564 492 2613 medium
545 2567 865 2631 producitur,
916 2570 1069 2634 idque
1105 2573 1200 2621 hoc
1234 2574 1428 2638 aptius,
1478 2577 1608 2639 quod
1658 2577 1863 2642 expleto

175 2640 506 2694 Troianorum
555 2647 660 2696 fato
710 2648 808 2697 iam
855 2650 904 2699 in
953 2650 1174 2701 Graecos
1227 2656 1356 2702 mala
1415 2672 1676 2705 reversura
1731 2663 1861 2706 sunt.

178 2721 272 2771 Est
306 2722 456 2787 igitur
491 2726 614 2775 haec
639 2727 862 2779 Helenae
896 2734 1147 2781 accusatio
1176 2741 1326 2797 atque
1359 2736 1586 2785 defensio
1613 2752 1641 2784 e
1665 2737 1872 2800 regione>

176 2802 342 2868 posita
390 2804 568 2855 iudicio
603 2807 703 2871 illi,
751 2810 882 2874 quod
930 2812 993 2860 «le
1030 2813 1211 2863 Paride
1244 2816 1291 2863 in
1328 2816 1483 2880 prima
1518 2817 1687 2865 fabula
1722 2817 1867 2865 hahi-

175 2889 281 2932 tum
325 2899 440 2933 esse
486 2887 823 2951 ostendimus3
873 2891 981 2957 ipsa
1031 2901 1193 2943 autem
1242 2895 1435 2947 Helena
1483 2898 1599 2947 huic
1635 2898 1865 2947 omnibus

176 2980 205 3012 a
238 2965 462 3030 partibus
498 2967 745 3017 simillima
786 2977 889 3020 est:

310 3042 449 3108 αἱρεῖ
478 3043 580 3109 γὰρ
617 3044 832 3111 ἀνδρῶν
866 3051 1073 3117 ὄμματ’,
1110 3051 1303 3120 ἐξαιρεῖ
1332 3056 1521 3118 πόλεις.

177 3124 246 3174 Et
291 3134 499 3175 eventus
545 3143 742 3192 quoque
775 3131 937 3181 iudicii
970 3135 1100 3184 idem
1139 3143 1245 3186 est:
1281 3155 1392 3187 nam
1429 3146 1659 3189 servatur
1690 3140 1867 3188 mulier

178 3211 338 3254 morte
372 3206 682 3271 dignissima,
719 3216 772 3257 ut
808 3221 999 3275 pestem
1035 3217 1083 3264 in
1121 3217 1330 3281 patriam
1365 3235 1460 3269 non
1495 3220 1657 3269 minus
1687 3219 1865 3267 Mene-

178 3283 284 3332 laus
319 3301 466 3348 quam
490 3287 827 3348 Agamemnon
849 3299 899 3340 et
929 3293 1285 3360 Neoptolemus
1309 3298 1531 3351 reducat.
1604 3300 1866 3349 Protracta

179 3380 208 3412 e
241 3367 452 3413 tentorio
499 3383 589 3430 per
624 3367 837 3419 Menelai
884 3373 1136 3425 ministros
1173 3394 1397 3427 caussam
1433 3381 1503 3429 sic
1538 3381 1690 3437 dicit,
1726 3385 1781 3426 ut
1814 3378 1862 3426 in

178 3442 383 3494 deorum
417 3446 716 3498 voluntatem
752 3451 946 3517 culpam
979 3471 1175 3506 omnem
1210 3458 1448 3510 conferat.
1520 3461 1706 3510 Contra
1735 3473 1863 3522 quae
