2170 3866
916 299 1042 360 565

134 446 324 501 docere
355 449 590 516 profecto
621 463 770 499 nemo
803 453 1009 514 praeter
1041 464 1147 511 eos,
1184 449 1268 516 qui
1301 455 1700 517 perpetrassent,
1740 466 1832 516 po-

133 536 283 581 terat.
350 530 453 580 Sed
485 530 599 580 talis
632 530 732 598 fuit
758 528 1064 580 Graecorum
1101 534 1329 579 veterum
1363 537 1556 596 natura,
1591 531 1652 582 ad
1686 531 1834 581 fabu-

133 610 211 660 las
244 610 692 661 comminiscendas
726 616 778 659 et
821 626 915 674 pro
958 611 1089 659 veris
1125 610 1408 660 vendendas
1442 613 1832 677 promptissima.

131 688 505 756 Thucydidem,
541 693 583 740 si
618 691 738 755 quid
773 691 871 739 tale
895 692 1191 756 accepisset,
1226 706 1324 740 non
1349 692 1646 740 omissurum
1675 691 1833 740 fuisse

130 756 350 821 arbitror
384 788 445 822 eo
480 772 608 831 loco,
645 786 741 836 quo
776 771 990 835 plurima
1012 772 1245 842 Archelai
1264 773 1442 821 merita
1477 777 1833 822 commemorat

130 857 285 917 atque
330 868 446 902 eum
494 853 655 917 plura,
703 867 851 915 quam
897 857 1012 900 octo
1060 868 1223 919 reges,
1281 852 1366 916 qui
1412 852 1830 917 praecessissent,

128 931 261 982 bona
301 949 454 982 unum
488 932 851 982 Macedonibus
896 949 1104 998 parasse
1148 932 1386 992 affirmat,
1433 933 1516 983 lib.
1549 932 1605 980 ll.
1648 949 1690 981 c.
1718 934 1830 981 100.

129 1011 491 1076 ‚,Macedone8‚
539 1014 623 1077 qui
657 1019 773 1063 tunc
806 1008 960 1076 erant,
997 1029 1094 1077 quo
1127 1018 1357 1078 tempore
1390 1013 1600 1063 Sitalces
1634 1011 1831 1070 invasit,

128 1093 279 1144 tantis
314 1093 474 1160 copiis
522 1094 766 1143 resistere
810 1109 909 1143 non
954 1098 1248 1158 potuerunt3
1283 1094 1466 1158 itaque
1506 1107 1832 1158 quaecunque

129 1178 272 1223 erant
303 1172 354 1222 in
397 1173 548 1238 agris,
592 1174 643 1223 in
678 1174 883 1222 castella
918 1178 972 1223 et
1006 1173 1115 1222 loca
1148 1174 1335 1223 munita
1369 1178 1829 1238 comportaverunt:

128 1269 260 1318 quae
294 1259 435 1303 erant
469 1254 567 1302 illis
602 1254 910 1319 temporibus
943 1253 1260 1318 paucissima.
1340 1252 1464 1301 Nam
1514 1256 1692 1316 postea
1738 1252 1828 1299 de-

128 1349 266 1383 mum
312 1332 620 1393 Archelaus,
666 1332 944 1382 Perdiccae
985 1333 1147 1393 filius,
1177 1345 1311 1381 'cum
1359 1348 1570 1397 regnum
1616 1332 1827 1396 adeptus

129 1404 424 1475 esset‚'tum
458 1429 516 1460 ea
552 1429 677 1478 quae
710 1428 842 1462 nunc
875 1413 950 1461 illi
984 1418 1149 1462 terrae
1183 1412 1353 1462 insunt
1375 1412 1559 1477 oppida
1582 1411 1830 1461 exstruxit

125 1498 237 1543 tum
270 1493 375 1542 vias
411 1493 618 1543 munivit
651 1494 840 1559 amplas
877 1499 980 1541 tum
1017 1498 1184 1542 cetera
1230 1494 1279 1541 in
1322 1508 1467 1542 usum
1513 1492 1635 1541 belli
1668 1491 1826 1555 equiS,

124 1573 278 1630 armis
325 1577 378 1623 et
423 1573 620 1638 reliquo
667 1579 911 1639 apparatu
942 1573 1138 1636 meliuS‚
1186 1589 1334 1639 quam
1380 1572 1665 1637 superiores
1710 1577 1827 1620 octo

124 1669 276 1720 reges
311 1643 501 1716 omnes,
537 1650 846 1703 adornavit.’'

259 1732 425 1800 Saepe
458 1734 660 1794 accidit,
710 1739 770 1783 ut
815 1734 901 1797 qui
934 1734 1088 1782 foeda
1122 1734 1490 1782 committerent
1523 1738 1574 1781 et
1607 1730 1826 1780 nefario-

123 1828 234 1862 rum
269 1814 519 1873 scelerum
557 1815 859 1863 conscientia
895 1815 1236 1863 cruciarentur
1265 1814 1524 1862 Musarum
1562 1818 1611 1860 et
1645 1813 1825 1860 artium

122 1893 404 1943 liberalium
440 1900 736 1957 quaererent
770 1895 1184 1952 delectationem3
1228 1894 1319 1942 sed
1354 1910 1619 1956 nunquam,
1665 1892 1826 1955 quoad

125 1973 335 2024 fuerunt
368 1974 615 2035 homineS,
659 1974 919 2040 conspecti
953 1979 1087 2035 sunt,
1134 1975 1221 2037 qui
1254 1974 1406 2021 iidem
1446 1979 1496 2021 et
1531 1973 1824 2037 sapientiam

126 2054 354 2104 colerent
389 2061 440 2103 et
473 2055 759 2103 libidinibus
795 2054 1053 2114 servirent,
1087 2054 1237 2102 iidem
1274 2059 1326 2101 et
1359 2054 1709 2118 ingenuitatem
1744 2058 1824 2102 to-

123 2136 345 2186 lerarent
379 2134 695 2184 familiarium
741 2141 795 2184 et
841 2142 1065 2183 amarent
1096 2134 1403 2183 iniustitiam.
1483 2135 1536 2183 In
1581 2133 1827 2197 sapientia

124 2220 295 2266 autem
342 2221 394 2265 et
435 2217 741 2280 ingenuitate
787 2216 1054 2263 amicitiam
1090 2214 1347 2279 Euripidis
1393 2221 1542 2276 atque
1589 2213 1826 2262 Archelai

123 2296 341 2362 positam
392 2294 549 2344 fuisse
596 2296 694 2344 hoc
728 2296 901 2343 drama
930 2293 1350 2343 manifestissimis
1386 2294 1699 2342 documentis
1734 2293 1822 2342 de-

122 2376 298 2428 clarat.
379 2375 627 2425 Ostendat
659 2376 784 2424 mihi
818 2375 998 2438 aliquis
1034 2390 1096 2423 ex
1131 2375 1451 2435 carminibus,
1499 2390 1824 2437 quaecunque

123 2456 352 2506 omuibus
401 2457 453 2504 in
503 2457 759 2518 gentibus,
822 2456 946 2503 locis
999 2454 1409 2518 temporibusque
1455 2456 1643 2519 scripta
1690 2460 1823 2514 sunt,

123 2552 296 2596 unum,
344 2537 483 2584 cuius
517 2540 605 2585 aut
635 2539 1051 2599 argumento-aut
1085 2533 1346 2582 sententiis
1380 2533 1523 2598 plura
1556 2534 1707 2583 insint
1739 2551 1822 2583 re-

122 2615 266 2680 gibus
303 2616 507 2680 cognitu
540 2616 700 2678 utilia,
749 2621 836 2664 aut
871 2631 934 2663 ex
969 2631 1066 2679 quo
1110 2613 1312 2664 liberior
1346 2615 1561 2663 auctoris
1595 2615 1821 2678 ingenui-

121 2703 202 2746 tas
234 2700 490 2761 appareat,
525 2712 672 2761 quam
708 2712 835 2760 quae
869 2701 976 2744 tum
1010 2695 1061 2743 in
1096 2695 1321 2743 omnibus
1356 2694 1502 2743 huius
1525 2695 1823 2760 tetralogiae

122 2776 307 2827 fabulis
350 2781 458 2824 tum
505 2776 778 2841 praecipue
827 2777 878 2826 in
911 2776 1143 2824 Archelai
1189 2775 1414 2839 reliquiis
1463 2775 1643 2827 elucet.
1722 2776 1822 2826 Ini-

122 2872 276 2923 quum
310 2856 458 2904 unius
491 2856 795 2906 dominatum
831 2857 1055 2906 ostendit
1086 2862 1356 2921 propterea
1388 2872 1520 2917 esse,
1556 2855 1692 2920 quod
1723 2857 1822 2906 vir-

120 2942 286 2988 tutem
315 2935 500 2985 'civium
534 2940 773 2999 tyrannus
808 2938 981 2986 timeat
1016 2941 1068 2985 et
1111 2937 1177 2986 de
1210 2938 1376 2985 medio
1409 2937 1588 2986 tollere
1633 2937 1823 3002 optime

122 3016 333 3068 meritos
378 3031 605 3079 quosque
654 3018 877 3078 studeat,
925 3017 978 3066 id
1025 3017 1156 3082 quod
1202 3017 1525 3078 Waldstenii‚
1570 3018 1820 3078 Columbi,

123 3097 362 3154 Balboae,
406 3095 777 3161 Albuquerquis
813 3102 864 3146 et
897 3098 1222 3162 plurimorum
1257 3100 1466 3148 aliorum
1499 3099 1602 3147 fata
1637 3098 1819 3147 confir-

120 3182 276 3230 mant.
345 3175 624 3225 Potentiam
669 3179 958 3227 destitutam
1002 3180 1182 3228 virtute
1226 3195 1325 3229 non
1369 3196 1483 3229 esse
1518 3197 1544 3227 a
1580 3180 1818 3227 servitute

118 3262 308 3318 tutam3
363 3272 486 3321 opes
533 3258 781 3307 neminem
828 3260 999 3308 iuvare
1045 3260 1290 3324 privatum
1337 3259 1615 3325 probitate;
1673 3274 1818 3308 veras

119 3337 326 3387 divitias
360 3337 413 3385 in
446 3337 636 3387 iustitia
670 3339 860 3404 positas
897 3355 1040 3400 esse;
1084 3341 1180 3389 hac
1226 3340 1556 3405 respublicaS‚
1602 3340 1699 3388 hac
1745 3338 1817 3387 ci-

121 3416 259 3467 vium
291 3433 694 3481 unumquemque
728 3420 917 3486 augeri.
998 3419 1137 3470 Nihil
1181 3421 1333 3484 gratis
1381 3419 1701 3468 tribuendum
1733 3433 1816 3466 re-

125 3496 272 3562 gibus
306 3514 447 3549 esse:
494 3497 763 3548 absurdum
798 3499 933 3550 enim
967 3515 1082 3550 esse
1116 3500 1304 3550 donare
1334 3515 1580 3566 pauperes
1613 3497 1815 3564 opulen-
