2170 3866
1108 256 1234 314 564

436 399 549 452 τάδ’
587 395 697 452 ἐστὶ
729 400 971 469 χρήματ’,
1003 403 1074 468 ἢν
1105 420 1184 464 τις
1218 402 1411 472 εὐσεβῆ
1444 403 1595 456 θεόν.

435 560 695 627 μακάριος
729 561 866 624 ὄςτις
897 566 1037 615 νοῦν
1073 561 1208 631 ἔχων
1239 568 1366 632 τιμᾷ
1399 563 1532 616 θεὸν

435 641 523 693 καὶ
557 641 748 707 κέρδος
783 643 927 712 αὐτῷ
961 649 1124 697 τοῦτο
1158 649 1388 697 ποιεῖται
1422 644 1573 713 μέγα.
1615 711 1620 715 .

307 725 398 773 His
434 725 583 773 dictis
630 743 838 792 „regem
874 734 1128 792 arreptum
1172 729 1223 778 in
1262 727 1458 778 foveam
1494 726 1709 778 coniecit
1742 731 1893 794 atque
1927 727 1998 778 ita

305 821 418 854 eum
452 806 727 870 perdidit'',
761 809 1006 872 probante
1040 809 1225 858 choro:

435 883 501 935 τὰ
534 883 637 951 γὰρ
676 885 778 937 οὐκ
809 885 990 951 ὀρθῶς
1022 886 1345 952 πρασσόμεν’
1378 887 1557 954 ὀρθῶς

437 969 549 1026 τοῖς
582 967 922 1031 πράσσουσιν
954 968 1124 1020 κακὸν
1155 962 1341 1035 ἦλθεν.

304 1049 498 1112 Quibus
534 1051 748 1114 peractis
784 1051 1032 1099 Hercules
1067 1051 1131 1100 de
1166 1051 1307 1100 coelo
1342 1051 1588 1100 demissus
1629 1049 1773 1101 iubet
1805 1049 1999 1099 Arche-

305 1130 435 1179 laum
458 1130 792 1195 >,‚profugere
836 1146 899 1179 ex
943 1146 1186 1197 responso
1219 1131 1466 1196 Apollinis
1509 1147 1659 1196 capra
1693 1130 1821 1180 duce
1856 1129 2001 1194 oppi-

301 1211 522 1274 dumque
580 1226 643 1259 ex
697 1209 898 1260 nomine
943 1227 1124 1275 caprae
1173 1210 1375 1277 (αἰγός)
1421 1212 1587 1277 Aegas
1638 1209 2000 1274 constituere''‚

302 1291 554 1355 simulque
598 1306 888 1355 magnorum
933 1308 1048 1341 eum
1092 1300 1265 1356 regum
1300 1297 1556 1342 auctorem
1587 1290 1703 1340 fore
1735 1289 1998 1358 praedicit.

304 1371 399 1420 His
434 1376 704 1435 praecepta
736 1371 972 1420 adnexuit
1007 1371 1255 1435 salutaria,
1290 1373 1426 1422 velut
1457 1372 1581 1421 hoc:

430 1448 494 1501 ἓν
528 1448 585 1501 δέ
621 1459 710 1500 σοι
742 1449 915 1514 μόνον
946 1453 1240 1518 προφωνῶ,
1275 1450 1347 1519 μὴ
1383 1449 1459 1502 ’πὶ
1493 1447 1748 1501 δουλείαν
1778 1447 1908 1501 ποτὲ

438 1532 544 1593 ζῶν
576 1526 714 1582 ἑκὼν
748 1529 923 1599 ἔλθῃς,
959 1532 1139 1596 παρόν
1174 1544 1260 1584 σοι
1291 1534 1583 1584 κατθανεῖν
1616 1529 1930 1597 ἐλευθέρως.

302 1613 501 1663 Chorus
536 1619 702 1662 autem
736 1614 1110 1664 conversionem
1143 1630 1314 1664 rerum
1349 1614 1670 1679 comprobat:

432 1692 598 1744 πάλαι
630 1696 936 1759 σκοποῦμαι
968 1692 1062 1755 τὰς
1095 1694 1259 1760 τύχας
1290 1691 1383 1754 τὰς
1414 1694 1524 1744 τῶν
1559 1691 1789 1758 βροτῶν,

436 1772 509 1838 ὡς
543 1767 602 1824 εὖ
638 1774 1122 1837 μεταλλάσσουσιν·
1159 1775 1217 1836 ὃς
1249 1774 1354 1842 γὰρ
1390 1771 1458 1825 ἂν
1490 1775 1691 1840 σφαλῇ,

436 1851 491 1916 ἐς
524 1853 700 1919 ὀρθὸν
734 1855 872 1923 ἔστη,
907 1855 981 1923 χώ
1014 1855 1143 1920 πρὶν
1175 1856 1416 1924 εὐτυχῶν
1447 1857 1636 1908 πιτνεῖ.

304 1936 398 1987 Cui
443 1953 540 1987 non
574 1939 702 1987 haec
735 1929 923 2004 legenti
970 1939 1022 1988 in
1056 1944 1277 1989 mentem
1311 1940 1505 1988 veniant
1537 1938 1640 2000 illa,
1691 1951 1821 2000 quae
1853 1933 1997 1984 Plato

301 2017 352 2067 in
377 2016 566 2083 Gorgia
599 2034 648 2084 p.
677 2020 792 2068 470.
823 2020 884 2071 D.
918 2021 1189 2070 memoriae
1222 2019 1462 2087 prodidit,
1509 2016 1831 2075 Archelaum,
1875 2031 1997 2081 spu-

300 2098 430 2146 rium
477 2114 539 2147 ex
588 2114 730 2148 serva
764 2105 949 2161 natum,
994 2100 1197 2150 Alcetae
1231 2106 1410 2165 patruo
1454 2115 1566 2149 cum
1600 2098 1704 2146 filio
1738 2098 1846 2147 'eius
1878 2096 1998 2146 Ale-

300 2177 509 2240 xandro,
551 2179 773 2228 invitatis
807 2180 870 2228 ad
905 2197 979 2240 se,
1014 2181 1157 2244 quasi
1190 2197 1400 2247 regnum
1434 2196 1462 2228 a
1495 2179 1734 2228 Perdicca
1767 2181 1998 2242 ereptum

302 2258 571 2307 restituere
617 2259 800 2320 vellet,
856 2259 1067 2308 insidias
1122 2262 1393 2310 struxisse:
1447 2275 1561 2308 nam
1617 2258 1784 2307 ebrios
1833 2257 1995 2305 factos

300 2343 450 2387 noctu
497 2339 547 2388 in
590 2339 867 2402 plaustrum
913 2339 1176 2403 impositos
1211 2356 1327 2388 esse
1371 2345 1422 2387 et
1455 2339 1504 2386 in
1540 2338 1652 2385 loco
1687 2341 1886 2386 secreto
1918 2335 1997 2384 in·-

299 2418 571 2478 terfectos3
617 2418 786 2483 paullo
822 2421 940 2483 post
971 2419 1240 2483 genuinum
1275 2418 1543 2467 Perdiccae
1575 2417 1775 2478 filium,⁴
1798 2419 1996 2480 septem

300 2513 540 2548 annorum
582 2515 814 2564 puerum,
862 2500 915 2548 in
960 2504 1166 2563 puteum
1203 2501 1264 2548 ab
1300 2515 1362 2548 eo
1396 2499 1633 2547 iniectum
1668 2496 1994 2545 suffocatum-

302 2594 400 2643 que
449 2595 580 2639 esse,
635 2579 786 2628 matri
830 2584 998 2628 autem
1042 2580 1149 2628 eius
1195 2579 1494 2645 Cleopatrae
1541 2578 1819 2626 nuntiatum
1877 2590 1995 2626 esse

299 2659 436 2707 forte
467 2659 626 2721 illum,
662 2675 774 2708 cum
808 2675 1040 2709 anserem
1074 2664 1485 2724 persequeretur,
1523 2657 1784 2723 delapsum
1815 2654 1866 2706 in
1898 2670 1994 2720 pu-

301 2743 441 2788 teum
473 2738 723 2810 interisse.
801 2739 916 2789 Non
958 2741 1121 2806 potuit
1152 2739 1421 2804 Euripides
1457 2738 1602 2787 simul
1644 2738 1771 2787 haec
1803 2736 1863 2785 ab
1896 2736 1996 2787 Ar-

302 2819 479 2867 chelao
523 2818 662 2868 facta
705 2835 820 2869 esse
867 2821 1076 2869 credere
1123 2819 1371 2883 simulque
1417 2818 1547 2867 hanc
1589 2816 1897 2882 tragoediam
1941 2815 1995 2867 in

299 2898 542 2948 honorem
576 2900 685 2949 eius
721 2915 1047 2972 componere,
1084 2915 1247 2964 neque
1279 2898 1556 2949 Archelaus
1591 2897 1800 2963 diligere
1831 2897 1997 2962 potnit

301 2994 416 3027 eum
461 2984 678 3044 poetam,
729 2979 873 3028 cuius
921 2980 1122 3044 scriptis
1173 2980 1422 3028 scelerum
1456 2992 1657 3027 suorum
1700 2981 1803 3025 tam
1835 2976 1996 3028 mani-

298 3058 433 3108 festa
485 3059 767 3109 fabularum
817 3060 1140 3109 similitudine
1198 3060 1566 3127 admoneretur.
1655 3057 1994 3120 Quamobrem

299 3138 432 3198 vide,
464 3155 530 3188 ne
562 3141 699 3189 haec'
723 3154 924 3203 quoque
955 3139 1107 3202 fama,
1140 3143 1198 3189 ut
1234 3138 1361 3188 aliae
1395 3138 1654 3204 plurimae,
1690 3152 1756 3186 ex
1787 3130 1993 3204 Euripi-

300 3219 379 3268 dis
412 3219 610 3284 scriptis
644 3218 889 3283 originem
923 3219 1139 3280 duxerit,
1172 3224 1261 3268 aut
1294 3219 1359 3268 ad
1392 3234 1563 3268 verum
1585 3216 1884 3267 Archelaum
1917 3220 1995 3265 te-

301 3315 444 3350 mere
476 3299 716 3349 translata
748 3300 849 3350 sint
895 3315 1024 3364 quae
1058 3300 1124 3349 de
1155 3299 1388 3349 fabuloso
1428 3302 1568 3347 vetus
1602 3297 1735 3346 fama
1767 3293 1993 3346 tradide-

300 3384 397 3428 rat.
460 3378 835 3444 vituperandus
878 3384 959 3430 est
989 3379 1150 3443 Plato,
1199 3379 1286 3443 qui
1330 3393 1423 3444 pro
1458 3375 1731 3442 compertis
1763 3373 1996 3426 retulerit

300 3473 429 3523 quae
461 3458 705 3526 suspicari
737 3460 941 3524 quidem
971 3459 1134 3523 multi,
1181 3474 1395 3526 arguere
1427 3460 1596 3509 autem
1629 3461 1684 3508 et
1714 3470 1808 3522 pro
1842 3454 1994 3507 certis
