2170 3866
1152 279 1276 341 5⁰0

357 434 482 480 orat.
516 426 602 477 XI.
638 443 685 494 p.
723 429 835 477 188.
870 425 927 481 C.
964 425 1021 478 D.
1091 427 1167 479 Ex
1202 428 1406 479 comicis
1451 430 1613 496 poetis
1659 430 1940 483 universam
1974 432 2053 483 fa-

357 509 527 559 bulam
569 523 717 557 nemo
761 507 985 557 imitatus
1032 523 1150 558 esse
1195 510 1424 571 videtur3
1474 509 1565 559 sed
1613 511 1832 576 singulos
1877 527 2055 565 versus
2149 559 2153 565 .

359 589 727 654 opportunitate
762 588 880 638 data
916 589 1246 654 arripuerunt,
1281 589 1419 640 velut
1452 591 1648 640 huncce
1683 590 1878 657 (730.):

492 665 594 718 οὐκ
627 664 842 730 ἐκεῖνος,
878 665 990 718 ἀλλ’
1026 664 1200 732 ἐκείνη
1235 671 1416 730 κεῖνρν
1452 667 1639 721 ἐνθάδ’
1675 671 1890 738 ἤγαγεν.

361 748 436 799 Ad
483 749 695 799 ridicula
746 749 1106 799 transtulerunt
1156 750 1520 817 Aristophanes
1566 767 1612 803 v,
1647 754 1764 805 279.
1813 753 1863 802 in
1910 749 2059 802 Pluto

359 830 429 893 (v.
466 829 571 893 8.)‚
619 830 788 878 Alexis
821 845 897 877 vv.
931 831 1046 892 245,
1082 833 1130 880 6.
1166 830 1322 896 (apud
1360 833 1540 883 Athen.
1577 830 1684 883 Vll.
1718 849 1769 897 p.
1804 833 1918 882 339.
1951 830 2060 897 D.),

357 910 569 960 Alcaeus
606 909 710 974 (ap.
731 908 956 959 Macrob.
977 909 1077 959 Sat.
1098 908 1160 971 V,
1180 913 1288 976 20.)
1335 917 1387 962 et
1419 912 1670 962 Lucienus
1704 927 1778 962 vv,
1813 913 1911 961 855
1950 927 2056 978 seq.

489 989 779 1038 Latinorum
824 995 1085 1053 poetarum
1138 1007 1198 1041 an
1246 992 1506 1056 quisquam
1542 991 1777 1042 Orestem
1817 990 2057 1042 imitando

358 1068 698 1134 expresserit,
747 1069 954 1130 dubit03
1000 1070 1099 1120 fuit
1146 1077 1310 1121 autem
1357 1072 1675 1122 nihilominus
1721 1073 1847 1122 haec
1889 1071 2060 1122 fabula

358 1148 597 1199 Romanis
632 1148 919 1209 notissima,
955 1156 1012 1199 ut
1043 1150 1284 1200 Horatius
1320 1153 1382 1201 ad
1419 1152 1616 1202 Orestis
1654 1150 1894 1214 furorem,
1935 1166 2058 1217 qua-

358 1230 459 1279 lem
492 1228 765 1291 Euripides
800 1224 869 1294 (v.
902 1227 1046 1297 254.)
1081 1231 1375 1298 descripsit,
1424 1237 1655 1297 tanquam
1692 1231 1974 1299 exemplum
2010 1231 2061 1282 in

361 1313 562 1375 promtu
596 1308 814 1373 positum
850 1311 1137 1374 respexerit
1173 1308 1356 1375 (Serm.
1380 1312 1442 1371 ll,
1467 1316 1515 1372 3,
1542 1315 1656 1371 140,
1680 1311 1768 1377 1.).

492 1388 740 1439 Admirati
775 1394 889 1437 sunt
923 1390 1108 1454 antiqui
1144 1406 1396 1455 censores,
1530 1399 1616 1442 nta
1650 1396 1759 1441 arte
1792 1389 2059 1459 Euripides

360 1469 648 1521 Menelaum
682 1467 823 1532 quasi
857 1469 1059 1518 invitum
1095 1486 1221 1534 quae
1255 1479 1389 1522 tecte
1423 1406 1715 1522 mubdole
1745 1471 2058 1521 machinare-

360 1556 444 1600 tur
478 1548 810 1599 denudantem
847 1549 1145 1600 exhibuerit.
1211 1551 1503 1602 Laudarunt
1538 1552 1719 1614 etiam,
1760 1551 1892 1615 quod
1928 1565 2059 1615 quae

360 1630 619 1680 moliretur
651 1634 805 1695 poeta
838 1628 982 1694 longe
1015 1634 1160 1679 antea
1193 1636 1514 1697 praepararet
1559 1647 1722 1696 neque
1769 1630 2061 1694 quidquam,

361 1711 495 1776 quod
521 1709 711 1758 valeret
733 1708 795 1757 ad
823 1710 1014 1758 animos
1041 1710 1132 1771 sic,
1162 1716 1216 1761 ut
1241 1711 1361 1773 vult,
1385 1712 1698 1772 afficiendoS,
1724 1710 1976 1759 omisisset
1989 1707 2061 1776 *).

359 1790 515 1840 Iidem
553 1789 781 1839 laudibus
815 1789 1163 1854 praedicarunt
1196 1792 1501 1856 diligentiam
1531 1793 1639 1841 eius
1667 1790 2061 1856 sollertiamque,

362 1888 459 1936 qua
494 1869 772 1932 effecisset,
808 1875 864 1919 ut
900 1886 1226 1935 quaecunque
1260 1872 1444 1922 fierent
1470 1865 1754 1922 necessario
1781 1870 1893 1919 fieri
1921 1869 2061 1929 vide-

360 1954 535 2001 rentur
574 1965 698 2000 neve
744 1949 846 1999 ulla
891 1966 1105 2016 persona
1148 1956 1343 2001 temere
1394 1953 1732 2002 interveniret.
1812 1950 1925 2000 Non
1971 1949 2061 2000 de-

360 2033 580 2083 buerunt
610 2030 766 2096 igitur
799 2030 975 2080 hostes
1003 2031 1255 2096 Euripidis
1281 2034 1342 2082 ab
1366 2048 1425 2081 ea
1456 2038 1599 2097 parte
1621 2032 1722 2081 hoc
1744 2046 1943 2080 carmen
1967 2030 2063 2079 im-

361 2125 614 2176 pugnare,
660 2125 689 2159 a
735 2125 833 2174 qua
872 2110 995 2160 illud
1040 2113 1226 2175 optime
1261 2112 1504 2162 munitum
1523 2111 1653 2162 ‘esse
1685 2118 1884 2162 veteres
1917 2109 2063 2160 intel-

362 2189 611 2240 lexerunt.
693 2188 793 2251 Qui
853 2190 979 2239 nihil
1035 2207 1253 2256 unquam
1310 2208 1481 2242 rerum
1531 2208 1703 2257 parum
1753 2189 2062 2240 credibilium

361 2268 411 2318 in
446 2267 715 2332 Aeschylo,
749 2268 1083 2319 refertissimo
1116 2272 1235 2329 iuis,
1270 2272 1602 2336 deprehendit
1634 2270 1698 2319 G.
1725 2269 2061 2329 Hermannuu,

362 2348 579 2416 plurima
612 2362 785 2411 parum
819 2348 1106 2397 verisimilia
1137 2350 1188 2398 in
1226 2348 1424 2398 Orestis
1458 2349 1627 2398 fabula
1673 2348 1767 2397 sibi
1801 2353 1881 2398 est
1923 2348 2060 2396 visus

364 2428 636 2487 invenisse,
672 2427 805 2492 quod
841 2443 960 2478 sane
993 2428 1270 2478 mirandum
1300 2433 1394 2489 est,
1429 2428 1598 2492 istum,
1633 2444 1759 2495 quae
1786 2426 2060 2493 exprobra-

366 2512 464 2569 ret,
499 2523 599 2557 non
628 2509 856 2572 potuisse
889 2508 1115 2573 graviora
1150 2509 1391 2574 reperire.

498 2587 576 2638 Ab
599 2586 728 2648 aliis,
754 2587 890 2636 velut
917 2587 1214 2652 Schlegelio‚
1252 2603 1573 2653 quaecunque
1595 2586 1900 2652 reprehensa
1927 2589 2062 2647 sunt,

365 2667 607 2732 originem
645 2683 708 2717 ex
756 2668 950 2716 inscitia
984 2668 1172 2717 ducunt
1217 2675 1269 2717 et
1301 2669 1352 2717 in
1385 2668 1583 2717 laudem
1617 2669 1712 2716 iam
1749 2683 1811 2717 ex
1846 2666 2064 2716 crimini-

364 2750 459 2799 bus
504 2752 790 2804 vertuntur,
839 2762 903 2796 ex
933 2762 1031 2811 quo
1078 2749 1329 2815 cognitum
1381 2753 1458 2796 est
1503 2748 1722 2797 voluisse
1767 2746 2063 2812 Euripidem

366 2827 622 2877 tristitiam
678 2827 784 2876 risu
831 2831 1116 2893 temperare
1179 2832 1233 2878 et
1277 2827 1491 2877 iucunda
1535 2828 1774 2878 varietate
1824 2830 2063 2893 grataque

364 2906 587 2956 novitate
635 2911 968 2972 spectatorem
1017 2908 1079 2956 ad
1126 2907 1449 2956 festivitatem
1500 2922 1753 2956 revocare.
1823 2907 2063 2957 Ceterum

365 2985 469 3048 isti,
505 2987 547 3035 si
582 2987 676 3036 sibi
710 2991 938 3036 constare
969 2987 1258 3046 voluissent,
1293 3003 1388 3037 non
1425 2987 1702 3036 debuerunt
1737 2988 1947 3037 eandem
1979 3001 2062 3035 ra-

366 3065 570 3127 tionem,
603 3082 747 3130 quam
783 3066 836 3115 in
871 3066 1113 3132 Euripide
1147 3067 1467 3128 damnarunt,
1502 3068 1553 3114 in
1589 3065 1866 3132 Shaxperio
1901 3064 2062 3114 admi-

366 3145 482 3206 rari,
517 3145 604 3210 qui
638 3146 840 3211 quidem
873 3145 1189 3196 Falstaffium
1237 3162 1348 3195 cum
1383 3146 1606 3195 Henrico
1642 3142 1972 3213 consociando
2010 3147 2062 3192 et

366 3224 675 3290 tragoediam
719 3225 1008 3276 intermixta
1059 3227 1314 3276 comoedia
1359 3227 1708 3293 distinguendo
1752 3216 1878 3276 nihil
1923 3222 2061 3274 aliud

770 3353 817 3360 —.

424 3420 475 3477 *)
503 3422 633 3502 Velut
660 3422 718 3536 aad
747 3436 790 3466 v.
820 3421 930 3506 2315·
963 3418 1386 3537 προςπαθέστερονέ
1398 3420 1450 3466 δὲ
1481 3423 1612 3465 ποιεῖ
1639 3417 1877 3536 ἶόἐῗρᾶμςι
1889 3417 1970 3535 {ml
2000 3414 2052 3462 τὸ

503 3491 663 3620 9ἑὲἷίἶῖ
684 3507 771 3610 οῗκ
783 3493 1118 3622 δέιέξέὲί-ὶίἒῗξκι
1145 3508 1228 3538 τον
1260 3495 1361 3538 Μεν
1386 3494 1514 3545 λαον,
1544 3493 1671 3537 καθα
1745 3503 1825 3536 πισ
1866 3504 1887 3535 ε
1908 3504 1932 3542 ς
1949 3488 2038 3548 βοη
