2170 3848
1160 278 1282 338 158

401 428 603 479 ultrices
638 425 800 474 delata
834 424 899 473 sit
914 421 981 489 *)‚
1017 431 1099 501 aut
1130 427 1354 475 venerint
1383 427 1467 489 qui
1499 430 1745 479 servitutis
1776 421 1890 496 iugo
1922 431 2055 496 ipsas

402 508 627 556 liberent.
695 504 818 553 Nam
853 506 930 553 vel
973 506 1022 554 in
1058 507 1256 555 somniis
1292 522 1346 554 se
1393 508 1590 570 cupiunt
1622 511 1806 573 patriae
1839 511 1945 559 solo
1977 512 2056 559 in-

402 587 579 636 sistere
611 589 663 634 et
708 585 970 650 participes
1007 601 1118 634 esse
1150 586 1390 635 festorum
1435 586 1673 651 laetitiae,
1714 595 1776 639 'et
1810 590 2055 639 communi

401 682 513 716 cum
547 665 699 714 beatis
733 665 906 728 gaudio
941 665 1144 728 perfrui.
1704 676 1706 679 “

532 745 855 795 Adducuntur
890 744 1067 794 deinde
1101 744 1336 808 colligatis
1373 746 1595 794 manibus
1623 744 1719 794 duo
1752 747 1826 794 illi
1856 747 2053 810 iuvenes

399 824 719 874 immolationi
765 825 1021 882 destinati,
1087 825 1326 888 simulque
1368 825 1644 888 Iphigenia,
1691 825 1933 889 expeditis
1974 826 2054 886 iis,

399 906 579 970 quibus
625 919 747 967 opus
783 910 887 961 est,
939 920 967 951 e
1002 904 1146 951 domo
1193 905 1242 951 in
1278 920 1473 952 scenam
1508 904 1662 964 redit,
1708 921 1832 968 quae
1877 906 2054 964 statim,
2119 944 2124 948 .

398 991 659 1050 postquam
694 983 742 1031 in
779 989 1044 1045 conspectu
1078 998 1166 1030 suo
1200 983 1426 1031 victimae
1475 984 1825 1045 constiterunt,
1875 990 1930 1034 ut
1963 984 2056 1034 rite

397 1064 518 1113 fiant
551 1078 713 1122 sacra,
747 1062 934 1109 vincula
969 1062 1114 1121 solvi,
1152 1064 1452 1126 apparitores
1487 1070 1646 1112 autem
1684 1065 1813 1112 intro
1846 1064 1894 1112 in
1927 1069 2055 1112 tem-

396 1144 532 1210 plum
567 1143 699 1191 abire
731 1142 865 1190 iubet
899 1147 950 1189 et
982 1157 1155 1206 parare
1190 1157 1278 1199 ea,
1329 1158 1454 1204 quae
1499 1143 1559 1189 ad
1593 1158 1699 1191 rem
1745 1149 2053 1207 praesentem

397 1237 520 1288 opus
555 1222 667 1270 sint.
734 1220 862 1268 Tum
898 1237 1015 1269 vero
1049 1222 1240 1269 intuens
1274 1221 1503 1281 iuvenes,
1550 1222 1689 1286 quasi
1723 1223 2055 1288 praesagiente

395 1303 556 1352 animo
590 1301 890 1365 propinquos
925 1316 1064 1362 esse,
1100 1316 1221 1364 quos
1254 1301 1527 1360 intueatur,
1562 1302 1685 1350 miro
1719 1301 1866 1350 modo
1900 1301 2054 1350 affici-

396 1388 478 1432 tur
502 1397 652 1443 seque
677 1380 899 1443 deplorat
923 1381 1222 1428 victimarum
1251 1381 1407 1428 vicem
1435 1380 1712 1445 deplorans.
1755 1381 1826 1429 lta
1845 1387 2054 1445 repente

395 1461 555 1512 omnis
592 1459 771 1508 duritia
805 1475 865 1508 ex
899 1461 1057 1507 animo
1092 1460 1235 1517 abiit,
1288 1465 1344 1507 ut
1377 1475 1431 1508 se
1465 1460 1574 1508 loco
1611 1461 1794 1509 sororis
1828 1460 2052 1526 peregri-

394 1557 569 1591 norum
605 1555 717 1587 esse
751 1539 904 1602 fingat
937 1546 986 1587 et
1021 1539 1252 1587 misereat
1287 1555 1393 1587 eam
1428 1540 1600 1604 patris,
1636 1540 1832 1600 matris,
1868 1540 2053 1588 sororis

396 1622 706 1686 ignotorum,
763 1620 946 1683 quippe
992 1619 1072 1682 qui
1117 1619 1552 1683 praestantissimis
1597 1620 1852 1668 iuvenibus
1897 1619 2053 1683 ignari

392 1702 670 1767 priventur,
719 1699 928 1761 denique
973 1699 1035 1746 de
1086 1699 1306 1747 obscuris
1339 1699 1543 1746 deorum
1592 1698 1802 1746 consiliis
1837 1713 2050 1763 conque-

392 1786 541 1830 ratur.
610 1777 749 1826 Scire
781 1778 930 1842 igitur
965 1777 1117 1840 cupit,
1154 1777 1283 1825 unde
1316 1777 1531 1840 profecti
1563 1777 1660 1826 sint
1692 1779 1934 1843 hospites,
1969 1778 2051 1842 qui

393 1858 727 1926 longissimum
777 1858 875 1906 iter
920 1857 1108 1905 emensi
1154 1857 1484 1922 longissimum
1519 1863 1715 1921 tempus
1750 1858 1915 1906 asnis
1949 1857 2051 1906 dis-

392 1939 543 1990 iuncti
593 1938 691 1985 sint
735 1936 863 2004 apud
910 1937 1095 1984 inferos
1143 1937 1315 1988 futuri.
1383 1936 1522 1985 Haec
1555 1937 1701 1985 animi
1736 1938 2052 1986 commutatio

394 2020 550 2085 quivis
594 2017 825 2080 intelligit
858 2031 999 2078 quam
1049 2015 1114 2063 sit
1147 2023 1350 2063 naturae
1383 2021 1435 2062 et
1470 2017 1738 2064 conditioni
1775 2016 2054 2081 iphigeniae

394 2098 714 2155 conveniens,
764 2111 1005 2158 quamque
1050 2095 1111 2143 ad
1160 2095 1449 2142 afficiendos
1497 2096 1682 2142 animos
1718 2103 2050 2159 spectatorum

393 2182 525 2244 apta,
560 2177 850 2242 praesertim
888 2190 1034 2238 quum
1070 2191 1213 2237 quam
1250 2175 1570 2237 ignorantiam
1607 2175 1882 2222 mortalium
1923 2175 2051 2222 circa

395 2275 468 2320 ea,
503 2272 627 2320 quae
660 2257 719 2303 iis
754 2254 999 2310 accidunt,
1035 2254 1260 2317 deplorat
1294 2255 1454 2316 virgo,
1501 2269 1557 2300 ea
1591 2253 1667 2300 vel
1702 2254 1911 2301 maxime
1942 2253 2052 2318 ipsa

393 2344 634 2388 teneatur.
700 2335 859 2383 Huius
888 2338 1055 2395 autem
1091 2333 1286 2398 generis
1321 2339 1473 2380 totum
1507 2333 1602 2380 hoc
1627 2331 1922 2395 colloquium
1959 2337 2051 2391 est,

395 2418 457 2468 ad
501 2403 1106 2480 suspendendosanimos
1158 2412 1630 2474 commovendosque
1677 2412 2051 2460 mirifice‘com·

395 2502 630 2565 paratum.
697 2494 822 2542 Nam
857 2508 1003 2556 quum
1040 2492 1453 2556 exspectationem
1480 2498 1705 2539 moveant
1727 2492 2052 2554 quaestiones,

394 2583 500 2627 tum
534 2590 772 2638 responsa
821 2573 931 2622 fere
981 2573 1138 2620 omnia
1182 2572 1360 2636 partim
1411 2577 1543 2620 tecte
1576 2570 1893 2634 significando
1929 2585 2053 2636 quae

395 2657 590 2722 aperire
631 2670 872 2718 personae
914 2653 991 2701 vel
1038 2652 1207 2700 nolunt
1240 2652 1315 2698 vel
1350 2658 1618 2715 nequeunt,
1666 2650 1842 2713 partim
1884 2650 2050 2697 insciis

395 2737 659 2799 invitisque
690 2735 751 2782 iis
786 2734 936 2797 ipsis,
969 2732 1052 2795 qui
1085 2732 1364 2794 loquuntur,
1411 2730 1652 2796 tangendo
1686 2745 1849 2777 veram
1882 2728 2050 2777 condi-'

395 2818 580 2866 tionem
639 2814 886 2873 studium,
945 2811 1336 2870 miserationem,
1395 2810 1772 2859 sollicitudinem
1820 2809 2050 2857 excitant.

395 2896 520 2946 Nam
550 2909 674 2958 quae
699 2895 957 2942 verborum
982 2891 1268 2954 ambiguitas
1283 2891 1331 2939 in
1356 2890 1542 2939 levibus
1562 2889 1879 2953 ridiculisque
1902 2889 2050 2937 rebus

450 3036 501 3091 *)
529 3034 819 3078 scribendum
848 3035 934 3073 est:

805 3099 862 3145 ἵν’
892 3098 1012 3156 ἀμφὶ
1040 3100 1200 3156 χαίταν

645 3171 813 3230 δρόσον
843 3169 1099 3227 αἱματηρὰν

645 3242 875 3298 ἑλιχθεῖσα
903 3241 1178 3296 λαιμότομος

645 3312 902 3369 δεσποσῦνᾳ
931 3311 1090 3354 ’θανεν

645 3379 811 3431 ποινὰς
840 3379 966 3425 δοῦσ’
998 3377 1288 3432 ἀντιπάλους,

535 3459 583 3499 ut
614 3453 933 3508 coniungantur
961 3449 1219 3510 δεσποσύνᾳ
1246 3446 1413 3501 ποινὰς
1441 3449 1597 3493 δοῦσα.
