2124 3860
1115 277 1237 333 326

350 433 401 480 in
435 446 494 479 ea
530 431 580 476 et
613 426 975 492 tragoediarum
1012 431 1062 474 et
1108 425 1457 490 epopoeiarum
1505 429 1782 478 consistere
1829 429 2011 479 intelli-

351 514 483 575 gent.
552 506 883 570 Quaecunque
918 522 1065 570 supra
1099 506 1314 570 vulgaria
1348 507 1578 565 eminent,
1613 524 1687 568 ea,
1721 515 1776 558 ut
1810 509 2012 574 gloriae,

351 589 421 637 ita
455 587 638 636 doloris
673 586 786 634 fons
821 593 935 635 sunt
966 587 1044 646 iis,
1078 586 1160 649 qui
1194 586 1392 641 habent,
1429 591 1481 634 et
1514 587 1672 636 solent
1700 591 2017 652 praestantis-

355 669 479 718 sima
527 683 748 731 quaeque
795 667 919 715 bona
954 667 1143 714 eximiis
1179 666 1319 713 malis
1356 666 1404 712 in
1437 665 1538 713 vita
1572 668 1848 717 mortalium
1885 685 2019 718 com-

354 749 567 813 pensari.
652 747 863 794 Formae
921 745 1252 810 pulcritudine
1299 762 1447 809 supra
1497 751 1721 794 naturam
1766 748 2025 796 humanam

358 828 586 893 praedita
620 826 811 875 Helena
845 827 1009 874 famae
1054 825 1365 890 turpitudine
1411 832 1613 890 praeter
1659 843 1827 876 omnes
1862 828 2029 876 insons

359 909 579 965 laborat3
626 914 683 954 ut
731 909 1002 954 monstrum
1052 922 1080 952 a
1129 912 1284 953 matre
1330 905 1378 951 in
1414 906 1572 953 lucem
1611 907 1741 955 edita
1776 912 1853 954 est
1888 914 2034 956 ovum

359 1002 449 1051 pro
493 985 681 1034 infante
717 987 964 1048 pariente,
1009 985 1077 1032 ita
1124 984 1331 1033 monstri
1378 985 1534 1033 instar
1566 986 1667 1034 vita
1702 986 1806 1034 eius
1842 986 1949 1050 ipsa
1984 992 2034 1034 et

359 1066 558 1114 fortuna
594 1081 704 1112 esse
738 1066 947 1112 videtur.
1016 1065 1217 1112 Utinam
1255 1065 1403 1127 igitur
1427 1066 1589 1113 deleta
1615 1072 1840 1130 tanquam
1869 1067 2032 1129 imago

362 1161 535 1194 rursus
571 1146 794 1209 turpiore
828 1145 986 1192 forma
1021 1145 1306 1210 pingeretur
1342 1161 1533 1208 unaque
1570 1145 1727 1193 deieta
1763 1145 1894 1193 fama
1928 1147 2033 1194 eius

363 1229 415 1273 et
449 1241 554 1272 sors
589 1226 942 1273 restitueretur
988 1225 1149 1272 verior
1196 1224 1499 1288 meliorque!
1561 1225 1683 1274 Nam
1724 1227 1907 1290 probro
1942 1241 2036 1273 no-

363 1303 456 1352 tari
503 1304 682 1368 probos
729 1304 884 1351 multo
928 1305 1131 1351 veritate
1179 1305 1405 1351 miserius
1453 1310 1545 1353 est.
1626 1305 1813 1354 Deinde
1860 1305 2037 1370 patria,

364 1384 559 1443 amicis,
611 1385 832 1448 cognatis
877 1384 1066 1447 privata
1101 1390 1152 1432 et
1184 1385 1232 1431 in
1267 1384 1578 1448 peregrinam
1615 1391 1795 1432 terram
1829 1386 2039 1432 abducta

365 1463 648 1511 servitutem
693 1479 783 1525 pro
831 1463 1061 1510 libertate
1111 1463 1328 1527 accepit:
1387 1463 1516 1511 servi
1577 1465 1707 1511 enim
1750 1466 1940 1512 barbari
1986 1469 2038 1511 et

367 1544 449 1605 qui
491 1544 620 1590 inter
664 1542 900 1588 barbaros
949 1542 1134 1603 degunt
1170 1557 1341 1588 omnes
1378 1548 1491 1589 sunt
1523 1552 1724 1607 praeter
1757 1561 1908 1592 unum
1953 1544 2039 1607 qui

366 1627 555 1686 regnat.
624 1621 753 1670 Tum
791 1621 875 1684 qui
921 1621 1061 1669 unica
1101 1621 1267 1669 suerat
1301 1621 1472 1669 salutis
1508 1639 1623 1687 spes
1659 1623 1919 1672 Menelaus
1955 1639 2040 1671 oc-

369 1701 516 1761 cidit,
563 1702 742 1750 occidit
784 1708 941 1749 mater
974 1701 1276 1766 aegritudine
1312 1701 1570 1756 confecta,
1616 1704 1737 1751 orba
1772 1704 1908 1766 degit
1940 1703 2042 1752 filia

367 1781 641 1831 Hermiona
676 1788 725 1830 et
760 1788 896 1829 caret
930 1781 1067 1840 viro,
1102 1781 1329 1829 obierunt
1365 1782 1617 1829 Dioscuri:
1668 1784 1861 1831 nemine
1894 1783 2043 1848 igitur

370 1863 668 1924 superstite.
721 1863 803 1924 qui
839 1877 900 1909 ex
936 1861 1258 1909 clandestinis
1308 1861 1704 1925 signis'agnitam
1751 1879 1779 1910 a
1823 1862 2043 1911 Pseudo-

369 1940 561 1989 Helena
595 1943 870 1998 discernat,
917 1941 1083 1989 redire
1117 1940 1166 1988 in
1200 1942 1407 2005 patriam
1428 1978 1440 1999 ‚
1487 1943 1681 1989 etiamsi
1717 1943 1902 2007 possit,
1949 1959 2046 1992 non

373 2018 503 2067 licet.
573 2021 741 2069 Solum
777 2022 925 2086 igitur
954 2021 1244 2084 relinquitur
1281 2022 1471 2069 barbari
1507 2021 1671 2069 divitis
1707 2023 1919 2085 quidem,
1955 2022 2044 2071 sed

371 2099 557 2159 odiosi,
595 2102 903 2150 connubium.
972 2100 1196 2149 Praestat
1230 2102 1383 2160 mori,
1434 2100 1520 2148 sed
1558 2101 1794 2161 honeste,
1833 2118 1930 2150 non
1965 2107 2041 2149 te-

372 2193 529 2228 mere.
600 2179 692 2226 His
729 2181 909 2228 auditis
946 2181 1124 2228 chorus
1148 2186 1333 2237 monet,
1371 2196 1433 2227 ne
1462 2181 1661 2227 nimium
1690 2181 1899 2245 hospitis
1925 2181 2044 2228 fidei

373 2257 576 2317 tribuat,
630 2259 718 2305 sed
765 2275 915 2321 quum
963 2257 1097 2306 domi
1141 2258 1321 2304 habeat
1365 2264 1525 2305 vatem
1562 2263 1613 2306 et
1647 2266 1828 2307 certam
1867 2246 1916 2307 et
1950 2259 2044 2324 ipsi

372 2335 689 2396 benevolam,
739 2354 844 2386 eam
895 2337 956 2385 de
1002 2336 1235 2398 coniuge,
1283 2336 1412 2384 sitne
1455 2341 1706 2400 superstes
1754 2354 1810 2386 an
1846 2340 2044 2401 obierit,

376 2417 625 2477 consulat,
675 2424 779 2465 tum
827 2419 1024 2465 demum
1075 2432 1135 2464 ex
1182 2432 1236 2464 re
1282 2416 1537 2464 consilium
1586 2419 1762 2480 capiat.
1829 2418 2043 2468 Proinde

376 2495 553 2543 relicto
589 2498 816 2559 sepulcro
851 2497 1118 2545 Theonoen
1155 2511 1209 2543 se
1243 2497 1507 2544 comitante
1543 2497 1714 2545 adeat:
1757 2497 1883 2546 velle
1918 2499 2045 2547 enim

379 2590 433 2622 se
467 2576 536 2621 illi
570 2576 619 2624 in
657 2577 953 2625 consulenda
986 2577 1173 2638 virgine
1207 2575 1394 2623 adesse.
1465 2577 1574 2637 Quo
1602 2579 1806 2641 probato
1839 2579 2045 2626 consilio

377 2653 569 2702 Helena
603 2656 663 2703 ad
700 2657 950 2705 oraculum
983 2655 1179 2717 virginis
1203 2655 1340 2718 quasi
1374 2656 1435 2703 ad
1468 2663 1653 2704 certam
1689 2664 1901 2706 mortem
1931 2673 2046 2722 pro-

377 2733 619 2784 ficiscitur
666 2741 718 2785 et
762 2736 958 2785 videtur
1007 2736 1101 2783 sibi
1136 2734 1328 2782 victima
1363 2735 1522 2783 tribus
1556 2737 1771 2797 deabus,
1821 2753 1946 2800 quae
1982 2737 2045 2786 de

378 2814 712 2878 pulcritudine
748 2816 1010 2876 certarint,
1056 2820 1106 2862 et
1139 2813 1332 2873 Paridi,
1380 2817 1461 2877 qui
1497 2817 1749 2877 iudicarit,
1801 2817 2047 2865 destinata

383 2908 524 2948 esse.
560 2895 803 2958 simulque
836 2895 1026 2944 formae
1061 2909 1178 2942 suae
1211 2895 1511 2956 praestantia
1547 2897 1731 2944 luctum
1768 2902 1817 2944 et
1849 2895 2045 2943 feminis

380 2969 705 3022 Troianorum
751 2981 803 3023 et
848 2976 1083 3023 matribus
1118 2974 1411 3022 Achivorum
1446 2976 1735 3024 immensum
1772 2975 2045 3038 peperisse.

381 3050 541 3100 Multo
576 3053 724 3116 igitur
756 3054 953 3102 felicior
987 3052 1078 3102 fuit
1112 3052 1313 3102 Callisto
1361 3060 1475 3118 post
1507 3054 1632 3103 Iovis
1668 3049 2044 3122 concubitum*)

440 3179 491 3234 ²⁵)
525 3180 817 3222 scribendum
848 3183 915 3222 est
940 3179 984 3221 in
1012 3193 1055 3222 v.
1083 3178 1180 3221 367.
1214 3177 1388 3237 ἐπέβας
1416 3195 1498 3236 pro
1530 3180 1706 3239 ἐπέβας.
1763 3178 1956 3234 Reliqua
1982 3176 2049 3218 sic

526 3249 793 3307 corrigenda
822 3265 918 3292 esse
950 3263 1128 3292 censeo:

659 3314 689 3362 ἃ
718 3321 875 3378 μορφᾷ
905 3321 1064 3376 θηρῶν
1093 3321 1388 3374 λαχνογυίων,

661 3386 826 3444 ὄμματι
858 3385 1030 3448 λάβρῳ,
1063 3390 1210 3446 σχῆμα
1237 3389 1522 3445 μιαίνεις,

655 3458 918 3513 {gall-vigae?
947 3458 1098 3516 ἄχθεα
1126 3459 1283 3515 λύπης.
