2170 3866
926 306 1052 366 533

121 474 270 527 quam
316 459 378 509 ab
427 457 527 508 ullo
570 457 884 522 intelligente
934 456 1254 506 aestimatore
1305 454 1434 522 legi,
1494 451 1612 517 quin
1653 450 1829 516 qualis

118 539 275 591 fuerit
308 539 474 589 iustus
517 554 766 602 verusque
800 537 924 587 ordo
959 538 1124 586 statim
1173 537 1222 586 ei
1266 536 1320 586 in
1353 539 1572 585 mentem
1618 532 1828 582 veniret.

117 620 319 671 Etenim
354 636 452 670 non
487 619 764 669 sententiae
798 619 965 678 modo,
1003 619 1094 667 sed
1129 617 1277 667 etiam
1303 616 1456 664 verba
1481 614 1674 678 singula
1696 618 1828 662 stro·

59 692 66 696 ’
116 701 330 768 pharum
364 701 594 749 binarum
625 699 758 748 inter
802 714 860 747 se
894 698 1072 747 similia
1106 704 1222 747 sunt
1255 701 1308 746 et
1343 695 1485 761 quasi
1519 710 1582 744 ex
1615 694 1827 743 adverso

117 783 284 849 posita
318 781 415 831 sibi
447 779 772 846 respondent.
839 778 894 829 ln
928 778 1229 842 quibusdam
1263 777 1491 826 versibus
1515 774 1829 825 constituen-

118 864 200 914 dis
243 878 324 911 me
359 877 557 911 errasse
599 859 872 920 confiteor,
925 859 1236 909 commodius
1289 858 1510 923 priorem
1562 855 1827 922 stropham

117 960 235 994 cum
266 941 574 1006 antistropha
608 940 683 988 sic
718 941 986 1004 exaequari
1019 955 1172 1004 posse
1201 939 1512 1004 intelligens:

244 1032 358 1090 στρ.
378 1025 423 1073 1.
458 1016 610 1087 ἄγετέ
642 1035 707 1086 με
739 1017 839 1071 τὰν
862 1012 1026 1071 Ἰλίου

372 1105 421 1153 2.
457 1098 550 1154 καὶ
585 1101 823 1167 Φρυγῶν
856 1097 1156 1151 ἑλέπτολιν·

375 1188 423 1235 3.
459 1181 717 1247 περίβολα
751 1181 930 1234 δίδοτε
966 1181 1268 1248 (πλόκαμος
1301 1177 1411 1244 ὅδε,

373 1268 422 1318 4.
455 1261 832 1332 καταστέφειν)
864 1262 1130 1330 χερνίβων
1159 1278 1218 1314 τε
1250 1259 1441 1327 παγάς.

375 1349 425 1400 5.
463 1342 681 1396 ἑλίσσετ’
715 1343 856 1410 α’μφὶ
879 1343 1029 1395 ’ναὸν

372 1429 422 1476 6.
457 1423 558 1476 τὰν
590 1426 834 1476 ἄνασσαν
854 1418 1105 1491 ’Ἄρτεμιν
1137 1422 1413 1490 μάκαιραν
1430 1435 1444 1450 ·

370 1511 418 1559 ’1.
452 1505 705 1572 εὔδροσοι
736 1505 1002 1572 πατρώϊαι

369 1594 419 1639 8.
454 1585 680 1654 μένουσι
711 1585 949 1654 χέρνιβές
980 1602 1062 1652 με,

372 1672 423 1722 9.
459 1666 533 1729 ὡς
565 1665 798 1732 ἐμοῖσιν,
834 1667 880 1718 εἰ
910 1666 1097 1735 χρεών,
1133 1664 1356 1732 αἵμασιν

340 1752 420 1799 10.
453 1748 665 1815 θύμασί
697 1766 753 1800 τε
784 1748 1013 1816 θέσφατ’
1046 1746 1309 1814 ἐξαμείψω
1325 1747 1396 1812 *).

119 1832 352 1898 ἅντιστρ.
379 1834 426 1880 l.
459 1830 643 1882 ἴδεσθε
673 1828 775 1882 τὰν
797 1823 961 1882 Ἰλίου

375 1914 425 1964 2.
461 1909 552 1965 καὶ
588 1913 829 1978 Φρυγῶν
863 1908 1133 1963 ἑλέπτολιν

374 1996 423 2043 3.
460 1992 794 2060 στείχουσαν,
830 1991 918 2045 ἐπὶ
949 1993 1091 2058 κάρα
1124 1990 1321 2058 στέφεα

371 2075 419 2123 4.
454 2073 799 2142 βαλουμέναν
830 2073 1096 2142 χερνίβων
1131 2090 1188 2125 τε
1220 2072 1412 2140 παγάς,

373 2163 421 2211 5.
457 2155 646 2223 βωμὸν
685 2156 965 2223 διαίμονος
995 2159 1128 2216 θεοῖς

371 2244 420 2290 6.
454 2236 669 2305 ῥανίσιν
704 2235 1119 2304 αἱματορρύτοις
1151 2234 1431 2303 ῥἀνοῦσαν

372 2326 420 2374 ’1.
455 2319 635 2389 εὐφυῆ
670 2336 726 2371 τε
760 2319 1006 2385 σώματος

372 2408 420 2455 8.
456 2399 622 2467 δέρην
655 2399 1063 2467 ἐπισφαγεῖσαν,
1089 2425 1097 2428 -

373 2487 422 2534 9.
456 2481 529 2543 ὥς
564 2482 752 2544 στόλος
786 2482 1012 2549 στρατός
1043 2483 1090 2532 τ’
1116 2475 1345 2547 Ἀχαιῶν
1375 2479 1555 2531 θέλων

335 2565 418 2612 10.
443 2558 605 2615 Ἰλίου
637 2565 773 2631 πρὸς
806 2564 964 2616 πόλιν
998 2563 1252 2629 μολεῖται.
1788 2604 1791 2607 .

118 2645 263 2709 Quae
306 2645 562 2694 restabant
605 2662 698 2712 per
743 2645 946 2695 Dianam
994 2662 1054 2694 ea
1086 2646 1298 2704 ratione,
1343 2657 1440 2706 qua
1484 2641 1821 2708 fragmentum

118 2741 182 2774 ex
215 2724 424 2775 Aeliano
458 2725 774 2792 depromtum
812 2727 1084 2793 significat,
1129 2724 1408 2790 composita
1442 2739 1556 2772 esse
1594 2723 1820 2789 cogitan-

118 2807 238 2856 dum
273 2810 370 2855 est.

172 3010 227 3064 ²¹²)
255 3009 403 3064 Vulgo
434 3006 682 3062 ἐξαλείψω,
724 3010 844 3064 quod
871 3023 1116 3066 quamnam
1153 3010 1348 3053 haberet
1385 3008 1481 3053 vim
1507 3020 1642 3051 nemo
1671 3007 1819 3064 expli-

260 3079 394 3122 cavit.
439 3079 643 3122 Imitatus
672 3080 788 3123 haee
816 3085 884 3124 est
910 3082 1094 3133 Ennius,
1123 3082 1203 3124 sed
1230 3081 1434 3136 liberius,
1462 3083 1511 3122 ut
1527 3081 1655 3123 solet.
1702 3080 1818 3122 Fra-

257 3154 493 3264 }gnelnltgm
528 3152 669 3207 vulgo
706 3153 964 3208 neglectum
992 3156 1139 3196 exstat
1164 3154 1286 3209 apud
1316 3151 1581 3195 Ciceronem
1610 3151 1748 3195 Tusc.
1777 3151 1816 3203 l,

315 3255 327 3276 ‚
461 3253 472 3263 .

367 3325 395 3347 ‚‚
414 3293 476 3336 Ut
506 3293 751 3338 hostium
780 3295 1017 3352 sanguis
1046 3294 1328 3351 sanguine
1357 3293 1635 3338 eliciatur
1663 3290 1815 3336 meo.''
