2170 3866
935 266 1054 323 411

160 415 457 466 tenentibus.
524 415 715 463 Horum
751 414 902 479 igitur
935 413 1194 462 amicitiam
1229 416 1286 460 ut
1320 412 1633 475 quaererent,
1664 407 1834 456 admo-

162 497 330 545 nuisse
366 496 496 544 cives
532 503 702 544 noster
734 496 929 543 videtur
963 492 1318 541 introducendo
1357 491 1573 555 virgines
1609 488 1835 546 Punicas,

162 592 284 640 quas
332 576 470 639 fingit
519 576 759 640 primitias
806 575 1039 622 victoriae
1081 589 1144 621 ex
1191 573 1384 620 civitate
1428 587 1515 618 sua
1550 566 1834 632 delectas*)

161 656 382 719 Delphos
431 657 493 704 ad
556 671 865 703 communem
914 654 1218 702 Graecorum
1268 651 1643 713 Poenorumque
1689 649 1836 696 deum

162 736 454 795 colendum,
491 737 768 783 communia
803 751 943 783 sacra
976 732 1357 782 administranda
1395 730 1659 794 proficisci.
1724 729 1835 778 Hoc

163 816 440 879 significant
474 816 579 863 illa:

292 893 447 947 κοινὰ
479 893 579 960 γὰρ
617 893 789 959 φίλων
823 895 936 960 ἄχη,

293 974 448 1026 κοινὰ
485 975 550 1036 δ’,
591 975 637 1025 εἴ
667 993 716 1025 τι
750 975 1002 1025 πείσεται

293 1054 630 1122 ἑπτάπυργος
664 1055 755 1107 ἅδε
791 1061 874 1121 γᾶ,

297 1140 555 1206 Φοινίσσᾳ
589 1137 747 1204 χώρᾳ,
786 1141 890 1202 φεῦ
927 1139 1047 1200 φεῦ.

291 1221 477 1271 κοινὸν
514 1212 658 1284 αἷμα,
691 1217 844 1269 κοινὰ
876 1213 1025 1267 τέκεα

292 1306 385 1361 τοῖς
417 1299 754 1365 κεραςφόρου
791 1297 1030 1362 πέφυκεν
1064 1296 1212 1359 Ἰοῦς,

293 1369 370 1431 ὧν
403 1379 604 1446 μέτεστί
642 1397 734 1446 μοι
765 1379 963 1430 πόνων.

160 1461 244 1511 Nil
277 1462 452 1522 refert,
490 1463 617 1526 quod
654 1478 750 1510 non
785 1460 1145 1518 Athenienses,
1181 1460 1270 1507 sed
1305 1458 1532 1509 Thebani
1568 1479 1678 1511 cum
1716 1462 1839 1512 Poe-

161 1542 238 1591 nis
287 1544 481 1607 cognati
531 1559 643 1591 esse
679 1541 980 1590 ferebantur.
1063 1538 1342 1587 Poenorum
1378 1548 1538 1589 autem
1575 1543 1840 1591 amicitiam

160 1622 490 1672 Athenienses
534 1625 627 1672 iam
664 1624 712 1671 in
750 1622 917 1672 Sicilia
951 1619 1192 1667 bellantes
1229 1620 1595 1682 quaesiverant3
1632 1623 1717 1670 illo
1753 1640 1839 1672 au-

162 1707 264 1751 tem
300 1710 541 1768 tempore,
579 1719 676 1766 quo
715 1719 797 1761 ea,
833 1717 958 1764 quae
993 1700 1398 1757 commemoravi,
1433 1704 1757 1765 gerebantur,
1793 1704 1840 1752 in

162 1781 425 1831 Persarum
461 1784 618 1831 classe
655 1783 712 1830 ab
748 1782 977 1830 hostibus
1015 1781 1076 1827 ad
1113 1795 1167 1827 se
1201 1780 1541 1830 transferenda
1575 1798 1716 1847 spem
1751 1799 1840 1847 po-

162 1870 335 1911 nentes
368 1863 709 1914 eludebantur.
781 1862 1000 1923 Quorum
1036 1861 1099 1908 de
1134 1862 1313 1908 auxilio
1345 1863 1459 1924 quid
1497 1866 1708 1912 senserit
1741 1864 1840 1913 Eu-

163 1943 381 2006 ripides,
417 1943 684 1991 declaravit
718 1942 767 1991 in
804 1941 1013 1999 Oreste,
1049 1942 1130 1990 ubi
1164 1941 1443 2005 Phrygibus
1477 1944 1570 1991 illis
1606 1945 1842 1994 mollissi-

164 2024 289 2082 mis,
349 2024 706 2089 ignavissimis,
764 2022 1108 2085 perfidissimis
1162 2021 1339 2070 Persas
1388 2024 1655 2088 significari
1712 2027 1843 2077 haud

163 2103 373 2153 difficile
422 2109 499 2152 est
543 2102 910 2164 intellect11**).
993 2102 1142 2150 Plena
1188 2102 1371 2165 leporis
1424 2110 1500 2152 est
1533 2104 1744 2169 Phrygis
1793 2109 1843 2157 in

161 2184 400 2250 fugiendo
449 2182 707 2232 fortissimi
756 2184 970 2232 narratio
1017 2191 1067 2231 et
1100 2184 1321 2231 eiusdem
1370 2200 1479 2232 cum
1526 2184 1707 2235 Oreste
1743 2189 1844 2236 col-

218 2410 268 2464 ss)
298 2411 442 2452 Recte
471 2410 758 2450 Hermannus
787 2408 833 2450 in
860 2408 1050 2463 praefat.
1084 2407 1287 2450 editionis
1315 2410 1483 2452 Phoen.
1512 2426 1556 2465 p.
1582 2412 1699 2453 xm.
1730 2414 1845 2465 „etsi

305 2479 678 2533 saepenumero,''
726 2479 887 2533 inquit,
943 2476 1222 2535 „offugoaima
1262 2480 1487 2534 primitiae
1523 2482 1767 2535 spoliorum
1801 2489 1843 2527 et

307 2549 505 2605 praedae
535 2548 753 2601 dicuntur,
787 2557 934 2591 tamen
957 2551 1037 2590 nec
1059 2550 1240 2603 propria
1260 2551 1374 2592 haec
1396 2556 1461 2592 est
1484 2553 1614 2594 huius
1634 2555 1843 2597 vocabuli

308 2619 579 2675 significatio
618 2624 661 2662 et
697 2619 848 2661 multis
889 2620 1103 2675 exemplis
1144 2626 1312 2662 constat
1347 2622 1524 2674 quasvis
1554 2624 1772 2678 primitias
1801 2629 1844 2668 et

308 2689 522 2745 quidquid
550 2690 594 2732 in
623 2690 774 2745 aliquo
803 2705 987 2732 numero
1017 2690 1443 2745 praestantissimum
1486 2692 1542 2734 sit
1578 2707 1630 2734 eo
1668 2695 1844 2738 nomine

310 2761 546 2815 appellari.
607 2762 761 2816 ltaque
794 2776 927 2815 quum
960 2763 1122 2803 chorus
1151 2776 1198 2803 se
1228 2759 1364 2815 δορὰς
1395 2761 1665 2818 ἀκροθίνιον
1694 2770 1842 2819 vocat,

308 2831 377 2881 id,
410 2831 514 2872 licet
543 2832 755 2888 ambigue
787 2832 953 2874 dictum
981 2833 1060 2879 sit,
1093 2834 1157 2873 sic
1186 2832 1492 2887 accipiendum
1523 2839 1612 2885 est,
1644 2840 1692 2877 ut
1719 2836 1844 2892 Age-

310 2901 494 2943 noridae
537 2916 597 2942 ex
640 2915 775 2944 suae
816 2904 974 2945 urbis
1017 2903 1174 2959 (Tyri)
1214 2902 1534 2959 virginibus
1573 2905 1843 2949 formosissi-

309 2987 407 3015 mas
438 2978 620 3026 propter
647 2979 917 3026 reportatam
948 2974 1142 3028 aliquam
1172 2974 1406 3017 victoriam
1436 2977 1491 3017 de
1519 2977 1671 3027 hoste,
1714 2992 1843 3031 quem

308 3057 393 3084 non
424 3042 669 3083 nominavit
704 3050 859 3097 poeta,
902 3044 1096 3099 Apollini
1125 3045 1289 3086 donum
1316 3046 1492 3088 mittere
1523 3047 1844 3091 decreverint.’'

197 3115 274 3169 *fij
302 3113 420 3154 Vidit
448 3114 535 3153 hoc
558 3113 862 3168 Musgravius,
890 3116 963 3170 qui
994 3116 1050 3157 ad
1080 3129 1119 3156 v.
1145 3115 1268 3156 1369.
1301 3117 1470 3158 haecce
1499 3119 1692 3173 scripsitz
1723 3119 1844 3170 „Mi-

311 3184 431 3225 nime
463 3183 752 3224 dubitandum
783 3191 859 3239 est,
890 3187 995 3240 quin
1024 3192 1157 3240 poeta
1176 3186 1257 3227 sub
1282 3201 1471 3241 persona
1494 3189 1686 3245 Phrygis
1705 3194 1843 3235 totam

308 3255 554 3297 Persarum
594 3258 798 3308 gentem,
843 3270 1119 3298 communem
1163 3256 1381 3299 Graeciae
1419 3260 1615 3306 hostem,
1674 3259 1845 3301 civibus

312 3325 404 3367 suis
446 3323 732 3365 deridendum
765 3327 1003 3381 propinare
1048 3327 1252 3369 voluerit.
1309 3329 1422 3371 Nam
1452 3331 1515 3372 sic
1545 3329 1654 3371 alibi
1681 3330 1845 3371 Persa-

311 3409 426 3508 zum¹
452 3393 633 3507 hlagb'itus
674 3399 717 3437 et
754 3395 950 3441 instituta
991 3398 1250 3454 Phrygibus
1287 3398 1458 3442 tribuit:
1497 3400 1706 3443 Androm.
1746 3397 1843 3443 174.

351 3480 407 3522 yc
429 3495 439 3507 .
526 3464 597 3506 ...”
