2170 3848
957 281 1037 337 79

162 438 351 479 vereon
420 426 547 477 Nam
579 427 731 478 verba
762 428 881 476 dare
916 426 1213 492 Spartanos,
1248 439 1389 489 quam
1424 442 1596 478 revera
1628 426 1824 477 satisfa-

162 523 307 566 cere,
341 507 577 556 maluisse
611 514 812 558 eventus
845 507 1028 556 docuit.
1092 505 1216 553 Nam
1250 521 1398 569 quum
1431 507 1569 555 Nicia
1603 506 1826 572 Spartam

161 587 414 653 profecto,
446 594 502 637 ut
534 589 740 637 remotis
772 585 1048 635 discordiae
1084 585 1272 633 caussis
1302 586 1561 637 amicitiam
1595 589 1826 639 restitue·

161 674 256 731 ret,
289 667 362 716 illi
394 684 478 728 ea,
530 684 654 732 quae
699 669 758 716 ab
792 665 966 730 legatis
1002 680 1170 713 eorum
1205 664 1254 712 in
1290 667 1524 714 concione
1556 667 1826 717 Athenien-

162 749 291 798 sium
325 747 458 796 dicta
489 752 645 802 erant,
678 745 824 793 factis
860 744 1212 793 confirmarunt
1244 761 1403 809 neque
1434 745 1532 793 ulla
1566 762 1622 795 re
1653 747 1828 796 foede-

163 829 231 877 ris
265 828 455 892 legibus
501 825 864 876 satisfecerunt.
933 823 1101 888 ltaque
1148 841 1296 888 quum
1338 824 1504 874 Nicias
1546 826 1727 875 infecta
1771 844 1827 877 re

163 908 383 958 Athenas
401 907 627 964 redisset,
663 905 861 953 etiam
895 905 1095 970 magis
1119 905 1438 968 indignati
1467 906 1827 956 Athenien-

164 1001 299 1046 ses,
335 986 649 1034 continuo
685 1001 818 1033 cum
852 986 1140 1049 Argivis,
1175 986 1282 1049 qui
1318 984 1501 1034 forte
1535 986 1826 1050 aderant,

166 1065 394 1115 foedus
444 1071 504 1113 et
549 1065 935 1114 societatem
987 1072 1257 1114 auctore
1290 1066 1636 1116 Alcibiade
1671 1083 1827 1118 com-

162 1148 541 1209 posuerunt

292 1223 478 1273 Iratum
498 1224 867 1273 Atheniensium
905 1226 1133 1287 animum,
1169 1226 1323 1291 qualis
1350 1226 1435 1274 illo
1461 1231 1686 1291 tempore
1709 1235 1830 1290 erat,

162 1320 259 1370 quo
291 1305 414 1353 laesi
446 1304 666 1353 foederis
692 1309 744 1352 et
771 1306 1103 1370 ambiguitatis
1131 1307 1389 1355 verborum
1414 1306 1831 1359 Lacedaemonios

163 1385 486 1444 accusabant,
539 1390 857 1448 reputanteS,
920 1387 1064 1451 plane
1120 1387 1166 1434 ei
1211 1387 1470 1436 convenire
1518 1388 1832 1453 intelligimus

163 1481 290 1529 quae
311 1464 361 1512 in
374 1464 748 1512 Andromachae
768 1464 929 1514 fabula
942 1466 1197 1530 Spartanis
1215 1467 1569 1532 exprobrantur
1587 1468 1652 1534 (v,
1668 1469 1830 1533 447.):

295 1534 338 1594 ὦ
369 1546 531 1594 πᾶσιν
563 1542 928 1609 ἀνθρώποισιν
961 1542 1194 1611 ἔχθιστοι
1229 1546 1455 1611 βροτῶν,

293 1623 542 1690 Σπάρτης
574 1623 788 1689 ἔνοικοι,
824 1624 975 1676 δόλια
1010 1626 1381 1694 βουλευτήρια,

291 1704 508 1766 ψευδῶν
541 1707 776 1766 ἄνακτες,
812 1704 1219 1772 μηχανοῤῥοὶφοι
1251 1709 1448 1771 κακῶν,

294 1781 468 1836 ἑλικτὰ
501 1785 695 1837 κούδὲν
727 1785 886 1851 ὑγιές,
922 1785 1053 1837 ἀλλὰ
1085 1792 1192 1839 πᾶν
1225 1787 1372 1854 πέριξ

295 1870 640 1931 φρονοῦντες,
676 1865 871 1927 ἀδίκως
904 1867 1150 1934 εὐτυχεῖτ’
1180 1868 1263 1919 ἄν’
1288 1861 1527 1920 Ἑλλάδα.

296 1944 347 1996 τί
381 1946 428 1997 δ’
466 1946 565 1998 οὐκ
599 1945 656 1998 ἐν
689 1947 818 2012 ὑμῖν
852 1946 990 1998 ἐστίν
1001 1969 1022 2008 ,·
1058 1949 1124 2000 οὐ
1156 1951 1389 2000 πλεῖστοι
1422 1950 1582 2015 φόνοι
1591 1970 1612 2011 ,·

297 2026 398 2077 οὐκ
431 2026 841 2094 αἰσχροκερδεῖςς
878 2028 944 2079 οὐ
977 2027 1216 2094 λέγοντες
1247 2033 1379 2082 ἄλλοι
1412 2029 1510 2096 μὲν

285 2106 511 2175 γλώσσῃ,
547 2113 876 2174 φρονοῦντες
911 2110 956 2161 δ’
993 2111 1105 2162 ἄλλ’
1141 2111 1507 2178 ἐφευρίσκεσθ’
1544 2109 1653 2172 οἶείς

163 2186 309 2237 Unde
354 2205 452 2239 non
498 2192 734 2240 absonum
780 2193 876 2241 erit
922 2198 1142 2243 statuere
1184 2196 1311 2244 hanc
1353 2195 1571 2245 fabulam
1616 2209 1676 2242 eo
1722 2193 1832 2258 ipso

162 2273 416 2333 tempore,
458 2286 553 2335 quo
587 2271 673 2319 illa
706 2273 835 2321 inter
866 2272 1285 2324 Lacedaemonios
1319 2279 1469 2340 atque
1502 2273 1831 2325 Athenienses

163 2350 457 2413 agebantur,
506 2351 742 2416 scriptam
789 2359 840 2401 et
873 2353 922 2402 in
967 2354 1163 2404 theatro
1199 2357 1466 2405 exhibitam
1502 2371 1630 2405 esse.
1699 2353 1832 2416 Quid

163 2429 291 2478 enim
339 2431 575 2480 attinebat
621 2431 706 2480 illa
742 2431 996 2496 Spartanis
1044 2435 1306 2498 obiectari,
1352 2437 1447 2485 nisi
1496 2435 1675 2484 civium
1707 2435 1831 2484 iram

162 2508 506 2559 inflammando
543 2511 744 2560 consilia
766 2513 1036 2563 Alcibiadis
1071 2521 1238 2564 noster
1260 2517 1487 2565 adiuvare
1509 2516 1693 2564 vellet‘l
1737 2516 1831 2564 Ac-

165 2588 322 2651 cedit,
369 2592 500 2654 quod
532 2593 682 2640 totius
715 2592 912 2644 fabulae
944 2597 1016 2644 vis
1051 2596 1259 2660 finisque
1294 2612 1354 2645 eo
1388 2597 1544 2658 redit,
1579 2602 1633 2645 ut
1665 2595 1832 2659 perni-

165 2669 345 2718 ciosam
391 2686 504 2720 esse
555 2671 905 2736 Spartanorum
958 2676 1245 2726 societatem
1307 2682 1358 2725 et
1407 2677 1563 2740 pestis
1606 2675 1832 2740 contagio

166 2748 318 2810 magis
351 2750 632 2814 fugiendam
658 2753 958 2803 ostendatur.
1012 2756 1340 2817 Quamobrem
1367 2763 1451 2805 aut
1472 2761 1682 2805 exeunte
1704 2771 1832 2805 anno

164 2829 337 2876 4191110
381 2834 465 2878 aut
498 2831 697 2881 ineunte
731 2835 901 2882 418mo
947 2836 1196 2884 mensibus
1214 2836 1506 2898 Posideone‚
1542 2836 1832 2886 Gamelione

165 2914 248 2956 aut
284 2909 676 2973 Anthesterione‚
711 2915 884 2977 quibus
911 2915 1141 2979 Dionysia
1174 2933 1230 2964 ac
1254 2917 1447 2966 Lenaea
1478 2917 1716 2965 celebrari
1750 2932 1831 2966 so-

166 2986 352 3050 lebant,
398 2989 501 3037 sive
537 2989 614 3038 Ol.
648 2995 730 3055 90,
763 2997 811 3045 2.
850 2995 1239 3045 Andromacham
1276 2996 1470 3045 doctam
1506 3013 1619 3048 esse
1653 3003 1831 3047 statuo.

165 3065 336 3124 Paullo
370 3069 530 3117 serius
563 3071 613 3118 id
645 3071 832 3122 factum
867 3091 979 3122 esse
1015 3076 1291 3125 Boeckhius
1325 3093 1382 3125 ac
1416 3076 1606 3126 Petitus
1643 3083 1831 3126 statue-

165 3151 305 3194 runt:
351 3148 616 3213 significari
650 3152 779 3200 enim
813 3170 955 3203 versu
982 3157 1094 3202 ¹125.
1130 3156 1266 3204 illum
1300 3172 1467 3206 rerum
1499 3162 1699 3219 statum,
1734 3173 1832 3221 quo

164 3223 542 3277 Lacedaemonii
588 3231 794 3293 Argivos
840 3234 1149 3297 invaderent,
1206 3242 1413 3301 propter
1463 3252 1548 3299 ea,
1606 3254 1732 3301 quae
1780 3236 1830 3284 in

166 3303 493 3370 Troezenios,
528 3311 687 3359 socios
723 3326 867 3375 suos,
903 3321 1211 3378 patrassent,
1246 3316 1516 3366 irascentes
1553 3316 1738 3377 (Thuc.
1765 3315 1829 3378 V,

165 3385 245 3433 58.
278 3385 362 3448 Vl,
385 3389 474 3449 7.).
545 3388 728 3439 Verum
763 3396 945 3442 tantam
982 3411 1044 3443 ex
1080 3411 1137 3444 ea
1171 3412 1227 3445 re
1260 3397 1383 3445 iram
1418 3399 1478 3446 ab
1513 3396 1831 3446 Atheniensi-

166 3462 259 3514 bus
306 3473 587 3533 susceptam
630 3485 768 3531 esse,
817 3478 870 3529 ut
927 3474 1216 3537 gravissima
1260 3477 1525 3541 opprobria
1569 3480 1740 3526 noster
1780 3477 1830 3527 in
