2124 3860
944 264 1065 322 313

168 431 197 464 ι
229 411 382 463 Troia
414 415 557 478 capta
590 412 929 478 Agamemnon
965 410 1194 473 adduxit,
1231 410 1459 476 stipatae,
1495 408 1703 459 multum
1738 407 1844 457 dis-

168 499 340 560 crepat
382 495 442 542 ab
478 494 648 541 habitu
684 493 817 542 filiae
850 493 1005 542 servis
1037 492 1158 557 ipsis
1191 492 1482 543 miserioris.
1553 490 1707 540 Cuius
1742 488 1865 551 dis-0

169 574 450 639 crepantiae
496 573 831 623 ostendendae
867 589 1037 637 parum
1073 577 1207 621 esset
1242 571 1470 631 facultas,
1505 571 1598 620 nisi
1633 569 1844 619 diversis

167 654 289 704 locis
325 654 427 703 filia
461 660 608 718 atque
652 660 809 702 mater
839 653 1120 700 habitarent
1166 658 1218 700 et
1261 651 1322 699 ad
1371 651 1667 699 sacrificium
1706 649 1846 699 adul-

169 736 263 783 teri
309 735 548 783 sollemne
582 735 751 799 regina
797 732 1046 796 proficisci
1087 731 1375 796 fingeretur.
1445 731 1724 779 Instituitur
1758 730 1846 779 de-

170 814 285 863 inde
333 830 537 863 natissae
586 814 735 863 dictio
782 829 943 877 neque
988 811 1268 876 inopinata,
1318 828 1464 876 quum
1501 818 1615 876 post
1651 812 1846 874 longum

168 894 478 943 intervallum
511 894 560 942 in
597 901 818 942 mutuum
856 900 1172 956 conspectum
1208 891 1426 940 feminae
1458 892 1727 952 redierint,
1763 908 1849 940 ne-

171 989 266 1037 que
302 989 395 1022 non
432 981 737 1040 opportuna,
785 989 933 1036 quum
988 979 1098 1020 ante
1138 972 1299 1035 ipsum
1352 973 1508 1020 sontis
1555 972 1849 1035 supplicium

171 1053 273 1102 fiat.
342 1053 524 1117 Purgat
569 1070 624 1103 se
675 1054 1066 1118 Clytaemnestra
1102 1052 1323 1101 oratione
1356 1054 1543 1117 optime
1578 1053 1851 1117 composita

171 1135 474 1198 argumentis
518 1141 661 1184 utens
709 1134 974 1198 captiosis,
1025 1134 1201 1197 quibus
1247 1134 1354 1181 iure
1387 1133 1701 1181 interfectum
1739 1148 1853 1182 esse

171 1214 588 1278 Agamemnonem
626 1214 744 1262 satis
779 1216 1088 1278 probaretur,
1125 1213 1166 1260 si
1202 1213 1399 1260 omniuo
1434 1213 1511 1260 ius
1547 1221 1682 1261 esset
1709 1213 1852 1261 semi-

171 1296 248 1343 nis
282 1295 414 1343 viros
448 1293 794 1344 interficiendi.
858 1294 923 1342 At
965 1293 1179 1356 primum
1224 1293 1482 1341 modestae
1517 1299 1595 1340 est
1629 1293 1853 1343 mulieris

171 1373 275 1423 viro
327 1375 516 1438 quidvis
569 1374 873 1434 concedere3
938 1372 1119 1422 deinde
1173 1389 1236 1422 ne
1290 1390 1436 1422 verae
1487 1372 1687 1436 quidem
1741 1378 1856 1424 sunt

173 1470 403 1512 caussae,
445 1470 565 1518 quas
600 1455 679 1503 illa
715 1454 991 1519 praetexit:
1031 1454 1111 1519 qui
1146 1459 1433 1519 praetextus
1471 1455 1758 1503 acutissime
1792 1456 1854 1504 ab

170 1535 372 1583 Electra
405 1542 692 1600 arguuntur,
728 1542 779 1583 et
813 1536 966 1583 solam
1004 1534 1259 1582 libidinem
1298 1551 1524 1583 caussam
1550 1534 1710 1583 fuisse
1737 1551 1855 1584 con-

129 1604 136 1614 ¹
171 1616 300 1678 iugis
334 1615 664 1664 interficiendi
701 1616 1014 1664 documentis
1051 1632 1079 1663 e
1117 1616 1215 1663 vita
1251 1615 1381 1663 illius
1415 1615 1733 1679 moribusque
1766 1632 1855 1679 pe-

172 1697 277 1746 titis
327 1697 548 1744 oratione
591 1703 641 1744 et
687 1696 821 1759 gravi
857 1702 908 1744 et
941 1696 1003 1743 ad
1040 1695 1436 1758 persuadendum
1474 1695 1654 1743 idonea
1689 1704 1858 1744 osten-

174 1775 326 1824 ditur.
396 1775 507 1825 Non
542 1777 702 1824 minus
738 1792 889 1839 saepe
925 1775 1218 1840 Sophocles,
1255 1792 1400 1838 quam
1427 1775 1709 1840 Euripides,
1745 1775 1857 1824 imi-

173 1856 363 1905 tatione
409 1860 489 1903 est
535 1872 655 1904 usus
690 1856 1016 1918 iudiciorum,
1061 1872 1224 1919 neque
1274 1856 1406 1904 idem
1455 1855 1639 1904 indicta
1684 1872 1859 1905 caussa

177 1935 622 2000 Clytaemnestram
660 1936 782 1984 fecit
816 1938 876 1986 ab
905 1936 1105 1984 Electra
1140 1937 1200 1985 ad
1237 1936 1532 2000 supplicium
1559 1937 1701 1984 tradi.
1763 1937 1859 1999 Qui

178 2032 325 2080 qnam
363 2015 570 2064 dramati
606 2016 816 2065 inseruit
851 2018 1212 2065 contentionem
1251 2017 1292 2064 si
1321 2033 1430 2066 cum
1458 2016 1710 2080 Euripidis
1746 2033 1858 2066 ora-

174 2096 390 2145 tionibus
426 2111 720 2160 componas,
757 2097 819 2145 de
853 2098 997 2146 huius
1033 2097 1230 2161 iugenio
1262 2097 1486 2146 iudicare
1521 2097 1714 2145 facilius
1750 2098 1861 2147 erit.

175 2174 411 2239 Diligenti
462 2178 727 2240 subtilique
760 2179 845 2226 hic
880 2178 1034 2226 utitur
1070 2194 1259 2226 morum
1309 2177 1670 2240 descriptione,
1721 2183 1770 2227 et
1801 2178 1861 2226 li-

175 2257 471 2305 neamentis¹
497 2272 643 2320 quam
693 2259 906 2307 maxime
953 2259 1170 2323 propriis
1206 2259 1426 2306 habitum
1464 2259 1736 2305 animorum
1773 2259 1862 2307 de-

175 2344 328 2386 notat.
398 2335 538 2387 Vitas
584 2337 837 2386 hominum
875 2339 1097 2387 studiose
1130 2339 1435 2398 observavit,
1472 2337 1738 2387 affectuum
1776 2354 1862 2386 ua-

176 2422 337 2467 turam
374 2419 572 2483 penitus
606 2419 888 2482 perspexit,
927 2420 1100 2467 aetatis
1137 2420 1402 2482 cuiusque,
1447 2435 1596 2466 sexus
1641 2419 1862 2482 generis-

179 2513 277 2561 que
312 2514 503 2559 mores,
539 2498 730 2561 studia,
781 2500 1058 2548 voluntates
1106 2505 1244 2547 recte
1282 2499 1543 2564 coguovit,
1592 2514 1863 2561 eorumque

178 2577 358 2624 indicia
406 2585 548 2625 acute
583 2580 800 2628 notavit:
849 2581 980 2629 unde
1013 2580 1202 2628 sactum
1239 2586 1331 2632 est.
1367 2585 1420 2626 ut
1453 2579 1513 2626 ad
1551 2578 1864 2642 effingendos

178 2657 405 2706 homiues
451 2658 602 2720 tales,
655 2660 826 2723 quales
871 2677 1047 2709 revera
1082 2665 1221 2716 sunt,
1258 2660 1471 2707 omnium
1509 2660 1722 2706 maxime
1756 2658 1864 2706 ido-

181 2752 305 2786 neus
341 2744 501 2800 esset,
548 2755 674 2803 quae
710 2741 958 2790 subtilitas
1004 2740 1290 2789 imitationis
1338 2746 1388 2787 et
1423 2739 1712 2787 dulcissima
1746 2754 1865 2787 con-

184 2817 534 2881 templantibus
581 2826 631 2867 et
673 2822 933 2870 utilissima
980 2827 1070 2871 est.
1140 2820 1282 2868 Hanc
1318 2820 1466 2883 igitur
1500 2835 1691 2868 morum
1723 2824 1866 2868 nota-

181 2898 370 2947 tionem
406 2914 551 2961 quum
588 2901 778 2963 primus
814 2902 1090 2951 ostenderit
1125 2900 1412 2965 Euripides,
1447 2900 1642 2949 videtur
1677 2900 1868 2963 primus

180 2980 373 3043 poesin,
411 2980 542 3027 sicut
577 2979 809 3031 Socrates
845 2982 1229 3048 philosophiam,
1265 2982 1312 3029 in
1337 2981 1582 3029 domicilia
1612 2980 1868 3029 hominum

182 3064 335 3123 atque
382 3060 431 3106 iu
479 3060 627 3108 vitam
677 3077 986 3112 communem
1035 3062 1373 3111 introduxisse
1417 3067 1469 3110 et
1515 3062 1661 3126 plane
1695 3076 1868 3109 novam

184 3140 434 3188 scribendi
487 3140 612 3188 viam
659 3141 912 3207 ingressus
966 3159 1092 3191 esse.
1180 3142 1280 3192 Sed
1328 3158 1434 3191 eam
1472 3158 1665 3190 morum
1700 3141 1868 3205 vulga-

183 3220 310 3268 rium
362 3221 688 3269 imitationem
725 3223 972 3288 indiguam
1008 3239 1121 3272 esse
1159 3228 1365 3272 censent
1398 3224 1607 3271 heroum
1643 3235 1870 3286 persona.

184 3299 263 3348 Sit
307 3316 427 3350 sane
472 3303 532 3351 ab
579 3301 814 3352 heroibus
848 3304 1036 3365 aliena,
1084 3304 1350 3352 dummodo
1385 3320 1447 3353 ne
1480 3304 1554 3367 is,
1590 3301 1675 3365 qni
1709 3298 1871 3348 homi-

171 3395 272 3428 ·nes
307 3381 452 3439 tales,
488 3382 658 3445 quales
692 3400 867 3433 revera
900 3391 1039 3447 sunt,
1085 3400 1184 3433 non
1219 3384 1390 3448 quales
1426 3385 1617 3449 priores
1651 3379 1872 3430 tradide-

185 3465 324 3524 runt,
367 3461 615 3526 imitetur,
671 3464 882 3515 maxime
928 3471 1188 3530 poetarum
1235 3465 1447 3530 tragicus
1497 3478 1611 3513 esse
1657 3460 1872 3510 desinat.
