2170 3848
894 230 917 248 N

1094 264 1214 321 138

327 409 654 461 delectatione
689 406 1088 473 fruebantur*).''
1157 410 1346 472 Quibus
1381 427 1499 461 cave
1531 414 1716 462 dictum
1757 420 1905 478 putes
1939 415 1990 466 in

326 491 646 539 humanarum
680 503 843 538 rerum
878 489 1150 554 fragilitate
1183 495 1379 540 veteres
1405 493 1721 555 acquievisse.
1787 495 1987 546 Etenim

325 569 486 618 nullae
519 569 577 616 ab
612 568 672 616 iis
708 569 1011 632 compositae
1044 574 1212 617 essent
1245 571 1562 634 tragoediae,
1611 573 1654 620 si
1681 575 1842 622 suavis
1877 575 1988 624 dul-

325 650 494 711 cisque
526 649 585 696 iis
617 647 722 696 visa
756 654 890 696 esset
922 648 1067 697 huius
1102 649 1232 698 vitae
1267 650 1509 710 conditio;
1555 666 1796 715 nunquam
1832 656 1989 704 susti-

321 727 544 777 nuissent
576 727 706 776 viros
740 726 1035 776 fortissimos
1069 727 1240 777 dolore
1274 729 1486 791 fractos,
1521 737 1807 795 gementes,
1843 732 1987 782 lacri-

322 814 540 867 mantes,
590 807 854 866 eiulantes,
906 807 1323 857 immortalitatem
1359 811 1468 874 ipsa
1502 816 1661 859 morte
1695 814 1986 874 quaerentes

322 893 574 952 spectare,
611 885 653 934 si
686 887 927 934 humanae
962 887 1092 935 vitae
1125 889 1383 937 commoda
1414 890 1474 939 iis
1509 890 1822 951 arrisissent3
1864 907 1989 940 nun-

319 983 465 1030 quam
498 965 631 1014 solos
665 965 785 1014 deos
819 966 1059 1015 felicitate
1094 967 1224 1030 frui,
1282 970 1564 1019 mortalium
1597 969 1842 1019 neminem
1876 975 1990 1019 ante

318 1052 530 1096 mortem
565 1046 762 1095 beatum
798 1061 913 1094 esse
946 1047 1201 1107 dixissent,
1238 1048 1332 1096 nisi
1365 1049 1547 1097 fluxam
1583 1054 1729 1114 atque
1762 1050 1987 1113 fragilem

317 1142 432 1175 esse
463 1126 739 1174 divitiarum
774 1132 824 1174 et
856 1125 1046 1174 formae
1079 1127 1282 1192 gloriam
1319 1130 1675 1192 cognovissent.

448 1203 595 1255 Vitae
650 1205 1019 1270 studiorumque
1081 1209 1513 1257 commutationem
1570 1224 1784 1274 poeseos
1827 1224 1986 1273 genus

315 1284 459 1351 plane
493 1285 740 1334 diversum
775 1293 1161 1349 consequeretur
1193 1303 1399 1337 necesse
1431 1287 1543 1336 fnit.
1613 1288 1874 1354 Proprium
1903 1303 1986 1337 re-

315 1363 615 1414 centioribus
664 1364 942 1414 fabularum
988 1383 1143 1431 genus
1192 1374 1270 1417 est
1321 1366 1449 1432 quod
1486 1369 1765 1434 appellatur
1798 1367 1984 1416 Roma-

314 1445 568 1502 nensium‚
619 1449 775 1492 totum
810 1446 859 1493 in
893 1448 1146 1496 sententiis
1180 1447 1510 1512 exponendis,
1557 1448 1607 1497 in
1642 1448 1862 1496 moribus
1897 1463 1984 1496 ex-

314 1525 613 1590 primendis.
660 1523 711 1572 in
757 1525 1142 1590 proprietatibus
1175 1528 1428 1576 hominum
1463 1533 1562 1576 tam
1597 1527 1983 1576 humillimorum

291 1619 459 1669 'quam
505 1603 947 1653 illustrissimorum
994 1606 1363 1666 describendis,
1408 1607 1456 1655 in
1503 1607 1805 1671 quibuslibet
1850 1605 1983 1654 vitae

311 1682 746 1733 consuetudinibus
793 1686 1149 1748 persequendis
1198 1692 1505 1750 occupatum.
1573 1687 1712 1735 Idem
1760 1686 1821 1734 ad
1874 1685 1983 1734 illu·

309 1764 534 1813 strandas
569 1779 650 1811 res
685 1763 1045 1827 conspiratione
1079 1766 1315 1814 bonorum
1347 1765 1621 1829 viriumque
1643 1765 1982 1814 coniunctione

309 1850 505 1908 gestas,
565 1844 627 1891 ad
672 1845 1135 1906 repraesentandam
1182 1845 1393 1894 divinam
1443 1845 1656 1894 virorum
1702 1844 1979 1909 principum

308 1923 572 1984 virtutem,
617 1922 836 1971 irruente
889 1923 1020 1972 mole
1062 1924 1300 1972 malorum
1346 1928 1432 1972 aut
1464 1924 1862 1974 succumbentem
1897 1931 1982 1973 aut

310 2008 651 2069 superantem,
687 2002 888 2050 minime
921 2003 1153 2052 idoneum
1187 2008 1295 2062 est3
1341 2007 1510 2052 contra
1543 2004 1734 2053 nullum
1767 2008 1844 2052 est
1876 2008 1978 2052 tam

309 2083 556 2150 peculiare
589 2081 822 2140 studium,
856 2082 988 2131 nulla
1020 2088 1120 2131 tam
1154 2084 1343 2147 privata
1388 2084 1568 2131 mentis
1594 2083 1817 2131 voluntas
1851 2088 1978 2130 tam-

309 2180 406 2228 que
437 2161 692 2228 singularis
727 2162 994 2223 sententia,
1042 2163 1228 2212 nullum
1273 2168 1374 2211 tam
1419 2162 1678 2226 proprium
1710 2144 1974 2225 ingenium,

308 2243 442 2293 nulla
474 2248 574 2292 tam
609 2242 874 2307 depravata
908 2246 1097 2304 natura,
1132 2242 1255 2291 nulli
1280 2249 1379 2291 tam
1410 2242 1604 2290 alienia
1629 2242 1828 2306 publico
1859 2257 1976 2290 con-

307 2339 455 2373 sensu
487 2337 677 2380 mores,
712 2320 761 2370 in
797 2321 972 2385 quibus
1007 2322 1386 2380 adumbrandis,
1432 2321 1751 2386 depingendis
1787 2320 1977 2370 descri-

307 2403 581 2465 bendisque
614 2417 710 2450 non
746 2403 963 2451 studiose
994 2403 1294 2450 immoretur.
1362 2401 1491 2464 Quin
1525 2401 1674 2450 etiam
1712 2400 1774 2449 ad
1809 2416 1975 2449 remo-

306 2483 549 2539 tissimas,
595 2482 1058 2547 longinquissimas,
1106 2482 1427 2531 alienissimus
1472 2486 1644 2546 gentes
1678 2485 1855 2544 poetae
1885 2495 1978 2529 nos

308 2564 580 2622 abducunt,
630 2562 847 2611 omnium
882 2569 1125 2611 terrarum
1157 2561 1366 2622 incolas,
1414 2562 1629 2610 omnium
1665 2556 1976 2610 saeculorum

307 2659 488 2703 mores,
523 2643 738 2691 omnium
773 2642 1066 2707 populorum
1102 2642 1411 2706 disciplinas,
1447 2640 1663 2690 omnium
1697 2644 1976 2705 temporum

308 2723 618 2772 conditiones
665 2722 881 2771 fideliter
929 2738 1190 2789 expressas
1238 2721 1300 2769 ob
1349 2720 1517 2769 oculos
1551 2724 1767 2784 ponunt,
1814 2734 1976 2782 neque

306 2804 468 2853 solum
532 2819 697 2852 mores
753 2808 805 2852 et
859 2804 1050 2867 ingenia
1101 2802 1382 2862 hominum,
1450 2815 1625 2848 verum
1672 2798 1819 2848 etiam
1871 2813 1974 2858 orn,

307 2884 492 2950 pedeS,
527 2899 726 2943 manus,
758 2884 1011 2944 vestitum,
1046 2897 1206 2945 neque
1238 2881 1412 2928 horum
1446 2884 1667 2936 tantum,
1703 2877 1791 2927 sed
1827 2877 1975 2926 etiam

306 2979 546 3027 equorum
583 2968 634 3011 et
667 2980 858 3021 canum,
893 2963 1108 3026 denique
1139 2962 1357 3009 locorum
1393 2960 1556 3018 situm,
1591 2958 1718 3007 coeli
1739 2957 1976 3016 habitum,

307 3043 559 3103 silvarum,
597 3047 861 3107 pratorum,
897 3044 1107 3092 amnium
1141 3046 1361 3091 naturam
1396 3039 1709 3098 describunt,
1743 3035 1975 3101 quicquid

364 3186 413 3240 Χ)
445 3185 612 3242 „Wirft
647 3184 745 3226 sich
774 3185 853 3226 der
880 3182 1053 3226 Ncuere
1079 3182 1169 3224 fast
1195 3180 1272 3223 bei
1298 3179 1427 3233 jeder
1455 3179 1763 3234 Betrachtung
1788 3177 1857 3236 ins
1883 3175 1975 3218 Un-

449 3255 679 3307 malicho,
717 3268 794 3296 um
823 3256 1011 3307 zuletzt,
1049 3265 1176 3295 wenn
1204 3265 1252 3293 es
1278 3250 1374 3292 ihm
1403 3250 1583 3306 glfickt,
1623 3248 1708 3291 auf
1739 3247 1865 3290 einen
1893 3246 1976 3288 be-

448 3326 716 3368 schriinkten
744 3325 889 3367 Punkt
916 3324 1084 3367 wieder
1109 3321 1514 3372 zurfickzukehren‚
1543 3332 1594 3361 so
1612 3318 1788 3361 ffihlten
1807 3315 1879 3359 dic
1896 3315 1976 3358 Al-

449 3402 523 3439 ten
551 3397 667 3439 ohne
694 3394 905 3438 weiteren
931 3394 1124 3450 Umweg
1150 3391 1351 3449 sogleich
1379 3390 1479 3432 ihre
1507 3388 1681 3446 einzige
1699 3385 1976 3442 Behaglich-

451 3466 542 3511 keit
581 3466 816 3510 iunci-halb
859 3466 939 3508 der
976 3464 1218 3529 lieblichen
1247 3461 1453 3506 Griinzen
1486 3461 1567 3504 der
1593 3459 1785 3503 schonen
1812 3455 1980 3500 welte‘
