2170 3866
908 243 1032 300 439

258 413 322 422 —
487 414 549 423 -—
717 414 784 425 -·
949 390 1077 450 „aed
1109 387 1331 439 Lemnos
1367 390 1438 440 ad
1472 407 1627 440 ames

263 465 331 516 Ut
363 468 587 533 primum
623 467 892 535 dictusque
932 469 1114 528 Thoas,
1144 487 1245 536 per
1279 471 1388 520 tela
1422 488 1702 538 manusque

254 547 531 597 Irruerunt
567 556 885 614 matremque
921 549 1098 602 avidis
1122 551 1443 616 ample-vibus
1477 553 1623 602 ambo

249 627 522 694 Diripiunt
543 631 742 692 flentes
778 630 1086 696 alternaque
1114 638 1332 696 pectora
1366 639 1603 680 mutant”
1636 637 1732 682 etc.

122 707 246 756 Cum
306 708 385 756 his
433 710 648 760 concinit
704 719 908 774 quartus
955 727 1160 773 versus,
1207 712 1291 776 qui
1335 718 1412 761 est
1446 713 1575 776 apud
1611 713 1797 762 Aristo-

120 788 358 852 phanem:

251 865 504 933 περίβαλ’,
537 860 578 918 ὦ
611 865 816 927 τέκνον,
854 867 1063 930 ὠλένας.

120 948 196 996 Ad
231 948 370 1012 signa
401 956 581 1011 autem,
617 966 675 998 ex
702 951 876 1013 quibus
906 951 1034 1000 facta
1068 957 1204 1000 esset
1229 953 1455 1016 cognitio,
1490 957 1627 1002 recte
1652 950 1797 999 Zirn-

120 1027 289 1076 dorfer
321 1027 369 1075 in
406 1029 743 1079 chronol.fab.
766 1030 1003 1096 Eurip.p.
1026 1034 1104 1080 84.
1139 1032 1309 1080 retulit
1344 1048 1542 1081 versum
1578 1031 1795 1080 huncce:

250 1108 453 1171 εὔσημα
490 1106 577 1159 καὶ
611 1114 677 1159 σᾶ
711 1107 798 1160 καὶ
833 1109 1344 1176 κατεσφραγισμένα.

116 1186 290 1250 Neque
334 1189 492 1236 minus
540 1191 716 1253 fragm.
753 1191 835 1240 IX.
885 1193 947 1240 ad
994 1194 1124 1240 hunc
1159 1191 1470 1257 Hypsipylae
1515 1205 1795 1240 sermonem

116 1267 367 1332 pertinere
403 1270 714 1321 manifestum
752 1278 854 1318 est:

247 1347 472 1397 ἄελπτον
505 1348 680 1411 οὐδέν,
716 1348 889 1400 πάντα
923 1348 971 1399 δ’
1007 1346 1229 1412 ἐλπίζειν
1261 1348 1444 1415 χρεών.

246 1425 367 1475 Mox
399 1429 583 1493 gemini
617 1432 825 1491 abeunt,
876 1438 1083 1480 matrem
1132 1433 1182 1480 in
1218 1432 1423 1495 patriam
1458 1424 1792 1491 reducturi*).

113 1506 362 1570 Eurydice
395 1516 592 1567 autem,
629 1517 892 1574 postquam
927 1511 1072 1560 huius
1110 1512 1323 1560 laetitiae
1359 1511 1501 1559 testis
1537 1508 1648 1567 fuit,
1683 1525 1792 1557 rur-

114 1602 198 1635 sus
233 1587 455 1651 indulget
491 1590 650 1638 dolori
685 1590 832 1654 (Stat.
874 1590 957 1652 vl,
995 1591 1320 1655 138—166).
1389 1590 1519 1638 Tum
1553 1588 1792 1653 Amphia-

114 1681 228 1715 raus
274 1674 324 1716 et
368 1674 576 1718 matrem
625 1671 812 1718 solatur
847 1678 897 1719 et
931 1673 1073 1720 ludos
1109 1672 1341 1720 funebres
1377 1670 1495 1719 dicit
1532 1670 1791 1717 instituen-

115 1746 204 1795 dos
239 1763 352 1796 esse
386 1749 431 1796 in
468 1750 753 1797 memoriam
790 1751 1010 1814 pueruli,
1058 1768 1204 1815 quem
1238 1766 1353 1798 mox
1392 1765 1487 1798 non
1524 1748 1791 1813 Ophelten,

114 1827 204 1875 sed
250 1828 606 1876 Archemorum
653 1830 949 1893 appeliatum
999 1831 1059 1877 iri
1095 1828 1444 1892 praedicit**).
1512 1828 1586 1876 Ex
1622 1843 1791 1876 conso-

114 1906 294 1956 latione
328 1907 452 1955 haec
488 1914 619 1969 sunt,
655 1924 779 1971 quae
817 1910 992 1958 Cicero
1030 1910 1203 1957 Latina
1236 1909 1481 1958 reddidit:

253 2030 450 2076 δεκάτου
479 2034 671 2083 πίνακος
694 2029 876 2083 Εὔνεως
903 2033 1202 2090 γεγλυμμένος
1223 2033 1299 2078 καὶ
1331 2032 1470 2087 Θόας,
1502 2028 1583 2081 οὓς
1612 2029 1792 2086 ἐγέννη-

253 2116 329 2146 σεν
357 2101 601 2158 Ὑψιπύλη,
633 2099 1047 2160 ἄναγνωριζόμενοι
1076 2107 1134 2162 τῇ
1167 2105 1303 2162 μητρὶ
1335 2105 1410 2148 καὶ
1439 2101 1541 2158 τὴν
1570 2103 1792 2158 χρυσῆν

256 2171 595 2224 δεικνύντες
648 2170 934 2228 ἄμπελον,
989 2171 1132 2232 ὅπερ
1184 2168 1252 2229 ἤν
1302 2172 1504 2222 αὐτοῖς
1557 2174 1666 2215 τοῦ
1706 2171 1792 2227 γε’-

250 2260 399 2294 νους
429 2243 748 2301 σύμβολον,
779 2245 857 2288 καὶ
889 2244 1107 2302 ῥυόμενοι
1136 2241 1279 2300 αὐτὴν
1311 2242 1389 2288 διὰ
1418 2241 1500 2287 τὸν
1526 2238 1792 2300 Ἀρχεμόρου

251 2314 465 2359 θάνατον
513 2316 594 2369 τῆς
644 2313 751 2372 παρ’
802 2314 1037 2372 Εὐρυδίκῃ
1086 2316 1318 2369 τιμωρίας.
1398 2314 1465 2357 Cf.
1496 2315 1667 2358 Welck.
1702 2315 1732 2356 l.
1762 2314 1791 2355 l.

253 2386 354 2429 Alia
381 2386 511 2442 signa
542 2391 815 2429 commentus
845 2391 911 2429 est
938 2386 1104 2428 Statius
1134 2386 1182 2437 V,
1211 2385 1318 2428 725:

364 2480 416 2487 —
590 2481 631 2487 --
806 2464 847 2499 et
878 2459 1007 2512 signa
1038 2460 1191 2511 Argoa
1217 2457 1378 2498 relictis

363 2526 546 2567 Ensibus
574 2533 700 2581 atque
728 2527 912 2568 humeris
941 2527 1156 2568 amborum
1187 2527 1371 2567 intextus
1402 2526 1541 2566 Iason.

171 2595 223 2650 *)
251 2595 407 2653 Epigr.
439 2596 608 2652 Cyzic.:

365 2669 516 2720 Φαῑνε,
547 2665 689 2718 Θόαν,
721 2664 917 2721 Βάκχοιο
950 2662 1099 2718 φυτὸν
1129 2661 1259 2706 τόδε·
1297 2661 1469 2718 ματέρα
1498 2663 1584 2720 γάρ
1615 2676 1697 2706 σου

444 2733 558 2792 ῥύσῃ
588 2738 671 2780 τοῦ
701 2734 931 2788 θανάτου,
963 2735 1132 2779 οἰκέτιν
1158 2731 1434 2788 ’Τψιπύλαν,

363 2801 393 2848 ἃ
422 2803 503 2849 τὸν
534 2804 614 2849 ἀπ’
639 2805 897 2865 Εὖρυδίκας
927 2806 1025 2861 ἔτλη
1055 2803 1203 2860 χόλον,
1232 2796 1347 2858 η’μος
1376 2798 1630 2860 ’Ἒοῗφοῦθαρ

440 2872 594 2933 ὕδρος,
624 2874 648 2920 d
678 2879 762 2931 γᾶς
788 2877 985 2934 γενέτας,
1017 2874 1180 2920 ὤλεσεν
1207 2870 1492 2932 Ἀρχέμορον·

363 2950 505 3001 στεῖχε
535 2945 586 2990 δὲ
614 2948 691 2991 καὶ
722 2945 776 2991 σύ
808 2946 953 2992 λιπών
982 2945 1236 2997 Ἀσωπίδος,
1268 2940 1422 2999 Εὔνο’,
1458 2942 1675 3001 ἄρουραν,

442 3017 713 3073 γειναμένην
742 3016 863 3072 ἄξων
891 3020 1079 3075 Λῆμνον
1114 3015 1157 3067 ἐς
1186 3013 1407 3072 ἠγαθέην.

144 3088 224 3143 ³*ss)
252 3086 455 3142 Apollod.
479 3089 508 3130 l.
533 3090 591 3130 1.:
623 3086 702 3132 τὸν
732 3089 781 3132 δὲ
810 3091 955 3133 παῖδα
985 3087 1242 3145 Ἀρχέμορον
1271 3084 1500 3138 ἐκάλεσαν,
1530 3084 1574 3128 οἱ
1605 3083 1655 3127 δὲ
1685 3082 1787 3126 ἔθε-

253 3171 338 3202 σαν
368 3154 436 3200 ἒπ’
465 3153 588 3216 αὐτῷ
617 3156 697 3202 τὸν
726 3160 818 3202 τῶν
848 3161 1038 3215 Νεμέων
1060 3157 1229 3214 ἀγῶνα.
1277 3158 1426 3199 Funus
1453 3153 1714 3198 Archemori
1743 3151 1809 3195 in'

253 3227 466 3272 inferiore
497 3229 743 3283 amphorae
772 3237 897 3285 parte
941 3230 1194 3273 ostenditur.
1264 3230 1433 3283 Corpus
1470 3225 1633 3269 mortui
1675 3226 1788 3266 lecto

255 3297 515 3352 impositum
545 3313 706 3341 corona
735 3301 869 3357 myrti
897 3316 924 3344 a
955 3308 1099 3344 matre
1133 3300 1394 3349 decoratum
1436 3299 1594 3340 adsunt
1620 3294 1787 3350 paeda-

257 3382 404 3425 gogus
441 3382 543 3411 cum
582 3369 772 3426 quinque
801 3371 902 3415 aliis
929 3370 1112 3415 famulis
1140 3369 1268 3413 varia
1299 3382 1486 3412 munera
1513 3380 1592 3422 pro
1619 3361 1791 3406 inferiis

256 3438 520 3482 adferentes.
