2170 3866
1193 299 1322 359 47⁰

403 451 518 512 bus,
554 448 715 499 editas
749 448 910 498 fuisse
933 448 1127 514 pridem
1153 449 1460 500 intellectum
1484 455 1564 500 est
1595 467 1626 500 a
1657 451 1775 501 viris
1810 450 1989 512 doctis,
2021 451 2110 516 qui

402 530 521 580 huic
566 528 643 578 rei
692 530 994 579 scrutandae
1042 546 1245 595 operam
1300 529 1624 594 dederunt*).
1707 532 1888 595 Quanti
1937 536 2106 582 autem

403 609 536 659 omni
573 615 803 674 tempore
837 610 1102 658 aestimata
1134 612 1217 668 sit,
1263 611 1362 660 nisi
1397 611 1649 662 diceretur
1682 628 1711 661 a
1745 613 1997 662 veteribus
2034 613 2109 661 in-

401 691 739 754 terpretibus,
786 696 961 756 posset
1006 690 1084 740 vel
1120 690 1238 739 inde
1272 691 1468 757 colligi,
1521 693 1655 756 quod
1691 698 1745 742 et
1779 692 1992 741 eruditis
2027 692 2108 740 le·-

402 771 620 819 ctitando
683 775 732 818 et
791 770 1099 819 multitudini
1163 772 1438 836 spectando
1496 773 1544 820 in
1595 773 1805 822 theatris
1847 771 2109 821 familiaris

403 848 516 899 fuit.
587 849 736 898 Pauci
771 851 901 898 enim
937 856 1055 900 sunt
1089 851 1238 900 huius
1276 853 1508 901 carminis
1545 853 1806 913 versiculi,
1844 868 1970 917 quos
2008 867 2106 900 non

402 930 581 993 aliquis
617 946 815 991 eorum,
867 946 1073 993 qnorum
1112 933 1300 996 scripta
1336 939 1561 993 exstant,
1612 934 1691 983 vel
1727 933 1868 998 operi
1904 948 1994 981 suo
2030 931 2106 981 in-

401 1010 618 1060 texuerit
664 1011 742 1058 vel
787 1011 1025 1060 imitando
1061 1013 1339 1061 reddiderit
1372 1013 1451 1061 vel
1485 1014 1647 1078 aliquo
1683 1014 1833 1062 modo
1867 1027 2108 1077 respexe-

404 1091 487 1151 rit,
525 1105 650 1154 qnos
686 1091 986 1156 scriptorum
1023 1091 1161 1141 locos
1197 1093 1435 1158 singulari
1469 1094 1719 1157 diligentia
1747 1092 2106 1143 Valckenarius

403 1170 644 1220 collectos
672 1172 1045 1234 commentario,
1082 1188 1231 1235 quem
1253 1174 1473 1238 scripsit,
1509 1174 1738 1223 inseruit.
1806 1172 2106 1238 Reprehen-

403 1251 584 1300 derunt
620 1252 861 1315 quaedam
898 1254 1206 1314 grammatici
1235 1253 1573 1315 Alexandrini,
1607 1255 1691 1319 qui
1719 1253 2106 1318 Aristophanem

400 1330 514 1397 plus
549 1346 709 1395 aequo
734 1332 1123 1392 admirabantur,
1157 1332 1205 1380 id
1233 1333 1366 1395 quod
1393 1350 1502 1381 cum
1534 1334 1643 1381 aliis
1666 1349 1724 1381 ex
1748 1333 1973 1398 vestigiis
1998 1338 2108 1382 tum

401 1426 463 1460 ex
498 1411 663 1459 verbis
699 1411 759 1459 ad
803 1428 847 1459 v.
874 1415 1018 1463 15:39.
1059 1412 1258 1476 scriptis
1296 1413 1621 1477 intelligitur:
1644 1405 1820 1472 ’Όλως
1859 1409 1918 1463 ἐν
1945 1415 2108 1462 πᾶσιν

400 1489 700 1555 Εὐριπίδης
745 1491 1078 1556 πτωχοποιός
1111 1490 1242 1555 ἐστι,
1293 1489 1384 1542 καὶ
1427 1495 1532 1543 νῦν
1581 1490 1612 1543 ὁ
1666 1492 1928 1552 Οἰδίπους
1975 1484 2103 1542 οὐδὲ

402 1570 605 1637 ὁδηγὸν
634 1570 778 1637 αὐτῷ
809 1571 909 1636 ἔχει
936 1569 995 1622 ἐν
1020 1577 1086 1638 τῇ
1116 1571 1333 1636 πατρίδι
1360 1573 1453 1636 ὤν,
1480 1571 1613 1623 ἀλλὰ
1635 1572 1800 1637 μόνος
1828 1570 2106 1636 ἐκπορεύε-

399 1669 488 1703 ται
513 1648 709 1703 ἑαυτὸν
734 1651 963 1719 ὁδηγῶν.
1013 1655 1236 1716 Quorum
1265 1656 1612 1704 auctoritatem
1636 1671 1799 1718 neque
1824 1654 2000 1702 Morus
2027 1669 2108 1702 se·-

404 1735 485 1799 qui
508 1735 597 1795 (de
615 1736 734 1783 Eur.
756 1735 942 1786 Phoen.
962 1734 1100 1800 Lips.
1120 1735 1289 1797 1771.)
1311 1751 1471 1798 neque
1500 1735 1560 1782 G.
1575 1735 1889 1783 Hermannns
1916 1733 2106 1794 debuit,

403 1830 613 1878 quorum
637 1815 719 1862 hic
744 1815 1058 1878 vituperandi
1084 1815 1269 1863 libidini
1297 1815 1500 1863 liberius
1527 1815 1749 1864 indulsit.
1789 1814 1897 1862 Non
1921 1814 2110 1862 minore
2155 1807 2163 1815 ⁶

405 1895 536 1959 apud
568 1895 836 1953 Romanos,
874 1911 1018 1959 quam
1049 1897 1179 1959 apud
1208 1896 1447 1953 Graecos,
1484 1895 1580 1943 hoc
1609 1895 1780 1943 drama
1804 1894 1978 1958 gloria,
2019 1894 2108 1942 At-

402 1976 460 2023 tii
490 1975 719 2024 versione
754 1975 1077 2040 divulgatum,
1115 1975 1299 2023 floruit.
1369 1975 1593 2023 Imitatus
1637 1981 1713 2023 est
1748 1975 1878 2022 inter
1901 1973 2108 2022 eosdem

403 2055 592 2105 Statius
634 2061 684 2103 et
731 2054 938 2106 Seneca.
1021 2054 1097 2102 Ex
1153 2055 1548 2111 recentioribus,
1597 2055 1680 2119 qni
1729 2055 1996 2104 honestum
2042 2054 2107 2103 de

405 2134 698 2183 Phoenissis
734 2136 971 2183 iudicium
1008 2135 1253 2191 fecerint,
1290 2135 1415 2183 duos
1450 2136 1606 2184 instar
1642 2136 1859 2183 omnium
1893 2135 2107 2196 nomino,

403 2214 667 2277 Hugonem
707 2215 938 2262 Grotium
983 2221 1036 2263 et
1071 2214 1391 2264 Schillerum.
1464 2215 1684 2276 Quorum
1721 2216 1807 2262 ille
1842 2221 1895 2263 et
1927 2213 2108 2262 Latine

404 2295 554 2344 vertit
589 2300 641 2343 et
676 2295 1040 2359 prolegomenis
1075 2295 1323 2355 instruxit,
1360 2295 1539 2356 quibus
1576 2295 1703 2340 hanc
1733 2295 1969 2358 optimam
1996 2293 2105 2342 Eu·-

402 2376 579 2441 ripidis
601 2374 967 2439 tragoediarum
995 2390 1108 2421 esse
1130 2374 1340 2423 censuit.
1409 2373 1723 2436 „Utraque,''
1759 2373 1935 2436 inquit,
1971 2374 2106 2432 „vir-

401 2460 536 2515 tute,
573 2472 669 2519 qua
705 2459 965 2519 praestare
997 2453 1290 2519 Euripidem
1327 2454 1558 2511 diximuS,
1597 2454 1953 2502 sententiarum
1990 2468 2107 2516 pru-

401 2536 540 2586 denti
586 2536 869 2584 inventione
915 2540 969 2584 et
1014 2534 1063 2583 vi
1110 2535 1464 2583 movendorum
1513 2534 1814 2592 affectuum,
1860 2532 2106 2596 imprimis

403 2616 809 2675 misericordiae,
855 2620 1092 2679 quantum
1126 2615 1214 2664 ille
1249 2615 1373 2664 alios
1408 2614 1580 2671 vincit,
1615 2619 1809 2662 tantum
1844 2611 1952 2660 eIus
1988 2611 2107 2660 alias

403 2696 690 2763 tragoedias
737 2712 765 2744 a
798 2696 1091 2745 Phoenissis
1138 2695 1266 2744 vinci
1313 2699 1367 2744 et
1413 2701 1613 2745 veteres
1657 2692 1819 2743 critici
1848 2695 2021 2740 notant
2054 2694 2108 2740 et

461 2941 511 2996 ᾗ)
550 2940 663 2983 Vide
692 2940 862 2996 Bergk.
893 2938 1120 2994 Aristoph.
1150 2937 1319 2995 fragm.
1354 2953 1398 2994 p.
1429 2936 1527 2980 279.
1546 2968 1558 2989 ,
1601 2935 1891 2979 Welckemm
1928 2948 1974 2989 p.
2003 2931 2103 2975 563.

546 3013 615 3054 De
644 3011 874 3055 Strattidis
904 3010 1072 3066 fiagm.
1101 3009 1207 3052 vide
1239 3010 1429 3051 Casaub.
1460 3009 1518 3052 ad
1557 3008 1717 3050 Athen.
1751 3021 1793 3060 p.
1820 3004 1907 3048 357
1935 3017 2027 3058 seq.
2060 3006 2108 3046 et

547 3083 701 3126 Valck.
744 3082 802 3124 ad
841 3081 1012 3123 Phoen.
1056 3094 1100 3123 v.
1131 3077 1229 3122 463.
1262 3086 1307 3123 et
1336 3079 1435 3123 549.
1495 3081 1669 3122 Harum
1700 3075 2002 3120 imitationum
2027 3074 2106 3116 -al-

544 3156 767 3196 terutram
798 3151 959 3193 Latine
997 3155 1195 3193 verterat
1232 3151 1454 3203 Naevius,
1497 3150 1616 3205 quod
1646 3147 1813 3204 colligo
1848 3160 1902 3188 ex
1935 3143 2103 3200 fragm.

547 3224 670 3278 apud
701 3224 887 3264 Festum
917 3226 1097 3264 servato
1126 3236 1160 3262 s.
1189 3237 1233 3264 v.
1264 3223 1462 3277 scirpus:
1567 3214 1572 3216 ἓ
1799 3213 1802 3215 ’

660 3295 818 3345 „Sume
849 3307 1002 3334 arma:
1035 3293 1121 3334 iam
1150 3299 1193 3334 te
1222 3293 1411 3334 occidam
1440 3293 1567 3333 clava
1595 3288 1807 3344 scirpea.'’

545 3362 659 3408 Vide
688 3364 808 3405 Fest.
841 3363 900 3404 ab
933 3363 1087 3406 Odofr.
1117 3363 1315 3406 Mffllero
1346 3362 1520 3406 editum
1545 3375 1590 3416 p.
1614 3358 1714 3403 330.
1745 3361 1790 3401 et
1818 3354 2035 3399 Bothium
2058 3353 2105 3396 in

549 3439 671 3491 poet.
699 3434 799 3478 Lat.
831 3446 950 3476 scen.
983 3433 1148 3490 fragm.
1179 3448 1221 3489 p.
1251 3432 1321 3477 90.
