2170 3866
954 302 1077 358 407

167 448 405 498 archonte
441 448 612 497 Diocle
638 445 717 498 Ol.
744 450 826 508 92,
852 451 900 497 4.
929 450 1247 496 commissum
1290 466 1403 498 esse
1438 452 1652 499 constat:
1686 450 1843 499 schol.

165 528 330 577 Orest.
367 544 411 577 v,
449 531 570 576 361:
616 526 722 592 πρὸ
757 526 859 593 γὰρ
894 526 1206 591 Διοκλέους,
1256 525 1340 593 ἐφ’
1376 519 1442 579 οὗ
1474 529 1569 580 τὸν
1595 521 1847 596 Ὀρέστην

163 604 380 669 ἐδίδαξε.

235 707 238 710 ’
295 690 368 738 Εο
406 690 558 753 igitur
591 694 817 752 tempore
851 690 993 736 docta
1029 689 1154 737 haec
1191 693 1266 738 est
1302 689 1586 753 tetralogia,
1637 706 1734 752 qno
1781 707 1843 741 ex

160 770 463 836 gravissimis
498 770 858 818 calamitatibus
895 775 1085 818 servata
1119 770 1402 834 respublica
1430 777 1614 818 tantam
1642 787 1702 818 ex
1730 787 1842 819 suc·

161 866 306 899 cessu
353 865 493 914 spem
543 855 840 912 conceperat
874 849 1164 898 devincendi
1198 851 1399 908 hosteS,
1447 857 1500 898 ut
1548 866 1719 912 pacem
1756 867 1842 899 eos

161 931 292 979 ultro
336 935 563 994 petentes
609 930 910 993 repudiaret.
995 930 1088 978 Vix
1135 932 1264 978 enim
1314 930 1415 979 ullo
1467 930 1563 978 alio
1605 931 1842 995 temporis

159 1011 320 1075 spatio
366 1015 448 1058 aut
482 1010 666 1058 maiora
701 1011 895 1058 adierat
941 1011 1107 1058 civitas
1148 1010 1522 1059 Atheniensium
1558 1010 1843 1060 discrimina

162 1095 251 1138 aut
299 1090 578 1156 graviorem
628 1107 769 1153 passa
806 1091 1035 1139 fortunae
1069 1096 1175 1139 erat
1222 1090 1644 1149 vicissitudinem,
1695 1106 1840 1153 quam

160 1170 452 1234 Olympiade
490 1171 571 1218 illa
603 1172 916 1233 nonagesima
951 1172 1182 1219 secunda.
1252 1171 1446 1219 Amissa
1498 1171 1629 1218 enim
1680 1171 1841 1219 classe

158 1266 272 1298 cum
307 1251 556 1308 exercitu,
592 1266 686 1297 non
722 1255 909 1298 tantum
946 1252 995 1299 id
1033 1256 1350 1299 consecutum
1387 1256 1520 1308 erat,
1558 1251 1690 1313 quod
1725 1265 1839 1298 con·

157 1335 441 1378 secuturum
477 1345 589 1376 esse
624 1345 793 1376 omnes
829 1331 1191 1391 praeviderant,
1227 1336 1281 1378 ut
1314 1330 1562 1378 sociorum
1598 1345 1712 1393 pars
1735 1345 1839 1377 ma·

156 1409 288 1457 xima
322 1409 383 1456 ad
419 1409 838 1455 Lacedaemonios
875 1409 1212 1465 descisceret,
1256 1409 1344 1456 sed
1381 1425 1533 1456 novus
1568 1409 1714 1459 etiam
1748 1409 1840 1457 ho-

155 1489 245 1537 stis
282 1489 441 1537 exorti
489 1488 671 1536 Persae
715 1490 892 1551 opibus
928 1490 1030 1537 suis
1067 1490 1419 1553 Spartanorum
1456 1489 1584 1538 vires
1618 1488 1840 1538 adauxe-

155 1573 288 1617 runt.
357 1567 579 1631 Denique
615 1569 775 1616 classe
823 1570 953 1631 apud
1004 1570 1249 1616 Eretriam
1292 1569 1420 1616 victa
1455 1576 1602 1632 atque
1639 1568 1838 1616 Euboea

155 1664 254 1697 non
288 1649 481 1696 minore
517 1664 628 1695 cum
664 1648 977 1707 detrimento,
1022 1665 1167 1710 quam
1204 1648 1476 1696 Siciliensis
1507 1648 1673 1697 clades
1709 1648 1837 1695 intu-

154 1730 302 1790 lerat,
337 1729 534 1786 amissa,
571 1743 662 1791 per
699 1728 851 1775 solam
890 1729 1107 1776 hostium
1145 1729 1419 1776 socordiam
1457 1733 1681 1786 steterat,
1715 1742 1835 1790 quo-

157 1810 320 1858 minus
366 1809 592 1858 Athenae
638 1809 778 1870 ipsae
825 1810 1244 1871 opprimerentur.
1325 1807 1460 1855 Inter
1509 1809 1630 1855 haec
1677 1807 1835 1854 maius

153 1888 336 1936 malum
374 1888 590 1936 existens
626 1888 874 1935 discordia
907 1888 1180 1935 domestica
1205 1889 1253 1936 in
1276 1903 1512 1951 praeceps
1533 1889 1680 1935 dabat
1706 1901 1835 1933 rem-

153 1968 431 2032 publicam,
491 1968 808 2032 optimatibus
857 1969 1087 2030 quidem,
1144 1970 1345 2016 subacto
1402 1968 1583 2031 populo
1630 1967 1833 2025 urbano,

157 2048 365 2096 formam
412 2047 618 2095 civitatis
665 2047 1070 2106 immutantibus,
1122 2048 1344 2096 exercitu
1380 2055 1543 2095 autem
1579 2047 1638 2093 ad
1674 2048 1832 2108 ipsam

152 2129 362 2194 patriam
397 2128 769 2192 expugnandam
818 2127 1278 2190 restitnendnmque
1312 2129 1565 2191 pristinum
1599 2124 1834 2188 reipubli-

154 2225 242 2257 cae
286 2215 470 2257 statum
519 2207 770 2272 proficisci
805 2204 1016 2256 volente.
1083 2206 1159 2254 Ex
1195 2209 1343 2255 tantis
1378 2208 1527 2270 igitur
1560 2209 1832 2268 tempesta-

153 2294 258 2337 tum
296 2288 530 2337 fluctibus
566 2303 725 2349 nuper
758 2292 1035 2335 emerserat
1069 2288 1257 2337 civitas.
1329 2287 1453 2335 Nam
1481 2293 1531 2334 et
1559 2285 1832 2334 domestica

153 2369 281 2417 mala
315 2367 629 2431 aequissimis
665 2367 900 2414 remediis
936 2372 1106 2415 sanata
1142 2376 1282 2415 erant
1316 2372 1367 2415 et
1401 2366 1523 2414 foris
1557 2366 1618 2413 ad
1643 2369 1830 2413 tantam

153 2449 552 2512 desperationem
594 2448 765 2494 hostes
810 2447 995 2504 adacti,
1042 2454 1269 2508 quantam
1307 2447 1551 2509 significat
1585 2444 1827 2491 Laconica

155 2527 240 2574 illa
263 2528 497 2590 epistola:
534 2522 673 2589 ἔῤῥει.
693 2523 758 2576 τὰ
779 2525 929 2587 καλοῖ,
965 2523 1247 2587 Μίνδαρος
1271 2523 1558 2586 ἀπεσσούα,
1582 2522 1829 2573 πεινῶντι

156 2605 398 2671 τῶνδρες,
435 2603 738 2672 ἄπορέομες,
771 2605 821 2656 τί
852 2604 948 2671 χρὴ
985 2604 1134 2668 δρᾶν.

287 2688 479 2735 Horum
514 2674 678 2735 autem
714 2690 928 2736 omnium
950 2725 962 2745 ‚
1000 2702 1320 2751 quaecunque
1356 2702 1443 2749 per
1478 2685 1598 2732 illud
1630 2689 1825 2746 tempus

155 2767 233 2818 vel
282 2767 410 2815 bona
455 2767 837 2817 Atheniensibus
898 2768 975 2815 vel
1033 2767 1153 2814 mala
1207 2767 1513 2824 acciderant,
1564 2770 1733 2811 auctor
1774 2766 1827 2809 et

156 2863 329 2898 caussa
372 2863 484 2894 esse
529 2848 805 2896 Alcibiades
850 2848 1108 2896 videbatur
1150 2852 1201 2893 et
1234 2846 1412 2893 iniuste
1445 2845 1604 2909 patria
1637 2843 1825 2890 eiectus

155 2934 208 2978 et
253 2928 480 2976 omnibus
526 2927 801 2974 rationibus
850 2929 1065 2977 reditum
1116 2942 1371 2989 quaerens.
1441 2925 1659 2972 Primum
1695 2920 1825 2969 enim

156 3008 422 3057 Siciliensis
447 3006 712 3069 expeditio,
749 3008 887 3056 cuius
915 3014 967 3056 ut
993 3014 1161 3056 auctor
1191 3005 1530 3068 suscipiendae
1549 3004 1618 3050 ita
1640 3003 1824 3050 duceni--

155 3091 250 3139 dae
268 3088 402 3136 solus
426 3087 614 3150 peritus
641 3087 818 3145 fuerat,
843 3088 925 3136 illo
947 3090 1006 3136 ab
1033 3085 1240 3149 imperio
1263 3093 1471 3144 remoto,
1494 3088 1720 3132 eventum
1740 3080 1820 3128 ha-

155 3170 262 3218 buit
294 3167 702 3216 infelicissimum.
753 3166 879 3215 Tum
916 3168 975 3215 ad
1002 3165 1414 3214 Lacedaemonios
1448 3163 1702 3229 profectus
1728 3175 1823 3208 non

157 3250 312 3298 solum
349 3248 442 3305 his,
481 3254 532 3294 ut
568 3246 749 3294 bellum
785 3252 1092 3302 renovarent,
1127 3246 1375 3308 persuasit
1412 3243 1742 3303 Deceliaeque
1774 3240 1822 3286 in

158 3329 318 3376 Attica
352 3333 525 3376 auctor
562 3325 653 3372 fuit
686 3328 1001 3383 muniendae,
1054 3327 1141 3374 sed
1176 3325 1337 3372 loniae
1370 3339 1564 3387 quoque
1599 3321 1821 3369 civitates

159 3393 303 3456 utab
340 3406 720 3456 Atheniensibus
768 3407 830 3455 ad
865 3405 1215 3455 Lacedaemios
1260 3420 1316 3452 se
1350 3404 1659 3457 conferrent,
1702 3414 1820 3460 ope-

157 3502 268 3537 ram
301 3487 454 3548 dedit,
489 3493 741 3550 postremo
766 3501 941 3536 novum
967 3487 1064 3535 illis
1086 3486 1284 3534 hostem
1314 3483 1482 3533 effecit
1507 3496 1673 3547 regem
1702 3478 1819 3526 Per-
