2170 3866
1160 241 1285 298 426

473 380 1057 454 '„Minitab2·liter
1115 387 1181 436 in
1198 403 1477 453 crepare
1539 387 1744 438 dictis
1815 391 2041 439 saevis

1188 469 1210 516 i
1227 484 1260 515 n
1277 485 1303 517 c
1320 468 1458 534 ipit
1475 485 1495 516 .·
1903 480 1908 486 ‘

508 545 746 597 Nonne
799 545 957 594 hinc
1005 561 1120 596 vos
1167 564 1457 613 propere
1512 547 1807 597 stabulis
1864 565 2036 599 amo-

1193 628 1212 675 l
1226 628 1247 675 i
1256 645 1304 675 m
1321 628 1341 675 i
1351 643 1385 675 n
1402 628 1423 675 ι’
1433 627 1491 676 2”

375 707 466 756 His
502 706 739 771 expositis
774 705 881 753 sine
914 721 1053 754 mora
1087 707 1258 755 Dirces
1305 708 1441 755 iussu
1477 708 1776 771 protrahitur
1811 707 2035 773 Antiopa.

374 787 603 836 Nascitur
647 785 916 849 paedagogi
961 802 1067 832 cum
1120 788 1288 850 regina
1335 788 1691 846 controversia,
1736 787 1819 835 illo
1865 787 2040 836 bircae

374 866 711 915 crudelitatem
759 867 1086 927 exprobrante
1134 867 1440 930 numinisque
1485 867 1748 915 vindictam
1782 871 1839 915 ut
1871 867 2041 916 timeat

372 950 630 1006 monente,
661 945 755 992 hac
792 944 1077 1007 Antiopam,
1128 947 1256 1008 quod
1293 947 1476 994 libidini
1508 947 1774 1010 prostituta
1807 946 2039 1011 pudicitia

372 1024 649 1089 indulgeat,
687 1023 1019 1071 misericordia
1057 1025 1157 1074 ulla
1199 1026 1395 1089 diguam
1430 1041 1542 1074 esse
1575 1030 1800 1090 negante.
1852 1025 2039 1075 Paeda-

370 1105 483 1170 gogi
516 1104 638 1151 haec
671 1102 898 1151 fuerunt:

499 1180 565 1233 οὐ
599 1181 947 1244 σωφρονίζειν
981 1178 1203 1247 ἔμαθον,
1240 1181 1504 1234 αἰδεῖσθαι
1539 1180 1595 1234 δὲ
1628 1183 1743 1250 χρή,

495 1261 672 1328 γύναι,
708 1258 767 1313 τὸ
801 1261 921 1312 λίαν
955 1262 1042 1314 καὶ
1076 1264 1443 1327 φυλάσσεσθαι
1477 1263 1708 1329 φθόνον.

499 1421 596 1488 τήν
629 1438 714 1471 τοι
746 1420 919 1487 Δίκην
951 1421 1165 1487 λέγουσι
1198 1423 1341 1474 παῖδ’
1377 1417 1528 1474 εἶναι
1547 1423 1683 1483 Διὸς

497 1500 653 1567 ἐγγύς
684 1518 739 1551 τε
772 1501 939 1551 ναίειν
971 1505 1064 1570 τῆς
1096 1503 1307 1568 βροτῶν
1338 1502 1587 1569 τιμωρίας
1604 1506 1672 1570 *).

370 1582 549 1634 Dircae
581 1589 746 1632 autem
783 1583 905 1632 haec
940 1592 1194 1633 servantur
1237 1586 1413 1634 verba:
1712 1648 1715 1653 Ι

499 1661 544 1712 εἰ
570 1665 703 1721 νοῦς
735 1659 934 1713 ἔνεστιν
965 1691 1059 1723 —,
1095 1662 1139 1713 εἰ
1171 1662 1227 1714 δὲ
1261 1664 1350 1730 μή,
1382 1663 1433 1715 τί
1465 1663 1548 1715 δεῖ
1575 1665 1737 1731 καλῆς

497 1742 764 1809 γυναικός,
799 1742 845 1794 εἰ
877 1740 949 1810 μὴ
983 1742 1076 1804 τὰς
1107 1743 1307 1810 φρένας
1340 1743 1563 1811 χρηστὰς
1592 1743 1726 1811 ἔχοις

366 1823 537 1888 Itaque
570 1825 687 1874 nihil
722 1841 899 1873 curans
934 1827 1063 1874 senis
1092 1827 1169 1875 vel
1204 1827 1560 1875 admonitiones
1585 1827 1662 1874 vel
1683 1825 2034 1876 obtestationes

367 1905 590 1968 protinus
626 1904 883 1954 mulierem
919 1906 1054 1955 iubet
1088 1907 1148 1955 ad
1185 1908 1479 1971 supplicium
1516 1906 1655 1971 rapi:

494 1984 782 2049 „Agite‚
835 1986 952 2047 ite,
999 1988 1294 2046 volvite,
1343 1988 1603 2053 rapite,
1659 2001 1836 2035 coma
1884 1991 2032 2034 tra-

1185 2073 1376 2115 ctate
1420 2082 1542 2132 per
1580 2060 1824 2131 aspera
1870 2080 2036 2115 saxa

1189 2153 1249 2195 et
1291 2147 1581 2195 humum!

495 2223 824 2274 scindite
865 2231 1115 2274 vestem
1159 2226 1382 2274 ocius!
1440 2227 1771 2273 cervicum
1813 2224 2033 2287 sloros
2089 2269 2091 2272 .

1158 2303 1582 2368 ,dispergite
1624 2298 2000 2364 crines**).”

495 2382 634 2444 Quae
668 2384 785 2432 dum
821 2383 1154 2440 abstrahitur,
1194 2383 1374 2430 chorus
1409 2382 1735 2430 vociferatur:
1770 2396 1866 2444 quo
1901 2382 2034 2430 exci-

366 2463 456 2512 tati
491 2463 704 2511 clamore
732 2464 936 2528 gemini,
987 2480 1098 2510 cum
1140 2462 1274 2510 forte
1308 2479 1337 2510 e
1368 2468 1545 2510 venatu
1578 2461 1825 2522 redirent,
1865 2460 1926 2509 ad
1959 2461 2034 2510 fe·-

366 2543 571 2592 rendum
616 2543 849 2591 auxilium
898 2543 1186 2592 festinantes
1220 2547 1492 2590 accurrunt.
1563 2541 1782 2605 Cogente
1814 2541 2035 2589 necessi-

366 2628 494 2683 tate,
547 2623 706 2686 aperit
749 2624 1062 2688 paedagogus
1111 2637 1235 2684 quae
1279 2621 1636 2680 occultaverat,
1682 2626 1889 2668 matrem
1934 2620 2035 2669 illis

367 2719 480 2752 esse
528 2719 651 2765 quae
698 2703 759 2750 ad
810 2703 1052 2766 supplicia
1095 2698 1502 2765 raperetur***).
1582 2699 1839 2748 Silentium
1886 2716 2035 2749 excu-

366 2798 479 2831 sans
513 2783 697 2830 haecce
735 2781 882 2830 dicit:

423 2936 469 2989 ²⁶)
499 2936 584 2978 His
619 2936 663 2976 in
697 2935 882 2977 Stobaei
910 2934 1037 2977 libris
1068 2932 1404 2975 Andromachae
1445 2947 1605 2974 nomen
1641 2930 1912 2985 adscriptum
1942 2936 2033 2983 est3

503 3006 674 3061 Musgr.
707 3010 858 3046 autem
887 3006 945 3046 ad
973 3003 1299 3047 Andromedam
1330 3003 1579 3054 referebat3
1623 3002 1679 3043 cf.
1710 3002 1869 3043 Matth.
1893 3016 1935 3055 p.
1963 3000 2031 3043 57.

507 3078 551 3116 et
581 3074 860 3116 Schneidew.
886 3074 1013 3117 conii.
1039 3073 1150 3116 critt.
1178 3088 1220 3127 p.
1250 3071 1319 3114 96.

395 3144 471 3198 W)
510 3143 621 3185 Vide
655 3144 867 3188 Bothium
897 3146 1062 3202 fragm.
1086 3144 1169 3187 inc.
1192 3140 1261 3184 34.
1295 3158 1335 3197 p.
1360 3141 1457 3184 153.
1488 3145 1530 3184 et
1560 3141 1748 3183 eundem
1774 3137 1937 3196 fragm.
1963 3139 2031 3180 1⁰.

541 3246 551 3255 .
589 3213 614 3254 1
645 3212 685 3256 4.

369 3286 473 3341 Ίιςὸ*Ὃ
502 3215 693 3341 Ildygiim
713 3285 813 3338 „lbi
833 3284 1071 3338 Antiopam
1091 3285 1313 3337 repertam
1338 3283 1394 3323 ad
1415 3285 1605 3323 mortem
1629 3279 1902 3322 extrahebat.
1947 3279 2036 3322 Sed

508 3357 566 3398 ab
603 3357 842 3398 educatore
871 3360 1050 3409 pastore
1083 3354 1386 3396 adolescentes
1414 3352 1623 3394 certiores
1655 3349 1763 3392 facti
1801 3362 1901 3390 eam
1939 3361 2035 3391 esse

510 3430 699 3469 matrem
728 3438 870 3478 suam,
902 3408 1107 3469 celerit‘er
1134 3422 1356 3465 consecuti
1383 3426 1573 3465 matrem
1600 3419 1894 3476 eripuerunt.''
