2170 3866
895 252 1022 312 479

114 407 381 473 videtur*)
429 411 484 457 et
520 404 699 470 fugare
730 401 933 454 tandem
966 418 998 452 e
1032 402 1308 464 conspectu
1343 403 1570 448 monstra
1601 395 1821 463 Apollini

113 489 329 542 inimica.
398 487 532 538 Tum
583 487 647 536 ad
698 484 960 533 sanitatem
1009 481 1142 532 redit
1177 479 1415 528 anhelans
1449 494 1725 544 rursusque
1757 493 1823 528 ex

112 574 421 636 tempestate
456 568 778 617 serenitatem
816 563 998 628 aspicit
1014 560 1125 623 **);
1172 568 1444 625 conspecto
1486 559 1644 624 igitur
1675 574 1822 609 moe-

116 668 232 701 rore
268 651 455 699 sororis
493 648 778 698 consolatur
813 661 922 693 eam
958 641 1238 691 mitissimis
1273 641 1466 701 verbis,
1500 644 1705 689 accusat
1731 656 1820 689 au·-

114 739 218 783 tem
257 731 554 795 Apollinem,
592 728 741 792 quod,
780 741 933 790 quum
970 724 1265 773 exhortatus
1301 721 1369 770 sit
1402 721 1464 770 ad
1500 720 1693 770 facinus
1728 721 1822 770 im-

120 813 259 879 pium
290 812 603 876 patrandum,
631 806 796 856 verbis
825 805 1127 874 consoletur,
1150 818 1248 852 non
1279 802 1447 852 factis.
1508 802 1577 850 Et
1596 802 1824 866 poenitet

120 910 237 944 eum
275 891 426 940 facti:
477 889 703 939 arbitrari
737 903 808 946 se,
845 887 928 945 ait,
969 891 1176 949 patrem,
1211 883 1255 933 si
1291 900 1458 932 coram
1492 883 1636 932 illum
1669 883 1824 932 inter-

117 977 380 1039 rogasset,
416 975 619 1020 essetne
651 975 810 1017 mater
845 966 1225 1028 interficienda,
1262 965 1429 1014 multis
1464 964 1698 1029 precibus
1734 965 1825 1014 ob-

119 1059 431 1104 secraturum
467 1051 656 1112 fuisse,
708 1065 772 1098 ne
805 1049 855 1097 in
892 1047 1068 1096 matris
1103 1046 1326 1110 iugulum
1362 1046 1553 1095 ferrum
1587 1045 1823 1095 demitte-

119 1139 214 1194 ret,
249 1133 494 1196 siquidem
530 1147 690 1195 neque
718 1130 804 1179 ille
828 1129 988 1177 lucem
1010 1135 1396 1191 recuperaturus
1422 1133 1472 1175 et
1494 1128 1605 1190 ipse
1631 1126 1822 1176 haecce

120 1215 251 1264 mala
275 1213 575 1262 toleraturus
601 1217 753 1260 esset.
822 1209 1214 1273 „Quamobrem,
1248 1207 1425 1270 inquit,
1462 1222 1624 1266 soror,
1659 1206 1828 1257 revela

122 1300 303 1359 caput,
355 1293 498 1341 mitte
551 1292 806 1347 lacrimas,
859 1288 1082 1353 quamvis
1136 1288 1294 1335 simus
1344 1286 1534 1334 miseri.
1617 1287 1830 1350 Quando

123 1391 217 1442 ego
250 1375 302 1423 in
335 1372 573 1421 insaniam
609 1370 792 1431 incido,
829 1376 884 1418 tu
919 1368 1015 1416 me‘
1036 1382 1306 1432 compesce
1342 1373 1393 1416 et
1434 1367 1636 1432 mitiga,
1680 1368 1828 1417 vicis-

121 1457 318 1519 simque
351 1468 447 1518 ego
482 1458 533 1500 te
568 1451 821 1500 dolentem
859 1449 1168 1498 consolabor.
1236 1449 1319 1504 At,
1356 1465 1386 1497 o
1422 1449 1622 1509 misera,
1655 1449 1704 1497 in
1735 1449 1829 1497 do-

121 1552 256 1587 mum
291 1535 520 1598 ingressa
556 1547 759 1591 somno,
812 1531 923 1579 cibo
961 1534 1010 1578 et
1045 1528 1242 1577 lavacro
1278 1544 1462 1594 corpus
1498 1529 1680 1578 refice:
1715 1545 1830 1579 nam

122 1617 167 1667 si
199 1616 405 1665 deficias
440 1613 758 1671 assiduitate,
794 1611 1061 1674 periimus:
1099 1614 1149 1656 te
1185 1610 1313 1657 enim
1351 1610 1505 1658 solam
1528 1609 1832 1676 adiutricem

121 1698 312 1757 habeo,
359 1712 389 1744 a
422 1694 626 1756 reliquis
661 1686 986 1740 destitutus.''
1057 1688 1354 1753 Respondet
1388 1706 1534 1738 soror
1580 1707 1693 1740 cum
1727 1691 1831 1740 fra-

125 1784 206 1828 tre
257 1792 316 1825 se
360 1778 414 1824 et
460 1775 629 1822 vivere
675 1778 728 1821 et
773 1771 900 1819 mori
946 1770 1090 1819 velle.
1169 1769 1411 1819 Ceterum
1457 1786 1652 1820 morem
1701 1773 1834 1837 gerit

125 1856 381 1916 suadenti,
418 1855 510 1903 sed
546 1859 742 1911 monet,
786 1858 841 1899 ut
873 1851 1071 1899 interim
1106 1850 1156 1898 in
1192 1850 1324 1899 lecto
1358 1856 1557 1900 maneat
1589 1852 1832 1917 tranquil-

125 1940 221 2000 lus,
257 1936 454 1987 etiamsi
490 1935 655 1984 minus
689 1937 943 1998 aegrotet:
980 1932 1153 1998 augeri
1188 1932 1319 1982 enim
1349 1932 1597 1998 morbum,
1633 1935 1676 1983 si
1709 1950 1832 2000 neg-

125 2022 307 2086 ligatur
319 2015 451 2080 ***).

181 2217 233 2273 ²⁸²)
272 2212 424 2259 Oresti
459 2210 747 2254 tribuendum
787 2222 885 2251 esse
924 2222 1108 2252 versum
1144 2208 1256 2251 261:
1294 2205 1569 2265 βεβλήσεταί
1608 2227 1678 2262 τις
1705 2213 1836 2258 θεῶν

268 2284 492 2343 βροτησίᾳ
520 2282 628 2339 χερί,
659 2280 792 2323 (locui
821 2280 867 2322 in
896 2280 1090 2334 praefat.
1122 2281 1180 2322 ad
1210 2281 1360 2337 Iphig.
1391 2281 1490 2324 Aul.
1521 2286 1575 2337 p.'
1597 2281 1667 2326 28.

130 2349 235 2414 ”**)
263 2357 460 2400 Multum
500 2352 675 2395 derisus
716 2355 785 2393 est
815 2352 1110 2407 Hegelochus
1150 2350 1312 2393 histrio
1351 2353 1410 2395 ab
1449 2353 1752 2410 Aristophane
1790 2359 1836 2400 et

268 2425 486 2472 Strattide
516 2422 701 2466 comicis
731 2426 987 2478 propterea,
1019 2423 1140 2477 quod
1168 2423 1314 2478 γαλῆν
1333 2438 1416 2478 pro
1440 2424 1617 2481 γαληνά
1638 2441 1837 2481 pronun-

270 2497 489 2541 tiaverat:
524 2509 713 2549 quorum
742 2493 818 2535 hic
837 2494 883 2535 in
911 2492 1341 2551 Ἀνθρωπορῥαίστῃ
1372 2496 1617 2550 scripserat
1636 2498 1833 2542 haecce:

382 2565 479 2609 Καὶ
508 2566 601 2607 τῶν
629 2563 712 2620 μὲν
742 2562 892 2606 ἄλλων
923 2561 1013 2607 ου’κ-
1041 2562 1226 2619 ἐμέλησέ
1254 2580 1335 2618 μοι
1363 2567 1530 2620 μελῶν,

384 2631 649 2693 Εὐριπίδου
680 2633 731 2679 δὲ
765 2635 958 2692 δρᾶμα
989 2635 1371 2688 δεξιώτατον

382 2703 632 2760 Διὲκναισ’,
661 2703 848 2764 Ὀρέστῃ
877 2703 1118 2761 “Ηγε’λοχον
1149 2702 1231 2749 τὸν
1259 2705 1502 2765 Κινυοὶρου

383 2776 760 2834 Μισθωσάμενος
790 2775 847 2820 τὰ
877 2778 1042 2835 πρῶτα
1071 2778 1163 2820 τῶν
1194 2776 1319 2821 ἐπῶν
1348 2777 1507 2835 λέγειν.

384 2871 443 2881 -—
559 2874 610 2880 -
726 2871 956 2881 ———-
1072 2873 1123 2880 -ιι
1241 2873 1296 2881 -ι
1411 2874 1469 2882 --

388 2922 475 2963 ποῖ
500 2922 588 2962 ποῖ
611 2919 759 2974 γαλῆν
789 2916 907 2976 ὁρῶς
940 2920 1024 2963 ποῖ
1053 2921 1151 2971 ποῖ,
1180 2917 1300 2978 πρὸς
1327 2921 1422 2965 τῶν
1451 2921 1598 2972 θεῶν,

386 2990 535 3046 γαλῆν
563 2989 765 3044 γαληνοές

276 3062 392 3107 ltem
422 3061 675 3118 Sannyrion
706 3060 751 3103 in
782 3061 938 3104 Danae
968 3064 1183 3116 posuerat
1211 3062 1356 3105 haec:

389 3133 472 3182 Τίς
502 3126 562 3175 ἄν
591 3128 835 3186 γενόμενος
865 3132 929 3182 εἰς
961 3129 1086 3188 ὀπήν
1118 3129 1397 3190 ἐνδύσομαι;

392 3197 510 3259 §Di-²92
543 3203 586 3246 εἰ
611 3203 828 3258 γενοίμην
886 3225 941 3235 -
1002 3227 1054 3233 -
1113 3205 1260 3260 γαλῆ,·

382 3267 487 3316 Ἀλλ’
514 3271 754 3329 Ἡγέλοχός
781 3289 837 3329 με
866 3270 1110 3329 μηνύσειεν
1140 3271 1164 3317 ὁ
1196 3271 1438 3333 τραγικός·

386 3339 691 3401 Ἄνακράγοιτ’
722 3339 781 3388 ἄν
812 3337 948 3394 οὗτος
979 3345 1044 3394 εἰς
1073 3342 1270 3402 ἐχθρούς
1299 3345 1434 3403 μέγα·

385 3412 495 3469 ,,Ἐκ
521 3414 741 3471 κυμάτων
767 3411 857 3474 ’γὰρ
887 3407 1032 3467 αὖθις
1064 3408 1128 3460 ocv'
1153 3417 1300 3474 γαλῆν
1330 3412 1471 3475 ὁρῶ.”

134 3486 245 3543 ***)
273 3485 482 3542 κάματος
510 3487 747 3545 βροτοῖσιν
785 3484 812 3543 ἦ
842 3482 1032 3542 ἀμέλεια
1060 3487 1280 3543 γίγνεται.
1336 3488 1449 3532 Vide
1490 3483 1668 3530 scholia
1696 3484 1755 3529 ad
1785 3498 1828 3528 v.

274 3557 373 3601 3⁰4.
403 3563 513 3602 extr.
