2170 3848
1126 229 1244 284 124

352 374 487 440 puit,
538 372 710 437 quibus
755 375 919 419 tectus
963 376 1099 421 stans
1142 374 1192 422 in
1237 390 1320 422 ara
1369 374 1633 425 fortissime
1681 394 1738 428 se
1770 379 2008 430 defendit.

354 454 512 515 Quum
547 450 854 501 multitudine
887 468 1154 516 oppressus
1181 452 1301 500 nihil
1327 453 1604 517 proficeret,
1637 459 1812 509 relicto
1849 460 2007 522 altari,

353 531 483 579 saltu
533 528 712 579 Troico
754 532 802 578 in
849 532 1038 580 medios
1071 533 1242 580 hostes
1276 533 1491 592 insiluit,
1537 534 1623 596 qui
1671 539 2006 589 columbarum

352 609 532 669 instar,
565 609 668 657 viso
700 610 964 674 accipitre,
999 611 1048 659 in
1082 611 1245 674 fugam
1283 627 1338 659 se
1371 613 1718 675 coniecerunt,
1751 619 2006 683 multique,

352 705 465 737 cum
508 688 602 737 sibi
653 690 747 754 ipsi
802 690 1061 738 officerent
1119 691 1169 739 in
1214 697 1419 756 angusto
1473 693 1633 755 exitu,
1707 696 2009 749 interierunt.
2056 694 2066 703 ⁴

350 767 549 832 Iamque
564 767 933 832 Neoptolemus,
960 769 1225 834 splendidis
1254 771 1423 819 lucens
1448 773 1612 835 armiS,
1640 775 1838 837 vicerat,
1862 792 2009 840 quum

351 848 475 896 deus
526 863 647 895 voce
691 864 751 896 ex
804 849 953 911 adyto
1001 848 1153 897 missa
1199 850 1369 899 hostes
1426 852 1587 901 denuo
1635 853 1867 904 incitavit.
1936 855 2010 904 Ibi

350 926 704 991 Neoptolemus
738 927 899 991 gladio
933 943 1197 991 percussus
1232 946 1260 976 a
1295 930 1504 994 quodam
1541 931 1891 997 Delphicorum
1927 950 2011 984 ce-

351 1006 487 1067 cidit,
519 1006 783 1069 iacensque
818 1008 976 1055 saevis
1011 1007 1290 1056 vulneribus
1322 1013 1427 1058 toto
1455 1027 1660 1075 corpore
1685 1013 1893 1064 laniatus
1917 1020 2011 1063 est.

350 1085 435 1134 Sic
481 1084 805 1133 deformatum
853 1101 1031 1150 corpus
1092 1092 1231 1136 extra
1286 1089 1525 1153 templum
1583 1092 1857 1155 proiectum
1911 1098 2009 1152 est,

349 1164 481 1214 unde
515 1164 758 1213 sublatum
795 1163 965 1213 famuli
1000 1165 1261 1229 lugendum
1298 1167 1448 1217 Peleo
1484 1170 1681 1219 domum
1716 1172 2007 1222 retulerunt.

350 1244 531 1293 Statim
565 1244 657 1292 hac
690 1245 970 1293 narratione
1004 1245 1142 1293 finita
1169 1247 1374 1296 cadaver
1414 1256 1704 1313 apportatur
1736 1250 2011 1301 flebilibus-

350 1341 446 1389 que
493 1324 720 1372 lamentis
767 1340 794 1371 a
841 1323 992 1373 Peleo
1041 1326 1300 1391 excipitur.
1368 1326 1606 1378 Videmus
1653 1330 1804 1393 igitur
1837 1347 2007 1381 senem

349 1404 591 1468 quondam
628 1403 833 1468 opibus,
869 1404 1022 1468 gloria
1055 1421 1218 1454 rerum
1252 1412 1522 1470 gestarum,
1557 1409 1797 1459 felicitate
1827 1411 2010 1460 floren-

349 1492 478 1544 tem,
515 1484 758 1546 quondam
792 1484 954 1531 divina
988 1485 1194 1550 coniuge
1228 1486 1507 1550 dignatum,
1542 1487 1723 1538 Troiae
1757 1506 2010 1554 expugna-

349 1565 469 1613 toris
501 1569 709 1628 patrem,
744 1563 873 1610 hunc
905 1564 1052 1626 igitur
1076 1565 1295 1614 videmus
1320 1567 1510 1628 orbum,
1545 1568 1839 1627 desolatum,
1873 1570 2012 1618 ruina

349 1645 526 1693 domus
561 1658 680 1690 suae
714 1657 1019 1705 oppressum.
1084 1644 1163 1691 Ad
1197 1644 1327 1692 hunc
1363 1652 1587 1696 eventum
1623 1650 1681 1698 ab
1720 1649 1863 1697 initio
1897 1664 2010 1697 cur-

349 1739 458 1773 sum
491 1722 674 1771 direxit
705 1720 981 1784 Euripides.
1049 1722 1393 1785 Quamobrem,
1430 1726 1472 1773 si
1503 1728 1673 1790 utique
1705 1744 1829 1776 unus
1862 1729 2011 1776 homo

348 1819 440 1868 pro
476 1801 636 1866 capite
669 1816 862 1862 rerum,
911 1802 972 1849 ad
1006 1801 1136 1864 quod
1171 1803 1332 1850 omnia
1373 1803 1708 1868 referrentur,
1754 1807 2011 1857 habendus

351 1887 518 1943 esset,
553 1880 1085 1946 Peleumohunctesse,
1120 1897 1217 1929 non
1250 1882 1650 1946 Andromachen,
1687 1902 1845 1951 neque
1879 1887 2010 1936 Her-

349 1963 560 2022 mionen,
594 1974 798 2008 necesse
831 1963 980 2008 esset.
1045 1959 1122 2007 Ad
1155 1976 1300 2023 quem
1337 1964 1686 2013 consolandum
1731 1967 1896 2030 deque
1929 1966 2010 2014 fn-

348 2042 473 2091 turis
507 2038 779 2089 docendum
815 2037 992 2087 Thetis
1024 2039 1175 2087 venit.
1243 2041 1382 2090 Haec
1415 2042 1554 2091 iubet
1588 2059 1765 2107 corpus
1789 2045 2010 2110 Neopto-

350 2121 494 2181 lemi,
549 2124 800 2168 ostensum
833 2118 1060 2178 theatro,
1094 2119 1312 2183 Delphos
1345 2123 1589 2186 reportari
1632 2128 1684 2172 et
1717 2125 1808 2173 suh
1843 2125 2010 2174 limine

350 2200 539 2265 templi,
574 2204 627 2246 ut
659 2199 725 2246 sit
759 2197 1010 2262 Delphicis
1047 2197 1313 2263 Orestique
1339 2202 1621 2265 opprobrio,
1657 2203 1872 2267 sepeliri.
1907 2205 2009 2252 An-

349 2280 665 2330 dromacham
699 2284 859 2326 autem
894 2278 1134 2342 praedicit
1167 2279 1216 2327 in
1250 2284 1381 2327 terra
1415 2278 1652 2330 Molossia
1690 2282 1883 2332 Heleno
1917 2299 2008 2331 nu-

348 2366 542 2426 pturam
577 2374 716 2417 esse3
751 2358 819 2407 ibi
853 2357 1145 2417 Molossum,
1179 2357 1457 2407 Pelidarum
1492 2360 1651 2410 solum
1675 2363 2010 2426 superstitem,

349 2444 601 2489 auctorem
635 2438 745 2487 fore
778 2452 944 2501 regum
972 2442 1212 2501 perpetua
1234 2439 1363 2486 serie
1387 2440 1515 2487 inter
1537 2456 1591 2487 se
1623 2442 2006 2494 succedentium.

348 2519 568 2583 Denique
615 2517 816 2567 Peleum
864 2532 955 2565 suo
1003 2517 1240 2566 beneficio
1274 2518 1413 2565 malis
1447 2519 1706 2569 liberatum
1753 2523 2007 2570 immorta-

349 2599 446 2648 lem
492 2599 601 2647 fore
647 2603 698 2646 et
743 2598 793 2644 in
827 2595 977 2644 Nerei
1010 2597 1146 2660 regia
1190 2613 1358 2645 secum
1394 2598 1748 2661 habitaturum,
1799 2602 1929 2650 unde
1962 2601 2008 2650 ei

352 2680 537 2728 siccum
570 2671 751 2743 pedein
786 2691 861 2724 ex·
881 2681 1033 2740 ponto
1067 2677 1257 2726 tollenti
1290 2683 1585 2740 potestatem
1621 2678 1729 2728 fore
1763 2679 2008 2730 Achillem

349 2760 399 2808 in
431 2759 687 2807 beatorum
731 2756 901 2805 insulis
947 2758 1209 2821 degentem
1243 2757 1448 2806 videndi.
1517 2758 1726 2807 Proinde
1760 2775 1870 2808 eum
1906 2763 2008 2807 sta-

351 2840 458 2898 tim,
491 2839 572 2887 ubi
607 2837 882 2902 composito
915 2842 1093 2901 nepote
1126 2829 1330 2901 Delphis
1365 2853 1591 2886 reversus
1627 2837 1793 2901 fuerit,
1828 2840 1890 2888 ad
1922 2855 2008 2887 ru-

349 2919 427 2983 pis
463 2917 688 2981 Sepiadis
721 2932 971 2965 recessum
1020 2916 1274 2965 considere
1319 2921 1371 2964 et
1403 2933 1601 2965 manere
1639 2918 1804 2979 iubet,
1851 2918 2007 2967 donec

349 2998 456 3062 ipsa
489 3013 600 3045 cum
635 2994 903 3044 Nereidum
939 2996 1090 3044 choro
1141 2997 1305 3044 veniat
1349 2996 1409 3044 ad
1452 2997 1612 3061 ipsum
1648 2996 2004 3047 deducendum.

350 3075 442 3125 His
477 3076 655 3125 auditis
689 3076 866 3124 Peleus
900 3077 1093 3141 placato
1140 3076 1299 3124 animo
1343 3081 1421 3124 est
1455 3082 1506 3124 et
1538 3077 1710 3126 felices
1757 3076 2009 3140 praedicat
2084 3118 2087 3121 ,

350 3155 437 3219 qui
486 3156 536 3203 in
587 3155 909 3205 matrimoniis
953 3155 1173 3205 ineundis
1229 3170 1325 3204 non
1372 3172 1519 3219 opeS,
1568 3157 1656 3206 sed
1700 3157 2006 3206 honestatem

350 3235 636 3300 respiciant.
1907 3232 1910 3234 ’

484 3314 631 3364 Dolet
674 3313 1010 3377 HermannuS,
1054 3313 1185 3378 quod
1230 3314 1348 3363 salvi
1399 3315 1605 3364 evadant
1655 3314 1912 3364 Menelaus
1957 3318 2008 3363 et

351 3394 639 3455 Hermiona,
684 3410 888 3460 quorum
917 3394 1212 3445 malitiosam
1235 3394 1484 3445 saevitiam
1506 3395 1661 3460 quivis
1682 3394 1847 3463 puniri
1871 3393 2007 3457 velit,
