2170 3866
1188 278 1312 335 4:30

407 431 456 477 et
486 422 763 474 necessaria
807 426 1067 486 parantur,
1116 423 1296 487 pretio.
1381 422 1487 485 Qua
1533 424 1583 474 in
1629 426 1942 476 contentione
1988 427 2071 491 qui

403 505 701 567 effinguntur
735 500 884 548 Zethi
918 517 1110 560 mores,
1156 504 1189 550 ii
1236 504 1406 552 rustici
1449 503 1606 566 illius,
1630 507 1754 569 qui,
1779 506 1830 555 in
1875 505 2069 556 Orestis

401 585 619 634 dramate
649 580 909 638 inducitur,
945 582 1161 630 moribus
1188 582 1372 631 similes
1407 588 1549 632 sunt=

533 664 718 725 μορφῇ
751 658 848 725 μὲν
882 659 981 710 οὐκ
1014 660 1233 725 εὐωπός,
1268 661 1508 728 ἀνδρεῖος
1541 661 1587 713 δ’
1622 661 1773 729 α’νήρ,

528 740 840 805 αὐτουργός,
877 739 1024 804 οἵπερ
1059 740 1147 791 καὶ
1180 742 1335 808 μόνοι
1370 743 1597 805 σώζουσι
1629 747 1751 811 γῆν,

530 820 741 883 ξυνετὸς
775 819 848 882 δέ,
884 825 1072 886 χωρεῖν
1107 821 1264 887 ὁμόσε
1298 826 1406 883 τοῖς
1440 824 1617 889 λόγοις
1648 823 1839 887 θέλων,

528 901 786 967 ἀκέραιος,
820 902 1167 967 ἀνεπίληπτον
1201 902 1440 970 ἠσκηκὼς
1474 904 1612 970 βίον.

379 983 610 1046 ⁸Catones
661 984 859 1046 quidem
906 986 1048 1032 ambo
1094 992 1234 1047 sunt,
1285 987 1419 1046 duri,
1475 987 1664 1048 severi,
1715 991 1881 1035 truces
1932 985 2066 1044 (vide

397 1064 569 1112 Horat.
597 1063 754 1127 Epist.
785 1063 821 1122 Ι,
852 1068 928 1123 18,
959 1066 1037 1111 42.
1086 1065 1307 1130 Propert.
1336 1065 1415 1124 ΙΙΙ,
1441 1068 1518 1127 13,
1546 1069 1628 1114 29.
1692 1065 1880 1114 Seneca
1913 1065 2063 1114 Herc.

396 1143 491 1194 fur.
517 1140 670 1206 911).
739 1143 970 1192 Plurimis
1017 1146 1142 1192 enim
1189 1145 1467 1194 nominibus
1509 1146 1686 1208 dignus
1721 1151 1798 1194 est
1832 1146 1914 1209 qui
1951 1161 2059 1193 cum

395 1223 677 1287 Euripideis
724 1225 948 1287 personis
996 1232 1310 1288 comparetur
1355 1224 1605 1274 Romanus
1653 1225 1735 1274 ille
1771 1215 1924 1285 Cato,
1975 1225 2061 1288 qui

394 1303 610 1367 Scipioni
645 1304 834 1350 crimini
867 1304 1040 1362 vertit,
1089 1305 1215 1366 quod
1252 1312 1443 1367 poetam
1482 1322 1645 1353 secum
1681 1306 1727 1353 in
1763 1305 2061 1370 provinciam

393 1382 630 1441 duxisset,
654 1383 922 1446 castigator
946 1384 1182 1443 luxuriae,
1210 1384 1442 1447 expulsor
1465 1385 1721 1432 rhetorum
1739 1384 2059 1444 Graecorum,

389 1463 598 1511 urbanas
644 1463 951 1526 rusticasque
991 1478 1073 1511 res
1118 1464 1308 1526 pariter
1357 1462 1565 1520 callens,
1625 1464 1706 1526 qui
1756 1480 1852 1512 non
1900 1463 2057 1512 solum

386 1542 691 1600 accusando,
741 1542 828 1589 sed
865 1543 1012 1590 etiam
1060 1558 1278 1589 caussam
1315 1542 1522 1590 dicendo
1561 1543 1784 1608 fatigavit
1817 1543 2056 1592 inimicos.

389 1622 662 1685 Utriusque
709 1622 839 1670 vitae
881 1622 1077 1687 generis
1127 1623 1458 1671 diversitatem
1494 1621 1642 1670 etiam
1679 1622 2056 1671 Atheniensibus

386 1703 625 1765 cognitam
661 1701 820 1750 fuisse
854 1702 999 1750 testis
1035 1707 1114 1750 est
1148 1702 1502 1767 Aristophanes
1536 1701 1586 1749 in
1624 1699 1830 1765 Vespis‚
1881 1702 1960 1750 ubi
1993 1701 2054 1750 il·-

386 1784 540 1831 lorum
576 1780 1084 1846 μαραθωνομοὶχων,
1119 1797 1323 1845 quorum
1362 1781 1459 1830 dux
1494 1788 1570 1829 est
1601 1781 1908 1842 Philoclem,
1943 1797 2054 1830 acu·

383 1863 477 1911 leis
510 1864 571 1911 ad
621 1864 1024 1926 exstinguendam
1070 1862 1310 1911 luxuriam
1357 1868 1680 1923 armatorum,
1726 1862 1775 1910 in
1817 1862 2054 1910 insaniam

383 1947 532 2004 atque
567 1941 784 1990 furorem
824 1943 1003 1990 abiisse
1051 1944 1124 1991 ira
1169 1943 1397 2007 fingitur,
1445 1941 1529 2005 qui
1569 1946 1758 2001 tamen,
1792 1946 2050 2006 postquam

381 2023 495 2070 victi
542 2037 713 2070 manus
773 2023 1039 2083 dederunt,
1097 2023 1450 2084 elegantiorum
1494 2022 1744 2070 hominum
1789 2035 1951 2070 mores
1995 2036 2054 2070 ac

379 2100 684 2164 disciplinam
718 2102 953 2165 adoptare
986 2100 1257 2162 studentes,
1292 2102 1448 2151 multo
1483 2103 1650 2163 etiam,
1687 2117 1828 2165 quam
1853 2101 2052 2150 fuerunt

379 2185 551 2238 antea,
610 2182 859 2244 turpiores
908 2176 1142 2233 existunt.
1235 2182 1288 2231 In
1346 2181 1698 2231 conformando
1757 2185 2049 2245 argumento

378 2258 551 2306 Asium
581 2265 751 2307 noster
784 2266 981 2308 secutus
1018 2276 1131 2308 esse
1163 2260 1386 2320 videtur,
1426 2260 1490 2308 de
1525 2275 1624 2322 quo
1656 2259 1805 2308 adeas
1840 2258 2045 2308 Pausan.

378 2337 441 2395 11,
476 2340 525 2400 6,
561 2341 593 2387 2
626 2353 761 2402 seqq.
796 2355 843 2404 p.
882 2340 991 2387 124.

796 2665 865 2719 Β.
950 2630 1616 2739 HyPsipyle.

505 2809 860 2872 Argumentum
925 2814 1123 2875 praeter
1170 2808 1524 2873 Apollodorum
1568 2810 1658 2873 111,
1707 2812 1765 2871 6,
1799 2811 1846 2859 4.
1892 2811 2039 2860 etiam

374 2888 602 2954 Hyginus
652 2906 692 2941 c.
732 2891 842 2950 74„
890 2904 1181 2954 quamquam
1222 2889 1399 2938 leviter
1438 2891 1768 2950 immutatum,
1817 2890 2045 2951 tradidit,-

373 2968 463 3016 sed
497 2973 705 3033 uterque
738 2985 977 3018 mancum.
1044 2968 1151 3017 Non
1187 2968 1315 3016 enim
1350 2970 1647 3018 mentionem
1682 2969 1829 3017 ullam
1852 2969 2039 3018 faciunt

373 3047 585 3096 filiorum
633 3047 968 3113 Hypsipyles,
1030 3063 1234 3112 quorum
1289 3049 1563 3097 interventu
1611 3050 1736 3097 hanc
1793 3055 2036 3097 servatam

373 3142 485 3175 esse
518 3127 734 3175 ostendit
766 3127 1059 3177 Welckerus
1094 3144 1141 3191 p.
1178 3130 1287 3175 559.
1323 3128 1503 3178 auxilio
1537 3134 1676 3177 utens
1712 3127 2033 3192 epigramma-

371 3205 438 3253 tis
484 3205 716 3269 Cyziceni
766 3212 914 3270 atque
966 3207 1232 3270 amphorae
1288 3208 1512 3270 antiquae
1561 3207 1851 3272 imaginum,
1911 3220 2043 3270 quas·

372 3284 661 3334 Gerhardus
725 3287 980 3351 explicavit
1034 3286 1404 3345 dissertatione,
1463 3303 1608 3350 quam
1662 3287 1714 3334 in
1767 3285 2032 3334 Academia

371 3363 676 3414 Berolinensi
707 3381 832 3415 anno
865 3369 1008 3415 1838.
1043 3365 1279 3417 recitavit.
1347 3365 1442 3415 His
1488 3366 1615 3415 addo
1657 3365 1854 3414 tertium
1889 3364 2032 3413 testi-

373 3444 595 3493 monium·
622 3459 683 3493 ex
716 3445 1000 3496 Aristotelis
1035 3443 1230 3509 poetica
1262 3461 1311 3509 p.
1344 3447 1455 3494 239.
1481 3461 1523 3497 c.
1558 3446 1636 3495 14.
1670 3444 1908 3508 petitum=
1939 3438 2030 3493 καὶ
