2150 3866
855 277 976 336 211

73 438 204 498 dus,
251 447 404 499 quum
439 437 578 480 esset
611 444 706 478 una
742 443 857 478 cum
892 439 1052 493 puero
1086 424 1138 474 in
1169 428 1492 473 monumento
1528 424 1765 486 inclusu8‚

70 517 279 568 haberet
309 512 445 564 unde
477 511 628 561 vitam
664 512 988 565 sustentaret,
1035 505 1196 555 donec
1229 503 1315 552 ille
1348 505 1399 552 in
1434 505 1585 554 vitam
1619 521 1764 556 revo-

75 600 216 648 catus
261 599 413 646 esset.
482 590 838 656 Quamobrem,
886 602 1041 652 quum
1087 589 1282 651 septem
1330 584 1549 650 undique
1578 585 1766 650 pedum

73 677 277 728 modum
311 673 528 741 sepulcri
562 687 676 722 esse
707 669 949 734 Polyidus
982 665 1237 728 voluisset,
1273 665 1525 730 duplicem
1557 667 1643 716 ille
1674 682 1765 718 nu*

73 773 267 808 merum
301 771 416 805 esse
449 744 622 804 iussit:

207 833 402 902 μικρόν
435 834 483 898 γ’
517 828 690 894 ἔλεξας
722 829 1005 896 βασιλικοῦ
1041 825 1209 892 σηκὸν
1240 824 1449 891 τάφου·

207 915 487 969 διπλάσιον
519 910 678 964 ἔστω·
708 914 809 963 τοῦ
843 909 1019 976 κύβου
1056 906 1115 960 δὲ
1149 905 1221 974 μὴ
1259 908 1488 974 σφαλῇς.

75 997 453 1049 Monumentum
513 996 629 1060 quin
686 994 1001 1058 inspectante
1055 991 1254 1041 theatro
1304 994 1612 1039 exstructum
1658 1004 1772 1039 esse

76 1078 337 1145 fingamus,
373 1075 444 1125 nil
477 1074 714 1139 impedit:
751 1074 884 1123 idem
921 1073 1055 1122 enim
1088 1072 1138 1120 in
1176 1070 1495 1136 Supplicibus
1514 1069 1771 1135 Euripidis

76 1158 188 1208 fieri
231 1159 478 1208 videmus,
548 1155 662 1204 Una
714 1159 881 1204 autem
929 1153 1182 1218 sepultum
1231 1168 1346 1201 esse
1380 1152 1614 1215 quicquid
1647 1167 1774 1216 puer

77 1238 182 1287 cari
225 1235 514 1293 habuisset,
559 1234 856 1284 Plutarchus
902 1233 951 1282 in
987 1232 1112 1283 libro
1148 1233 1213 1282 de
1245 1231 1347 1280 vita
1381 1232 1477 1283 iuc.
1504 1247 1604 1282 sec.
1627 1230 1772 1297 Epic.

76 1335 128 1383 p.
153 1318 300 1368 1104.
336 1314 500 1381 (129.)
533 1318 777 1364 testatur:
823 1309 915 1364 καὶ
960 1310 1098 1363 ὅπλα
1143 1308 1234 1362 καὶ
1276 1310 1436 1378 σκεύη
1470 1308 1562 1361 καὶ
1594 1309 1774 1377 ἱμάτια

76 1395 292 1465 συνήθη
322 1397 436 1456 τοῖς
468 1394 772 1461 τεθνηκόσι,
808 1392 901 1446 καὶ
934 1391 1006 1454 ὥς
1041 1392 1071 1444 ὁ
1104 1391 1301 1454 Μίνως
1333 1397 1408 1460 τῷ
1444 1391 1690 1462 Γλαύκῳ,

876 1467 1216 1542 ,,Κρητικοὺς

202 1555 418 1622 αὐλούς,
451 1556 732 1624 θανούσης
764 1557 911 1610 κῶλα
944 1556 1186 1622 ποικίλης
1218 1554 1476 1621 νεβροῦ,”

81 1637 608 1699 συνθάπτοντες
640 1636 796 1705 ἥδιον
830 1637 1030 1705 ἔχουσι.

84 1721 403 1787 Improbabat
448 1727 615 1770 autem
649 1720 891 1786 Polyidus
936 1725 1154 1769 sumtum
1199 1717 1423 1768 inutilem
1458 1723 1508 1768 et
1540 1733 1776 1783 superva-

81 1817 315 1852 caneum:

217 1878 391 1946 μάτην
423 1875 528 1944 γὰρ
562 1877 693 1948 οἴκῳ
727 1875 826 1929 σὸν
858 1877 973 1930 τόδ’
1010 1874 1197 1944 ἐκβαίη
1227 1876 1398 1946 τέλος..

212 1987 278 1998 -
411 1987 476 1997 —
609 1958 919 2024 ἀνθρώπων
954 1955 1014 2011 δὲ
1047 1957 1334 2023 μαίνονται
1370 1956 1580 2025 φρένες,

217 2037 460 2101 δαπάνας
493 2036 624 2091 ὅταν
655 2044 898 2092 θανοῦσι
931 2038 1208 2106 πέμπωσιν
1238 2039 1410 2100 κενάς.

85 2121 331 2188 Sapientis
364 2137 532 2171 mores
565 2123 693 2172 haec
729 2124 980 2173 sententia
1028 2123 1282 2183 declarat,
1329 2127 1381 2171 et
1415 2121 1543 2171 solet
1575 2119 1778 2186 Euripi-

84 2203 175 2252 des
224 2205 362 2251 vates
409 2202 613 2251 eosdem
650 2203 901 2268 sapientes
937 2220 1052 2253 esse
1084 2203 1291 2269 fingere.
1361 2202 1456 2250 Cui
1488 2202 1658 2251 Minos
1694 2216 1777 2249 re-

81 2281 295 2348 spondet
325 2297 424 2332 non
456 2282 520 2332 ad
554 2282 652 2331 hoc
685 2283 846 2332 solum
884 2283 1082 2334 divitias
1117 2282 1301 2349 parari,
1350 2286 1407 2331 ut
1438 2281 1777 2346 voluptatibus

83 2362 341 2428 epularum
377 2363 809 2428 conviviorumque
844 2365 1169 2426 sufficerent,
1204 2379 1377 2411 verum
1415 2363 1564 2411 etiam
1599 2367 1657 2410 ut
1691 2377 1780 2409 ca-

82 2443 384 2493 lamitatibus
444 2442 747 2493 afflictorum
807 2445 1051 2509 malisque
1106 2443 1440 2493 laborantium
1495 2443 1782 2492 minuerent

85 2523 338 2573 dolorem:
984 2573 986 2575 ,

221 2600 290 2652 οὐ
322 2599 427 2668 γὰρ
463 2601 612 2668 παρὰ
643 2605 886 2672 κρατῆρα
917 2601 1010 2655 καὶ
1042 2600 1241 2669 θοίνην
1275 2600 1448 2667 μόνον

218 2679 284 2734 τὰ
316 2682 538 2750 χρήματ’
574 2681 946 2749 ἀνθρώποισιν
978 2682 1180 2753 ἡδονὰς
1214 2679 1332 2748 ἔχει,

217 2761 330 2814 ἀλλ’
365 2760 425 2815 ἐν
456 2767 665 2817 κακοῖσι
701 2765 935 2832 δύναμιν
970 2766 1038 2817 οὐ
1073 2763 1268 2832 μικρὰν
1302 2761 1419 2830 ἔχει.

88 2843 385 2895 Sacrificans
417 2851 582 2896 autem
616 2847 703 2897 illo
736 2854 838 2898 tam
867 2849 1031 2914 ampla
1057 2853 1206 2912 atque
1234 2842 1502 2911 magnifica
1522 2858 1611 2891 rex
1633 2841 1785 2891 thura

89 2925 291 2990 quidem
332 2926 553 2976 incendit
597 2927 865 2993 vinumque
904 2929 1104 2989 libavit,
1152 2927 1243 2977 sed
1292 2923 1530 2976 abstinuit
1561 2922 1697 2971 tibiis
1733 2927 1787 2971 et

90 3007 316 3064 coronis,
371 3012 430 3056 ut
473 3009 690 3058 moerori
740 3024 830 3059 suo
864 3025 1040 3075 parum
1089 3005 1496 3059 convenientibus
1512 3001 1580 3069 *).
1646 3001 1787 3051 Loco

147 3207 200 3261 *)
230 3208 412 3251 Sueton.
446 3208 551 3250 Tib.
580 3206 662 3250 w:
711 3208 877 3251 Minois
926 3210 1133 3264 exemplo
1176 3210 1310 3252 thure
1349 3206 1531 3262 quidem
1571 3216 1627 3246 ac
1667 3201 1786 3252 vino,

231 3292 394 3321 verum
424 3279 519 3322 sine
548 3278 731 3321 tibicine
760 3278 1058 3334 supplicavit,
1100 3284 1151 3323 ut
1179 3280 1259 3322 ille
1290 3277 1400 3321 olim
1440 3276 1484 3318 in
1513 3278 1658 3317 morte
1685 3270 1785 3313 filii.

234 3348 466 3392 Plutarch.
498 3350 554 3391 de
584 3350 750 3392 tuenda
778 3362 872 3391 san.
906 3365 950 3405 p.
979 3349 1079 3393 397.
1110 3350 1317 3406 (Hutt.)=
1367 3345 1394 3392 ὁ
1436 3345 1488 3391 δὲ
1516 3346 1684 3393 Μίνως
1711 3339 1791 3383 καὶ

239 3414 323 3462 τὸν
351 3414 496 3463 αὐλὸν
527 3417 687 3475 ἀφεῖλε
716 3419 818 3475 τῆς
854 3422 1075 3471 θυσίας
1103 3420 1183 3463 καὶ
1211 3418 1296 3464 τὸν
1323 3416 1555 3473 στέφανον
1586 3410 1678 3459 ὑπὸ
1709 3407 1789 3455 λύ-

241 3503 346 3544 πης.
411 3491 540 3533 Haec
571 3489 720 3534 attulit
747 3490 1013 3534 Welckerus
1041 3506 1086 3546 p.
1118 3490 1242 3534 1600.

1350 3561 1414 3608 14
1435 3556 1463 3588 *
