2170 3866
1138 249 1262 306 40⁰

359 411 454 460 que
498 393 758 443 obscoenis
802 392 1122 458 ridiculisque
1161 396 1309 446 rebus
1358 394 1506 459 plane
1549 396 1846 459 abstineret,
1895 399 2028 448 teste

358 474 529 523 ovidio
565 474 715 522 Trist.
749 472 809 533 II,
845 475 967 521 409:

483 553 621 617 „Est
658 558 710 601 et
744 553 798 600 in
834 552 1101 601 obscoenos
1134 551 1341 615 deflexa
1373 551 1748 619 tragoedia
1779 555 1916 604 risus

618 631 888 698 Multaque
918 634 1200 698 praeteriti
1232 634 1389 683 verba
1425 633 1641 700 pudoris
1675 633 1862 694 habet3

486 710 604 761 Nec
637 719 786 760 nocet
823 713 1036 772 auctori,
1074 713 1275 762 mollem
1309 715 1396 779 qui
1417 714 1558 779 fecit
1591 712 1867 773 Achillem,

615 791 896 857 [refregisse
929 794 1035 840 sais
1055 795 1226 856 sortia
1247 795 1405 857 sacta
1445 791 1656 841 modis.''

352 870 779 935 Tragoediam
816 872 967 931 dixit,
1003 889 1097 920 non
1133 874 1299 921 drama
1334 873 1619 936 satyricum,
1655 876 1708 921 et
1741 871 2021 936 exemplum

349 953 513 1015 posuit
546 951 740 1016 Scyrias
775 951 1023 1015 Euripidis
1059 954 1236 1016 satyris
1273 953 1604 1016 monstrisque
1628 957 1867 1000 carentes.
1919 951 2019 1000 Eo-

348 1033 561 1094 demque
603 1030 838 1078 vocabulo
886 1030 1120 1094 Horatius
1156 1048 1272 1081 usus
1322 1038 1400 1080 est
1447 1047 1544 1096 quo
1591 1031 1700 1080 loco
1747 1031 2018 1080 cavendum

347 1125 459 1159 esse
493 1110 631 1167 dixit,
668 1126 746 1168 ne,
783 1125 931 1172 quum
967 1111 1115 1159 risum
1151 1113 1407 1177 tragoedia
1435 1116 1711 1177 quaereret,
1743 1110 1793 1160 in
1819 1125 2017 1160 comoe-

345 1189 478 1239 diam
512 1191 852 1254 degeneraret,
887 1190 994 1238 Art.
1032 1199 1163 1252 poet.
1199 1193 1324 1239 231:

473 1268 741 1334 „Effutire
774 1269 910 1317 leves
943 1269 1162 1334 indigna
1195 1270 1566 1336 tragoedia
1600 1276 1822 1320 versus?

343 1345 567 1412 Satyrion
603 1349 821 1396 dramata
857 1364 913 1396 ea
947 1357 1212 1411 potueruut
1247 1352 1378 1410 sola,
1415 1352 1591 1415 quibus
1627 1349 1782 1413 satyri
1805 1349 2013 1405 inerant,

342 1428 596 1492 appellari,
632 1443 837 1489 quorum
871 1429 1253 1478 inducendorum
1290 1446 1439 1494 quum
1474 1446 1586 1478 rara
1609 1435 1743 1478 esset
1775 1432 2012 1493 potestas,

341 1514 395 1556 et
425 1512 589 1556 tamen
621 1508 670 1555 in
705 1508 971 1571 postremis
1007 1508 1305 1572 singulorum
1352 1510 1728 1558 didascaliorum
1775 1505 2010 1555 dramatis

339 1587 496 1647 iocus,
531 1602 629 1649 quo
663 1593 973 1635 recrearetur
1007 1589 1271 1650 theatrum,
1305 1590 1567 1638 tentandus
1604 1593 1766 1649 esset,
1802 1599 2010 1635 necesse

336 1664 436 1740 ¹2¹¹st
475 1666 654 1714 multas
701 1667 1007 1729 tragoediaS‚
1047 1676 1271 1717 carentes
1307 1669 1516 1732 satyris,
1566 1684 1627 1717 ex
1661 1667 1848 1716 severis
1880 1665 2009 1714 ridi-

338 1745 562 1809 culisque
606 1746 803 1794 misceri
850 1748 1107 1796 commode
1153 1765 1210 1797 ac
1242 1749 1527 1812 temperari.
1598 1745 1859 1796 Alcestidis
1894 1746 2007 1794 dra-

336 1826 483 1874 matis
518 1826 643 1873 hanc
680 1824 836 1874 fuisse
871 1829 1307 1891 opportunitatem,
1342 1832 1737 1893 utpostremum
1771 1826 1819 1873 in
1852 1829 2006 1873 tetra-

336 1904 461 1967 logia
516 1921 544 1952 a
604 1905 919 1953 miseratione
965 1915 1197 1971 metuque
1243 1907 1305 1956 ad
1353 1907 1650 1956 hilaritatem
1699 1909 2005 1974 spectatores

333 1984 638 2041 traduceret,
685 1989 821 2031 certo
869 1987 1048 2033 veteris
1093 1988 1345 2035 cuiusdam
1390 1986 1689 2050 grammatici
1720 1982 2004 2034 testimonio

333 2068 539 2112 constat.
606 2063 797 2111 Eodem
833 2070 995 2112 autem
1031 2066 1212 2114 codicis
1246 2068 1371 2123 loco,
1409 2082 1503 2130 quo
1538 2066 1622 2113 illa
1656 2066 1837 2127 scripta
1870 2066 2001 2125 sunt,

333 2140 525 2191 Orestis
576 2142 790 2191 fabulam
833 2145 881 2191 in
917 2144 1089 2193 eodem
1124 2150 1271 2209 atque
1307 2145 1571 2194 Alcestidis
1606 2161 1788 2208 genere
1822 2142 1939 2206 poni
1972 2158 2002 2190 a

331 2221 580 2270 veteribus
629 2222 807 2268 criticis
846 2223 1038 2270 solitam
1076 2240 1187 2271 esse
1222 2226 1480 2272 docemur:
1530 2221 1674 2284 παρὰ
1717 2224 1830 2280 τοῖς
1877 2236 1997 2284 τρα-

329 2302 498 2364 γικοῖς
541 2296 868 2364 ἐκβάλλεται,
917 2298 987 2359 ὡς
1035 2300 1269 2351 ἀνοίκειοι
1303 2305 1395 2366 τῆς
1438 2304 1687 2368 τραγικῆς
1719 2299 1997 2366 ποιήσεως,

330 2377 361 2430 ὅ
400 2397 454 2430 τε
480 2374 726 2445 Ὀρέστης
758 2378 847 2430 καὶ
879 2379 914 2446 ἦ
932 2374 1234 2446 Ἄλκηστις,
1271 2380 1342 2440 ὠς
1376 2378 1431 2431 ἐκ
1467 2386 1746 2446 συμφορᾶς
1779 2378 1875 2447 μὲν
1908 2380 1997 2443 ἀρ-

328 2461 539 2526 χόμενα,
574 2460 647 2520 είς
675 2459 1020 2525 εὐδαιμονίαν
1045 2459 1100 2511 δὲ
1133 2460 1219 2511 καὶ
1251 2459 1422 2527 χαρὰν
1447 2462 1701 2527 λήξαντα·
1738 2457 1844 2512 ἔστι
1869 2462 1997 2525 μᾶλ-

328 2543 424 2592 λον
457 2540 736 2607 κωμῳδίας
769 2537 999 2607 ἐχόμενα.
1067 2542 1288 2591 Tertium
1335 2542 1501 2590 drama
1535 2542 1748 2591 Tzetzes
1787 2543 1836 2590 in
1873 2541 1994 2590 Cra-

328 2624 450 2671 meri
484 2623 671 2671 Anecd.
714 2622 770 2671 11.
805 2639 853 2686 p.
891 2627 936 2673 ⁷.
973 2623 1221 2671 Electram
1255 2629 1483 2671 accenset
1521 2622 1809 2685 Sophoclis:
1852 2619 1994 2672 ἴδιον

328 2699 385 2752 δὲ
417 2700 696 2770 κωμῳδίας
730 2699 828 2766 μὲν
858 2700 918 2751 τὸ
952 2699 1269 2766 μεμιγμένον
1303 2699 1435 2766 ἔχειν
1467 2702 1579 2760 τοῖς
1606 2699 1885 2765 σκώμμασι
1909 2698 2017 2767 γέ-.

325 2784 481 2844 λῳτα,
516 2782 814 2851 τραγῳδίας
849 2780 905 2833 δὲ
938 2779 1109 2846 πένθη
1143 2778 1232 2832 καὶ
1264 2780 1568 2846 συμφοράς,
1614 2784 1901 2849 σατυρικῆς
1928 2779 1991 2847 ,δὲ

327 2861 394 2912 ού
425 2862 485 2913 τὸ
518 2862 622 2914 ἀπὸ
655 2861 892 2923 πένθους
925 2863 997 2924 εἰς
1028 2860 1197 2928 χαρὰν
1229 2861 1482 2922 ἀπαντᾶν,
1519 2859 1590 2921 ὡς
1622 2860 1653 2912 ὁ
1684 2860 1988 2926 Εὐριπίδου

321 2937 565 3008 Ὀρέστης
611 2941 701 2994 καὶ
718 2937 993 3010 ’Ἄλκηστις
1036 2941 1125 2994 καὶ
1166 2941 1201 3008 ἡ
1236 2941 1581 3007 Σοφοκλέους
1605 2936 1882 3005 Ἠλέκτρα,
1931 2938 1990 2992 ἐκ

324 3020 518 3086 μέρους
552 3020 744 3090 (ὥςπερ
766 3022 902 3084 τινές
925 3025 1127 3091 φασιν),
1163 3021 1274 3072 ἀλλ’
1309 3023 1470 3089 ἀμιγῆ
1505 3019 1593 3073 καὶ
1626 3020 1867 3087 χαρίεντα
1898 3020 1990 3072 καὶ

322 3099 615 3166 θυμελικὸν
650 3099 749 3170 ἔχει
794 3104 1005 3170 γέλωτα.
1082 3103 1220 3152 Haec
1271 3105 1508 3152 seriorum
1557 3103 1987 3168 grammaticorum

323 3183 503 3233 iudicia
549 3188 603 3231 ut
646 3191 783 3233 recte
818 3188 1162 3243 aestimemus,
1196 3183 1464 3231 tenendum
1499 3188 1601 3243 est,
1647 3181 1776 3244 quod
1823 3179 1886 3228 de
1929 3195 1987 3230 se

322 3263 430 3327 ipse
465 3262 676 3312 Tzetzes
711 3266 999 3328 profitetur,
1045 3262 1154 3311 illos
1199 3263 1262 3310 de
1296 3267 1469 3311 natura
1502 3262 1772 3309 dramatum
1807 3259 1984 3323 satyri·-

323 3357 495 3391 corum
539 3358 634 3393 non
677 3345 976 3407 experientia
1027 3343 1198 3392 doctos
1243 3341 1487 3399 iudicare,
1538 3340 1625 3389 sed
1674 3353 1797 3402 quae
1830 3337 1983 3386 fando

321 3423 631 3489 accepissent
685 3423 894 3477 referre.
970 3423 1038 3473 Et
1081 3420 1354 3472 mirandum
1401 3425 1560 3481 esset,
1615 3418 1775 3482 quod,
1830 3431 1980 3481 quum
