2170 3848
1015 261 1137 319 139

246 412 438 479 uspiam
471 410 714 460 invenitur
750 410 1013 460 ostendunt
1044 411 1246 474 praeter
1279 422 1366 468 ea,
1409 406 1587 471 quibus
1620 404 1912 456 adffortiter

243 491 526 543 faciendum
585 491 884 554 fortiterque
952 488 1237 555 patiendum
1297 487 1522 535 homines
1578 487 1910 536 instituantur.
1994 532 1998 542 ,

239 573 371 622 Nam
414 572 512 621 hoc
555 579 634 621 est
678 572 849 636 epicae
892 570 1208 633 tragicaeque
1254 566 1431 616 Musae
1475 566 1727 626 officium,
1777 566 1913 615 cuius

242 652 452 702 formam
501 652 701 715 quidem
746 649 888 699 multi
941 648 1272 697 recentiorum
1323 652 1584 710 poetarum
1629 646 1913 706 induerunt,

242 733 341 782 vim
375 733 708 795 virtutemque
754 729 898 794 pauci
932 728 1146 777 assecuti
1180 730 1309 776 sunt.
1381 726 1506 775 Nam
1539 726 1650 775 fere
1684 724 1916 791 quicquid

243 813 485 862 eiusmodi
518 811 780 860 carminum
817 812 1228 873 composuerunt,
1283 807 1452 872 specie
1498 806 1698 871 quidem
1742 823 1772 854 a
1804 821 1916 855 nar-

243 893 507 941 rationibus
549 890 646 938 illis
694 888 890 947 differt,
942 904 996 937 re
1040 894 1090 936 et
1139 891 1314 937 natura
1346 886 1443 934 illis
1479 886 1782 935 simillimum
1818 891 1914 935 est.

241 971 365 1021 Nam
401 987 548 1035 quum
583 969 744 1018 omnia
778 985 851 1029 ea,
886 984 1011 1032 quae
1036 968 1270 1026 diximus,
1303 967 1468 1027 insint,
1503 971 1608 1015 tum
1633 967 1812 1015 absunt
1834 982 1916 1015 res

239 1054 437 1116 gestae,
487 1066 611 1115 quae
657 1049 856 1113 quidem
891 1049 1069 1112 dignae
1102 1048 1204 1097 sint
1250 1046 1415 1096 studio
1449 1046 1704 1096 hominum
1738 1046 1919 1095 virtute

237 1131 626 1194 praestantium3
677 1134 842 1179 amant
873 1129 1099 1178 homines
1143 1134 1491 1190 amanturque‚
1536 1126 1732 1190 fugiunt
1764 1143 1918 1192 expe-

240 1214 448 1275 tuntque
496 1211 578 1259 alii
623 1210 745 1259 alios
793 1213 843 1259 et
890 1215 974 1258 aut
1010 1208 1333 1258 matrimoniis
1366 1207 1549 1256 iunctis
1584 1206 1757 1256 felices
1792 1207 1918 1256 fiunt

239 1296 323 1338 aut
356 1290 538 1339 deiecti
571 1292 665 1339 hac
699 1307 790 1355 spe
823 1290 1079 1349 infelices;
1126 1304 1189 1338 ex
1235 1288 1411 1337 eodem
1458 1287 1600 1336 fonte
1647 1286 1917 1337 difficulta-

238 1375 317 1419 tes
341 1374 392 1418 et
416 1370 776 1434 implicationes
803 1386 971 1421 rerum
1001 1369 1110 1419 fere
1134 1385 1305 1418 omnes
1331 1368 1731 1434 proficiscuntur.
1769 1367 1918 1417 Com-

236 1450 478 1499 munitate
525 1452 736 1515 quadam
784 1451 1074 1515 disciplinae
1123 1450 1501 1514 studiorumque
1535 1449 1781 1497 coniuncti
1813 1449 1918 1514 pri-

238 1531 354 1579 stini
388 1531 496 1579 aevi
529 1533 723 1596 equites
770 1532 994 1580 fuerunt:
1049 1530 1368 1585 nihilominus
1412 1531 1648 1578 virtutum
1694 1530 1917 1579 volunta-

238 1617 440 1675 tumque
475 1613 772 1677 conspiratio
820 1613 965 1661 etiam
1002 1612 1049 1660 in
1083 1611 1181 1660 hoc
1214 1612 1466 1660 hominum
1500 1625 1683 1674 genere
1717 1609 1917 1660 deside·-

238 1697 386 1742 ratur.
454 1692 628 1756 Itaque
671 1694 719 1742 in
753 1692 991 1740 Tassonis
1026 1692 1310 1754 Ariostique
1355 1691 1646 1740 carminibus
1694 1690 1919 1755 plerique

238 1771 419 1821 ducum
455 1774 587 1821 nulla
617 1774 927 1837 imperatoris
963 1772 1087 1820 laesi
1119 1772 1323 1831 iniuria,
1370 1771 1459 1820 sed
1495 1770 1706 1820 feminas
1737 1787 1918 1821 venan-

240 1859 334 1911 tes,
386 1852 509 1901 alius
544 1854 641 1902 alio
677 1853 907 1917 palantur
940 1868 1032 1916 per
1065 1857 1219 1901 totum
1254 1852 1427 1900 orbem
1463 1857 1703 1900 terrarum
1738 1867 1917 1918 vagan-

239 1936 334 1991 tes,
369 1949 531 1998 neque
567 1933 675 1981 fere
701 1950 870 1982 eorum
902 1934 1161 1997 quisquam
1196 1933 1353 1980 maius
1377 1931 1559 1981 malum
1591 1933 1743 1994 novit,
1769 1949 1917 1997 quam

241 2012 373 2075 qnod
411 2029 470 2060 ex
505 2029 674 2061 amore
708 2013 927 2061 nascitur
960 2014 1057 2061 voti
1091 2029 1189 2062 non
1225 2019 1471 2076 compote.
1542 2012 1731 2062 Demtis
1765 2014 1918 2079 igitur

236 2093 457 2141 numeris
502 2108 780 2156 vocumque
825 2094 1144 2142 concentibus
1179 2092 1573 2142 Romanensibus
1622 2093 1801 2143 fabulis
1834 2095 1917 2145 illa

236 2188 433 2235 quoque
465 2174 694 2235 carmina,
730 2191 855 2238 quae
889 2175 936 2222 in
973 2175 1151 2223 horum
1175 2175 1326 2223 rebus
1358 2173 1639 2236 studiisque
1666 2174 1916 2224 illustran-

235 2252 315 2300 dis
347 2259 633 2313 versantur,
688 2259 797 2303 tum
831 2261 1037 2320 propter
1070 2271 1237 2304 rerum
1271 2255 1540 2304 novitatem
1574 2260 1677 2304 tum
1710 2261 1918 2322 propter

235 2331 384 2381 miras
418 2334 673 2383 hominum
708 2336 1034 2400 cogitationes
1057 2335 1239 2383 similia
1269 2351 1382 2384 esse
1407 2340 1626 2400 apparet.

366 2412 590 2462 Medium
617 2416 859 2478 quendam
885 2416 1044 2464 locum
1071 2417 1202 2465 inter
1218 2416 1507 2465 christianos
1523 2420 1696 2481 poetas
1722 2420 1774 2466 et
1789 2419 1915 2468 anti-

237 2494 436 2556 quiores
460 2494 728 2560 Euripides
763 2502 913 2557 tenet,
951 2497 1094 2545 cuius
1127 2495 1322 2545 fabulae
1363 2497 1713 2560 speciosae
1749 2499 1914 2550 locis

234 2578 658 2639 morataeque
698 2582 890 2626 recte
933 2578 1258 2626 vehementer
1297 2577 1481 2642 populo
1508 2580 1746 2642 probatae
1783 2586 1913 2631 sunt.

234 2651 460 2702 Virtutes
476 2670 624 2718 quum
639 2656 888 2707 Homerus
906 2658 1209 2707 ostendisset
1227 2675 1255 2706 a
1272 2663 1476 2707 naturae
1496 2659 1684 2723 impetu
1703 2660 1776 2708 sic
1795 2677 1914 2726 pen-

236 2733 444 2794 dentes,
478 2740 535 2786 ut
565 2737 645 2786 vix
678 2739 935 2788 hominum
970 2737 1209 2787 fortitudo
1244 2741 1358 2786 ante
1392 2738 1664 2788 belluarum
1699 2741 1913 2791 excelle-

234 2818 312 2862 ret
347 2813 482 2877 (nam
515 2817 734 2868 Achilles
780 2820 979 2884 quidem
1015 2836 1078 2869 ne
1124 2819 1205 2868 dei
1237 2818 1400 2883 aliqua
1435 2819 1604 2884 specie
1638 2819 1688 2869 in
1722 2822 1912 2885 proelio

234 2895 398 2943 oblata
431 2898 631 2947 timidus
666 2915 727 2947 ex
761 2900 1005 2965 impavido
1040 2901 1210 2962 fieret,
1260 2900 1536 2949 timendum
1582 2916 1693 2949 esse
1741 2908 1913 2953 censet

235 2974 357 3023 Iuno
384 2976 435 3024 ll.
468 2976 580 3039 XX,
604 2981 735 3041 1:30„
771 2980 1003 3045 idemque
1026 2984 1235 3029 mortem
1272 2979 1367 3029 sibi
1402 2985 1513 3029 ante
1547 2987 1744 3045 tempus
1766 2999 1910 3047 prae-

238 3055 469 3105 stitutum
495 3059 674 3107 adesse
697 3066 872 3124 putans
901 3053 1209 3127 perterretur
1230 3060 1430 3123 11.XX1‚
1454 3058 1609 3126 276),
1645 3061 1915 3127 Euripides

233 3136 441 3186 eandem
475 3139 694 3188 ostendit
728 3157 790 3189 ex
822 3158 989 3191 rerum
1037 3141 1421 3191 adventiciarum
1455 3142 1528 3200 vi,
1581 3144 1750 3207 quales
1796 3150 1913 3195 sunt

231 3231 414 3278 genus,
451 3235 597 3284 opes,
634 3227 886 3285 potestas,
922 3225 992 3272 sic
1027 3224 1351 3282 vindicatam,
1388 3222 1435 3271 in
1471 3238 1525 3271 se
1562 3224 1818 3273 sistentem
1856 3230 1910 3274 et

230 3312 472 3358 generoso
505 3302 685 3350 mentis
721 3304 924 3352 consilio
958 3305 1315 3368 mancipatam,
1363 3307 1420 3352 ut
1451 3303 1607 3356 multo
1652 3310 1910 3367 praestan-

232 3376 358 3425 tiora
390 3379 638 3442 facinora,
685 3398 830 3446 quam
879 3385 1061 3434 heroes
1108 3383 1298 3433 faciunt
1329 3382 1610 3443 Homerici,
1661 3399 1757 3433 non
1790 3385 1909 3435 viris

231 3461 438 3522 tautum,
471 3461 562 3510 sed
594 3462 788 3514 feminis
823 3480 1020 3531 quoque
1052 3469 1105 3515 et
1137 3464 1332 3530 puellis,
1366 3480 1507 3515 suam
1541 3469 1769 3516 naturam
1801 3466 1912 3518 vin-
