2170 3866
1149 235 1275 293 578

343 387 425 434 18.
459 382 800 447 Menalippam
825 380 1005 446 philon.
1023 382 1247 433 imitatus
1262 389 1369 433 erat
1390 383 1596 446 Ennius,

345 468 427 513 19.
463 463 806 529 Menalippam
840 461 1059 512 vinctam
1139 500 1150 511 .
1222 502 1233 513 .
1304 502 1315 514 .
1386 466 1567 526 Attius,

343 549 426 595 20.
463 545 778 608 Meleagrum
803 578 1313 594 .......
1385 546 1567 607 Attius,

345 629 428 678 21.
466 625 693 674 Oeneum
805 659 1314 674 .......
1383 626 1571 684 Attius,

345 710 429 758 22.
467 707 773 755 Oenomaum
803 739 1312 755 .......
1382 707 1573 768 Attius,

347 791 430 838 23.
468 787 784 835 Philocteten
890 821 1313 835 ......
1384 788 1572 848 Attius,

347 870 431 917 24.
468 867 770 916 Phoenicem
808 901 1315 916 .......
1384 867 1593 929 Ennius,

348 952 433 1000 25.
468 948 771 996 Phoenissas
806 983 1314 996 .......
1385 949 1571 1009 Attius,
2023 955 2063 991 Ο

351 1031 432 1080 26.
472 1029 780 1076 Plisthenem
889 1063 1318 1077 ......
1386 1029 1575 1091 Attius,

350 1111 433 1161 27.
471 1109 803 1157 Protesilaum
891 1144 1318 1158 ......
1389 1108 1615 1172 Laevius,

350 1192 432 1242 28.
470 1189 699 1238 Rhesum
805 1223 1318 1238 .......
1389 1190 1577 1250 Attius,

350 1273 429 1322 29.
468 1269 752 1333 Telephum
808 1305 1317 1319 .......
1385 1271 1555 1320 Attius
1598 1275 1651 1321 et
1684 1271 1891 1338 Ennius,

351 1354 432 1401 30.
467 1350 769 1398 Temenidas
805 1385 1315 1400 .......
1385 1351 1597 1410 Ennius,

352 1434 432 1480 31.
469 1430 696 1479 Troadas
808 1466 1315 1480 .......
1385 1431 1552 1479 Attius
1594 1437 1647 1481 et
1681 1433 1889 1485 EnniuS.

485 1509 842 1575 Duodeviginti
875 1510 1025 1573 igitur
1060 1509 1253 1559 fabulas
1287 1512 1457 1560 Attius
1493 1512 1717 1562 imitatus
1753 1518 1877 1576 erat,
1914 1515 2054 1578 quin-

353 1592 517 1643 decim
541 1591 747 1651 Ennius,
783 1596 888 1640 tres
910 1591 1081 1639 Livius
1109 1591 1442 1653 Andronicus,
1479 1591 1604 1640 duas
1630 1591 1860 1656 Laevius,
1892 1611 2055 1656 unam,

354 1688 483 1737 quae
518 1670 810 1720 comoediae
843 1671 999 1720 vicina
1035 1676 1158 1733 erat,
1194 1671 1430 1720 NaeviuS.

483 1752 695 1800 Praeter
729 1751 822 1799 hos
859 1751 1066 1801 Ovidius
1101 1752 1314 1818 plurima
1347 1751 1607 1817 Euripidis
1641 1768 1737 1802 non
1770 1758 2058 1819 argumenta

353 1836 563 1892 tantum,
601 1831 693 1879 sed
720 1833 868 1880 etiam
904 1835 1056 1882 verba
1090 1837 1143 1880 et
1172 1834 1442 1881 sententias
1478 1833 1698 1882 imitatus
1735 1841 1831 1885 est.
1899 1834 2057 1885 Inter-

353 1912 566 1962 cedente
614 1911 745 1960 enim
796 1914 1007 1976 quadam
1055 1913 1240 1978 ingenii
1292 1913 1616 1961 similitudine
1652 1918 1810 1963 artem
1845 1916 2056 1980 pingen-

355 1993 532 2042 dorum
589 1991 860 2041 affectuum
910 1992 1163 2042 Romanus
1226 2010 1254 2040 a
1303 1993 1500 2042 Graeco
1559 1994 1800 2043 didicisse
1844 1994 2055 2047 videtur.

353 2073 433 2123 Ex
480 2073 685 2136 reliquis
730 2073 1068 2122 Romanorum
1117 2075 1279 2138 poetis
1317 2074 1577 2123 Horatium
1621 2075 1931 2138 potissimum
1966 2091 2056 2124 no-

354 2155 503 2213 mino,
541 2154 627 2216 qui
662 2153 723 2201 ad
761 2153 1049 2218 Euripidem
1088 2170 1240 2219 saepe
1277 2155 1512 2218 respexit,
1549 2160 1602 2203 et
1636 2156 1863 2218 probavit
1899 2171 2055 2220 quae-

355 2249 552 2297 cunque
587 2233 946 2296 Aristophanes
983 2235 1310 2297 vituperavit,
1360 2240 1412 2283 et
1455 2235 1653 2298 saepius
1688 2235 1829 2282 illum
1862 2235 1914 2283 in
1948 2234 2056 2298 epi-

356 2313 499 2362 stolis
546 2317 600 2360 et
648 2314 964 2362 sermonibus
999 2314 1157 2361 fuisse
1191 2314 1481 2362 laudaturus
1516 2314 1738 2375 videtur,
1781 2313 1880 2363 nisi
1912 2313 2058 2379 pedis

357 2393 459 2459 legi
492 2398 666 2442 natura
701 2393 913 2441 nominis
948 2394 1246 2442 obstitisset.

494 2473 644 2536 Vulgi
677 2473 827 2537 igitur
861 2473 1044 2522 iudicio
1096 2478 1200 2521 tum
1238 2474 1418 2523 Graeci
1465 2477 1572 2523 tum
1607 2472 1821 2522 Romani
1853 2472 2060 2537 Euripi-

359 2554 476 2603 dem
511 2555 759 2619 potiorem
797 2553 1050 2618 Sophocle
1092 2554 1319 2602 habit-um
1370 2569 1483 2602 esse
1529 2570 1591 2602 ex
1636 2553 1717 2602 his
1753 2569 1881 2617 quae
1915 2553 2061 2603 attuli

358 2635 658 2684 testimoniis
693 2634 1003 2699 intelligitur.
1070 2635 1127 2682 Id
1163 2650 1282 2683 vero
1318 2650 1373 2683 se
1406 2633 1553 2682 flocci
1599 2650 1696 2682 non
1741 2633 1912 2682 facere
1950 2634 2059 2698 qui-

359 2715 475 2764 dam
509 2715 679 2773 hodie,
715 2715 797 2777 qui
833 2730 888 2762 se
913 2730 1004 2778 pro
1032 2715 1339 2779 sapientibus
1364 2714 1539 2762 haberi
1567 2714 1755 2775 volunt,
1792 2712 2059 2774 affirmant,

359 2798 686 2861 provocantes
719 2795 783 2842 ad
816 2794 940 2843 illud
974 2795 1171 2843 Horatii
1203 2795 1441 2852 verbum:

490 2872 804 2943 „Interdum
838 2874 1018 2939 volgus
1051 2881 1252 2924 rectum
1286 2873 1447 2936 videt,
1485 2880 1562 2923 est
1597 2873 1689 2922 ubi
1714 2877 1955 2940 peccet‚”

361 2955 454 3005 aed
490 2955 631 3004 obliti
666 2970 856 3013 eorum,
894 2970 1022 3018 quae
1057 2955 1121 3003 de
1155 2955 1408 3020 popularis
1442 2954 1607 3003 iudicii
1636 2953 1846 3002 veritate
1881 2951 2061 3001 Cicero

362 3035 632 3101 disputavit
667 3034 806 3082 Brut.
834 3032 880 3099 ξ.
907 3036 1002 3083 183
1028 3051 1168 3099 seqq.
1220 3035 1366 3084 Licet
1401 3035 1532 3083 enim
1569 3049 1696 3097 quae
1729 3033 1816 3081 ille
1849 3033 1915 3081 de
1950 3048 2062 3081 ora-

361 3121 475 3165 tore
522 3114 648 3162 dixit
694 3115 758 3162 ad
792 3114 1047 3163 scenicum
1081 3121 1282 3179 poetam
1316 3115 1507 3176 integra
1542 3111 1844 3173 transferre,
1880 3112 2063 3177 quippe

363 3195 505 3245 cuius
552 3197 784 3259 poemata
827 3210 964 3256 „non
1007 3193 1267 3242 recondita
1316 3209 1588 3259 paucorum
1638 3193 2062 3258 approbationem,

363 3276 456 3325 sed
503 3273 755 3340 popularis
802 3290 1061 3324 assensum
1106 3274 1242 3339 vulgi
1285 3274 1501 3322 debeant
1532 3272 1769 3322 mereri.'’
1837 3271 1984 3334 Quod
2020 3271 2063 3320 si

362 3355 441 3404 vel
473 3356 666 3420 primus
702 3354 781 3404 vel
815 3355 952 3404 solus
988 3353 1256 3419 Euripides
1292 3353 1484 3404 fabulas
1520 3354 1803 3414 docuisset,
1851 3350 2061 3400 aemulis

362 3451 555 3497 carens,
588 3434 768 3485 liceret
801 3435 973 3501 populi
998 3434 1234 3484 iudicium
1269 3435 1411 3485 nobis
1437 3433 1708 3500 aspernari.
1775 3429 1887 3480 Hoc
1922 3430 2056 3481 enim
