2124 3860
897 247 1020 308 305

122 404 249 456 Nam
293 400 510 453 feminae
556 403 868 467 praestantes
913 399 1127 474 virorum
1167 395 1374 446 fortium
1420 396 1604 446 virtute
1651 401 1703 448 et
1733 395 1811 448 in-

123 484 323 549 opinato
372 482 583 531 adventu
618 498 647 530 a
696 480 838 530 malis
873 485 925 529 et
959 477 1271 528 contumeliis
1308 477 1546 542 liberatae
1581 478 1810 529 omnibus

122 564 282 614 tribus
316 563 609 628 tragoediis,
646 577 765 626 quas
801 560 924 608 haec
959 557 1312 622 complectitur
1346 558 1630 619 didascalia,
1669 559 1810 609 exhi-

121 644 318 694 bentur.
387 642 764 693 Atheniensium
812 639 1028 688 conditio
1081 637 1200 702 quin
1235 638 1314 685 his
1350 638 1628 688 fabularum
1663 656 1810 706 argn-

122 724 300 774 mentis
345 739 437 786 per
484 721 849 771 similitudinem
898 719 1143 784 quandam
1189 717 1521 783 significetur,
1572 734 1668 768 non
1717 722 1809 769 du-

121 805 244 855 bito.
313 803 514 851 Etenim
559 802 631 849 illi
667 801 809 849 clade
844 799 1095 848 Siciliensi
1149 799 1209 846 ab
1243 798 1442 863 egregia
1489 815 1580 863 spe
1627 799 1810 849 deiecti

124 890 178 934 et
221 883 442 932 hostium
487 881 771 946 superbiam
820 887 869 930 et
914 881 1159 929 sociorum
1195 878 1453 943 perfidiam
1491 881 1809 929 metuebant:

124 981 154 1012 e
201 979 299 1028 quo
348 963 635 1011 discrimine
681 977 779 1010 non
819 962 1136 1019 videbantur,
1188 959 1282 1007 nisi
1329 959 1580 1024 inopinato
1628 960 1811 1010 auxilio

124 1043 215 1092 viri
250 1043 453 1090 alicuius
488 1041 630 1102 talis,-
667 1041 825 1105 qualis
859 1040 1226 1090 Themistocles
1264 1038 1440 1099 suerat,
1486 1040 1689 1099 servari,
1726 1041 1812 1105 qui

125 1123 379 1173 exhaustis
414 1123 625 1171 civitatis
659 1123 844 1171 viribus
893 1122 969 1170 sui
1003 1122 1184 1185 ingenii
1218 1121 1391 1184 opibus
1427 1119 1713 1168 mederetur
1759 1126 1813 1171 et:

125 1221 154 1252 a
188 1203 474 1252 fortitudine
522 1207 721 1266 peteret
767 1202 827 1250 ad
875 1202 1234 1251 restituendam
1271 1216 1377 1248 rem
1410 1201 1657 1264 perditam
1692 1201 1812 1249 sub-

126 1284 266 1333 sidia.
331 1283 479 1346 Spem
516 1282 669 1347 igitur
704 1288 755 1331 et
788 1282 1088 1332 desiderium
1125 1281 1303 1330 civium
1339 1280 1559 1329 imitatus
1586 1295 1700 1329 esse
1731 1273 1811 1330 his

124 1362 303 1412 fabulis
339 1362 636 1427 EuripideS,
687 1367 742 1412 ut
775 1364 990 1427 erigeret
1022 1361 1212 1412 animos
1246 1361 1462 1411 afflictos
1495 1359 1810 1425 imaginibuS‚

123 1442 298 1507 quibus
334 1441 456 1492 solis
492 1446 704 1509 poterat,
741 1443 954 1493 videtur.

641 1782 713 1838 A.
797 1781 1292 1837 Electra.

257 1925 310 1976 ln
344 1925 569 1976 terminis
601 1931 767 1976 terrae
802 1926 1060 1991 Argolicae
1096 1941 1243 1975 scena
1277 1923 1516 1974 dramatis
1553 1924 1812 1975 constitui-

126 2011 239 2067 tur3
288 2007 453 2073 prodit
500 2014 612 2056 ante
658 2007 820 2056 lucem
869 2022 931 2055 ex
979 2006 1250 2064 aediculis,
1297 2006 1347 2054 in
1394 2005 1571 2070 quibus
1607 2005 1814 2065 habitat,

124 2088 622 2153 operariuspauper,
660 2088 749 2136 sed
783 2087 1043 2151 ingenuus,
1081 2087 1160 2135 cui
1195 2090 1403 2150 nuptum
1439 2085 1553 2134 data
1589 2091 1667 2135 est
1695 2084 1815 2134 Ele-

123 2173 241 2216 ctra.
312 2167 356 2215 ls
391 2168 540 2230 igitur
575 2167 635 2215 ad
671 2172 985 2232 spectatores
1021 2182 1286 2215 conversus
1320 2182 1487 2215 rerum
1510 2172 1690 2214 statum
1728 2180 1815 2214 ex·-

122 2248 263 2311 ponit
294 2247 480 2296 haecce
513 2263 731 2297 narrans.
800 2248 1157 2311 Agamemnon,
1196 2263 1347 2311 quum
1375 2245 1533 2294 victor
1555 2246 1615 2293 ab
1643 2261 1816 2295 eversa

123 2326 275 2376 Troia
310 2344 541 2376 reversus
576 2328 735 2394 spolia
770 2328 1093 2376 barbarorum
1130 2328 1178 2375 in
1215 2326 1416 2390 templis
1443 2327 1640 2391 Argivis
1676 2327 1815 2374 fixis-

125 2411 221 2465 set,
258 2407 376 2455 dolo
410 2410 592 2469 uxoriS,
629 2425 775 2457 manu
799 2407 1025 2471 Aegisthi
1049 2407 1294 2470 iugulatus
1321 2412 1412 2456 est.
1471 2407 1580 2467 Quo
1608 2423 1815 2469 regnum

125 2486 405 2550 obtinente,
443 2488 651 2536 Orestes
686 2490 855 2538 furtim
894 2503 984 2553 per
1018 2488 1357 2552 paedagogum
1391 2487 1545 2550 patris
1578 2485 1816 2550 Strophio

126 2573 207 2614 est
230 2565 473 2616 Phocensi
507 2569 734 2629 traditus,
770 2570 1003 2617 Electrae
1028 2574 1191 2615 autem
1221 2583 1394 2614 necem
1422 2566 1688 2629 Aegisthus
1712 2583 1816 2614 ma-

127 2646 356 2695 chinatus
389 2654 496 2709 est,
546 2649 752 2710 timens,
791 2665 855 2697 ne
891 2648 968 2696 cui
1003 2648 1156 2696 nobili
1188 2646 1379 2711 prolem
1418 2652 1640 2710 pareret,
1689 2662 1817 2709 quae

129 2725 331 2774 caedem
385 2727 724 2779 ulcisceretur.
809 2730 852 2778 A
901 2729 1202 2793 primoribus
1252 2727 1382 2775 enim
1421 2725 1664 2774 Graeciae
1699 2727 1816 2775 viris

126 2806 492 2855 matrimonium
530 2809 638 2857 eius
673 2810 1014 2874 expetebatur.
1089 2807 1439 2856 Intercedente
1474 2811 1662 2866 matre,
1700 2822 1819 2872 ope-

126 2887 260 2935 rario
294 2903 404 2935 eam
440 2888 590 2936 nobili
625 2890 823 2952 quidem
858 2892 1014 2956 stirpe
1048 2895 1190 2951 nato,
1239 2888 1329 2936 sed
1366 2901 1551 2952 egeno,
1601 2887 1820 2936 colloca—

127 2966 229 3016 vit:
267 2969 350 3032 qui
385 2984 536 3032 quum
569 2974 621 3016 et
654 2969 878 3035 ingenuis
913 2971 1134 3019 moribus
1170 2973 1308 3017 esset
1342 2973 1392 3016 et
1418 2968 1677 3016 continens
1703 2984 1820 3016 mo-

127 3046 431 3112 destusque,
477 3049 746 3097 infortunio
795 3050 995 3113 virginis
1043 3049 1281 3099 insultare
1327 3048 1522 3105 noluit,
1568 3049 1657 3096 sed
1691 3047 1818 3098 inte-

129 3141 267 3190 gram
315 3129 532 3177 servavit
574 3129 790 3178 reditum
827 3129 1021 3180 Orestis
1069 3132 1395 3193 exspectans,
1443 3143 1588 3191 quem
1631 3129 1819 3177 frustra

131 3206 401 3269 Aegisthus
450 3225 623 3258 aurum
658 3210 968 3274 pollicendo,
1003 3212 1045 3260 si
1080 3211 1190 3277 quis
1226 3208 1518 3271 occidisset,
1555 3209 1619 3257 de
1653 3207 1818 3257 medio

138 3285 313 3335 tollere
348 3290 633 3338 conabatur.

266 3367 481 3418 Mortem
506 3370 654 3435 igitur
677 3368 876 3420 Electra
903 3371 1134 3421 simulato
1157 3369 1468 3419 matrimonio
1495 3367 1670 3432 effugit
1692 3367 1820 3415 sicut

134 3444 264 3510 apud
314 3447 584 3499 Goethium
617 3450 720 3499 filia
753 3450 843 3498 illa'
870 3452 1063 3515 spuria,
1111 3455 1161 3500 et
1209 3456 1289 3500 est
1329 3451 1588 3513 utriusque
1622 3446 1820 3513 virginis

204 3526 265 3576 Τ.
299 3526 364 3576 ΙΙ.
1426 3531 1493 3576 20
