2170 3866
906 271 1035 332 465

123 421 398 489 repetenda
433 436 576 484 esse,
621 426 710 472 aut
743 421 892 472 etiam
928 421 1079 471 animi
1111 418 1543 486 perturbationem
1578 422 1632 469 et
1666 417 1835 468 libidi-

123 520 238 555 nem
271 503 456 553 iisdem
490 503 777 553 auctoribus
811 502 1177 568 imputandam3
1214 501 1390 550 nimios
1427 505 1594 549 autem
1618 499 1834 550 affectus

123 584 468 650 gravissimam
504 599 619 633 esse
653 590 848 648 pestem
885 584 1014 632 vitae
1047 581 1362 642 mortalium,
1410 596 1535 646 quos
1571 597 1750 647 regere
1783 580 1837 630 in

123 671 293 716 nostra
327 665 480 713 situm
517 681 633 713 esse
668 668 937 729 potestate.
1007 661 1182 728 Longe
1216 662 1371 726 igitur
1398 660 1656 726 Euripidis
1685 660 1835 710 Oedi-

124 761 239 811 pus,
275 750 380 794 tum
418 745 607 809 probus
643 743 728 792 ille
763 749 814 792 et
850 748 1100 802 constans,
1137 746 1243 791 tum
1279 742 1619 806 intemperans
1649 742 1731 790 hic
1758 741 1834 791 in·-

126 841 395 890 sanusque,
432 841 459 873 a
495 823 777 888 Sophocleo
815 823 1010 890 Oedipo
1046 823 1276 873 diversus
1313 826 1407 874 est.

262 905 432 968 Iniqua
476 904 674 954 fortuna
725 921 781 953 se
816 904 877 953 ab
913 904 1118 954 infantia
1154 920 1298 954 usum
1333 907 1385 952 et
1420 902 1628 952 deorum
1664 902 1740 951 ira
1773 901 1837 952 ad

126 985 321 1036 scelera
369 986 679 1050 compulsum
729 1001 844 1034 esse
893 984 1122 1050 Oedipus
1168 985 1411 1049 queritur.
1484 982 1586 1032 Sed
1636 983 1754 1048 quid
1791 984 1838 1034 ei

126 1068 455 1116 succumbere
490 1066 575 1114 isti
611 1065 861 1130 iniquitati
896 1073 950 1115 et
983 1072 1185 1131 patrare
1219 1064 1412 1115 scelera
1436 1063 1594 1128 magis
1625 1080 1838 1114 necesse

126 1146 223 1196 fuit
257 1163 403 1211 quam
439 1146 545 1195 aliis
580 1146 841 1210 plurimis,
892 1147 977 1210 qui
1022 1147 1228 1209 laqueos
1263 1146 1388 1195 istos
1425 1145 1722 1194 daemonum
1757 1144 1839 1195 vel

126 1227 498 1277 declinaverunt
544 1227 623 1275 vel
658 1226 940 1290 ruperunt?
990 1225 1185 1275 Liberis
1221 1242 1315 1291 per
1348 1225 1589 1275 insaniam
1625 1224 1838 1274 interfe-

126 1308 224 1358 ctis
260 1307 572 1356 miserrimus
607 1307 705 1355 fuit
740 1306 1021 1365 Hercules,
1071 1305 1159 1355 sed
1196 1322 1293 1355 non
1328 1306 1538 1362 noxiuS,
1587 1310 1637 1354 et
1673 1305 1839 1370 potuit

124 1402 302 1451 magno
349 1387 511 1434 animo
560 1386 744 1435 fluctus
781 1385 1043 1434 infortunii
1078 1385 1307 1438 eluctari.
1377 1384 1563 1435 Amore
1599 1385 1836 1434 exitiabili

125 1467 308 1516 affecta
329 1464 559 1515 Phaedra
592 1466 927 1528 nihilominus,
965 1466 1098 1531 quod
1136 1466 1264 1514 mori
1298 1482 1446 1529 quam
1479 1481 1692 1531 peccare
1727 1482 1836 1514 ma-

123 1548 239 1609 luit,
286 1545 534 1596 incestum
581 1547 783 1607 vitavit3
831 1547 1046 1611 denique
1093 1547 1220 1595 alter
1267 1546 1354 1595 ille
1401 1545 1657 1611 Oedipus,
1701 1546 1838 1611 quod

122 1628 309 1677 invitus
357 1632 551 1690 patrem
599 1627 924 1676 interfecerat
975 1627 1264 1691 insciusque
1306 1642 1419 1675 cum
1455 1632 1617 1674 matre
1652 1642 1836 1676 concu-

124 1710 320 1770 buerat,
354 1706 486 1755 haud
521 1707 680 1756 multo
715 1708 947 1756 miserior
975 1706 1073 1756 fuit
1107 1707 1309 1773 cognito
1344 1722 1535 1764 errore,
1574 1723 1720 1770 quam
1755 1706 1837 1756 fu-

126 1794 233 1839 erat
278 1793 449 1848 antea,
500 1803 613 1836 cum
668 1788 755 1835 illo
801 1793 1091 1837 teneretur:
1139 1802 1324 1835 vacuus
1373 1788 1504 1836 enim
1551 1787 1649 1836 fuit
1692 1787 1839 1853 culpa

125 1885 290 1934 neque
337 1868 443 1916 irae
491 1868 844 1933 obtemperans
891 1873 976 1917 aut
1010 1866 1182 1916 oculos
1231 1867 1324 1915 sibi
1359 1866 1536 1916 effodit
1571 1872 1656 1917 aut
1690 1884 1838 1919 exse-

126 1955 295 1999 cratus
332 1954 410 1997 est
442 1946 589 1998 filios.

260 2028 494 2082 Eteoclb
533 2027 716 2078 deinde
763 2030 993 2079 mandata
1039 2030 1195 2079 edens
1231 2030 1394 2080 Creon
1430 2028 1721 2095 Polynicem
1755 2030 1837 2080 iu-

127 2112 215 2162 bet
262 2108 566 2174 insepnltum
620 2109 759 2172 eiici,
810 2110 1104 2172 Antigonam
1139 2116 1307 2159 autem
1343 2110 1498 2158 misso
1533 2111 1672 2160 luctu
1706 2110 1839 2159 intra

125 2189 278 2239 aedes
331 2205 387 2238 se
445 2189 699 2254 recipere,
764 2195 820 2238 ut
872 2190 1119 2238 Haemoni
1159 2191 1328 2239 nubat.
1412 2190 1530 2239 lnde
1577 2191 1838 2256 egregium

124 2271 348 2319 nascitur
384 2268 691 2329 diverbium,
733 2286 831 2333 quo
867 2270 1142 2332 Antigone,
1178 2275 1236 2319 ut
1271 2274 1351 2318 est
1385 2269 1560 2319 dolore
1596 2271 1656 2318 ad
1694 2272 1837 2320 obni-

123 2350 332 2400 tendum
365 2349 597 2411 incitata,
654 2349 853 2398 firmum
903 2350 1164 2398 consilium
1215 2356 1322 2399 tum
1371 2350 1611 2400 humandi
1663 2351 1838 2401 fratris

124 2435 234 2480 tum
290 2428 591 2495 aspernandi
653 2430 855 2493 nuptias
914 2435 1019 2478 tum
1068 2429 1337 2479 comitandi
1390 2431 1548 2495 patris
1596 2431 1834 2484 declarat.

126 2511 416 2574 Quaesitum
452 2515 531 2558 est
564 2511 660 2559 iam
696 2527 724 2558 a
760 2510 1016 2558 veteribus
1030 2508 1102 2573 '‘),
1138 2510 1389 2573 quomodo
1425 2511 1538 2559 fieri
1570 2512 1837 2575 potuisset,

126 2594 184 2639 ut
218 2590 488 2652 Antigona,
535 2596 725 2655 patrem
774 2590 1005 2639 continuo
1054 2590 1321 2638 abeuntem
1357 2590 1623 2651 comitata,
1659 2592 1839 2641 eadem

125 2671 338 2720 fratrem
397 2669 630 2719 relictum
690 2671 822 2736 apud
876 2669 1080 2718 Thebas
1142 2670 1398 2734 sepeliret.
1482 2669 1642 2737 Finge
1685 2672 1840 2735 igitur

126 2750 376 2816 Oedipum
410 2749 597 2810 statim,
633 2767 744 2799 cum
780 2750 1029 2800 deductus
1067 2750 1292 2799 Athenas
1326 2749 1538 2811 fuisset,
1576 2750 1839 2800 liberatum

125 2847 299 2881 errore
334 2830 398 2879 de
434 2830 531 2878 vita
565 2829 877 2892 decessisse,
914 2837 1028 2890 aut,
1076 2847 1284 2896 egresso
1334 2836 1476 2880 extra
1509 2831 1635 2880 fines
1672 2837 1839 2882 terrae

126 2910 400 2961 Thebanae
433 2916 579 2975 patre
626 2915 677 2959 et
710 2911 760 2960 in
797 2911 1027 2975 religioso
1062 2910 1226 2975 aliquo
1263 2911 1376 2960 loco
1412 2911 1687 2975 collocato,
1734 2913 1838 2961 vir-

124 2992 288 3059 ginem
326 2990 451 3040 clam
488 2994 642 3039 noctu
676 2992 738 3040 ad
773 2990 1078 3041 humandum
1124 2992 1335 3042 fratrem
1383 2991 1596 3041 redisse.
1666 2992 1836 3042 Alter-

125 3087 243 3123 cans
292 3087 404 3122 cum
442 3070 658 3120 Creonte
695 3072 944 3138 Antigone
980 3076 1132 3138 negat
1176 3073 1285 3122 iure
1320 3072 1486 3139 puniri
1537 3089 1684 3133 cum,
1733 3072 1840 3135 qui,

124 3153 170 3202 si
217 3152 337 3217 quid
375 3152 621 3217 peccarit,
667 3158 829 3201 morte
863 3152 1040 3213 luerit3
1090 3159 1244 3218 negat
1290 3159 1516 3203 mortuos
1551 3153 1655 3202 ullo
1691 3152 1842 3201 modo

124 3233 382 3282 violandos
435 3247 579 3280 esse:
631 3232 952 3296 quamobrem
1004 3249 1093 3293 se,
1144 3234 1342 3283 etiamsi
1388 3250 1485 3283 una
1523 3232 1841 3282 moriendum

127 3313 210 3375 sit,
245 3314 382 3364 iusta
418 3312 466 3361 ei
501 3311 585 3377 pie
617 3312 1006 3377 persoluturam.
1056 3313 1156 3364 Per
1181 3313 1284 3364 vim
1314 3313 1498 3364 deinde
1533 3330 1563 3363 a
1600 3313 1843 3364 cadavere

184 3468 235 3521 ²⁸⁸)
265 3468 334 3511 cf.
366 3469 509 3512 schol.
547 3468 610 3512 ad
648 3481 691 3511 v.
723 3465 854 3510 1692.

192 3537 256 3591 Τ.
289 3539 349 3589 11.
1439 3541 1507 3588 30
