2170 3848
1140 251 1265 308 198

342 399 580 458 continet,
619 397 908 447 describens
944 397 1063 445 solis
1099 401 1262 446 ortum
1299 402 1352 447 et
1385 397 1624 450 lusciniae
1658 391 1884 466 cantum,
1919 407 2027 454 tum

342 483 569 544 pastores
616 477 746 526 inter
793 478 1006 542 syringis
1042 492 1214 525 sonum
1271 494 1450 543 greges
1497 485 1692 543 pastum
1736 488 1940 547 agentes
1975 487 2028 532 et

342 563 599 607 venatores
635 573 745 605 cum
783 559 982 606 canibus
1017 562 1247 606 venatum
1285 564 1558 619 exeunteS,
1593 559 1807 623 denique
1839 578 2025 628 cygnos

341 639 392 686 in
427 636 647 685 fontibus
683 638 868 686 Oceani
916 637 1144 686 ludentes
1190 645 1240 686 et
1272 654 1420 686 naves
1456 640 1615 703 passis
1649 639 1771 688 velis
1806 642 2027 690 secundo

340 724 490 766 vento
535 733 628 782 per
673 734 808 765 mare
851 722 1126 769 currentes.
1197 717 1282 766 Sic
1331 718 1439 766 aliis
1476 719 1568 767 alia
1606 719 1918 779 curantibus,
1951 720 2028 769 fa-

342 798 505 846 mulae
539 798 678 860 ipsae
714 797 773 845 ad
811 798 1008 862 nuptias
1045 798 1228 846 domini
1266 800 1484 847 cantibus
1521 798 1844 848 celebrandas
1865 805 1916 848 et
1951 798 2030 847 of-

342 878 456 925 ficio
492 883 541 925 et
577 877 742 925 studio
780 877 1042 927 ducuntur.
1114 879 1284 927 Eluxit
1317 880 1444 927 enim
1472 880 1672 928 tandem
1702 879 1810 927 dies
1839 879 2031 944 pridem

343 958 471 1005 votis
508 959 775 1021 expetitus,
811 973 908 1020 quo
943 958 1004 1005 ad
1040 959 1224 1007 exitum
1261 958 1568 1009 adducantur
1603 975 1729 1024 quae
1764 960 1888 1008 deus
1910 975 2033 1024 pro-

342 1037 498 1089 misit.
567 1038 609 1085 A
658 1037 752 1085 deo
799 1038 934 1085 aiunt
980 1053 1185 1086 uxorem
1236 1039 1409 1101 regulo
1456 1039 1628 1089 donari
1675 1038 1826 1105 (θεὸς
1871 1035 2033 1097 ἔδωκε

342 1114 488 1181 λέχος
514 1113 718 1180 ἐμοῖσιν
745 1115 1024 1182 ἅρχέταις),
1061 1125 1110 1166 et
1134 1125 1337 1181 peracto
1362 1123 1591 1182 tempore
1620 1121 1913 1184 praestituto
1943 1120 2033 1168 de-

345 1197 478 1246 duci.
547 1199 591 1246 ls
639 1199 790 1258 deus,
840 1205 982 1263 pater
1017 1199 1266 1255 Aurorae,
1317 1199 1514 1262 quinam
1562 1198 1691 1263 apud
1741 1200 2034 1263 Euripidem

343 1277 514 1338 fuerit,
550 1278 687 1325 latet.
759 1278 993 1326 Ceterum
1030 1294 1125 1325 non
1163 1277 1270 1326 sine
1305 1294 1478 1326 caussa
1517 1288 1664 1342 poeta
1701 1286 1753 1328 et
1772 1280 1907 1328 varia
1942 1281 2033 1329 ho-

344 1358 532 1406 minum
582 1365 894 1406 strenuorum
942 1359 1137 1420 negotia
1172 1358 1219 1405 in
1254 1358 1350 1405 hoc
1386 1360 1603 1407 carmine
1639 1365 1691 1407 et
1725 1367 1933 1408 matrem
1971 1359 2034 1408 de

345 1438 528 1485 amisso
574 1438 676 1486 filio
730 1443 1020 1501 querentem
1073 1453 1491 1486 commemorasse
1539 1438 1747 1487 videtur.
1830 1439 2033 1488 Interim

344 1519 647 1582 procedente
691 1524 943 1581 tempore,
989 1533 1134 1581 quum
1181 1517 1276 1564 iam
1324 1518 1416 1564 vici
1466 1523 1518 1566 et
1554 1516 1716 1566 forum
1749 1518 2034 1567 hominibus

345 1598 541 1662 impleri
579 1598 892 1662 coepissent,
946 1598 1114 1661 prodit
1150 1596 1305 1643 filium
1340 1613 1485 1645 manu
1522 1598 1739 1658 ducens,
1789 1614 2036 1662 praecone

346 1679 643 1736 comitante,
694 1693 779 1725 rex
817 1679 926 1741 ipse
962 1676 1167 1740 Merops
1204 1677 1267 1724 de
1302 1677 1390 1732 iis,
1427 1693 1552 1738 quae
1587 1683 1744 1741 parat,
1781 1678 1912 1740 apud
1947 1693 2036 1741 po-

346 1758 515 1822 pulum
555 1758 946 1806 concionaturus.
1017 1756 1232 1816 Praec0‚
1273 1756 1323 1803 in
1360 1756 1569 1804 mediam
1606 1758 1732 1805 viam
1767 1757 1842 1804 vel
1882 1773 2036 1821 paro-

346 1837 461 1885 dum
514 1839 698 1886 theatri
748 1851 1059 1900 progressus5
1094 1852 1268 1898 magna
1303 1851 1426 1884 voce
1460 1837 1646 1884 incolas
1684 1842 1874 1896 terrae,
1911 1853 2039 1900 qnae

348 1916 549 1966 Oceano
599 1919 816 1976 adiacet,
863 1917 1003 1964 iubet
1049 1915 1224 1978 linguis
1277 1914 1443 1964 favere
1493 1921 1546 1964 et
1581 1932 1642 1964 ex
1678 1917 1885 1965 aedibus
1919 1932 2038 1981 pro-

345 2013 545 2062 gressos
581 2002 783 2058 praesto
820 2012 960 2055 esse,
1012 2002 1068 2043 ut
1114 2011 1286 2058 regem
1322 1996 1520 2044 audiant
1555 1997 1702 2045 verba
1740 1994 2038 2054 facientem3

346 2084 452 2126 tum
501 2078 665 2125 fausta
712 2083 948 2140 precatur
993 2075 1209 2139 nuptiis,
1262 2091 1469 2139 quarum
1518 2092 1696 2124 caussa
1738 2075 1864 2124 haec
1899 2076 2037 2124 insti-

345 2162 577 2215 tuantur3
620 2164 874 2220 postremo
925 2156 1174 2204 silentium
1223 2155 1395 2204 indicit
1441 2156 1612 2221 populi
1662 2154 1885 2205 concioni
1919 2170 2037 2203 con-

349 2240 568 2285 vocatae.
1112 2248 1115 2251 ·

481 2314 746 2377 Orationis,
781 2331 928 2379 quam
958 2314 1128 2363 habuit
1152 2313 1378 2379 MeropS,
1413 2319 1614 2379 praeter
1640 2318 1871 2377 quattuor
1887 2328 2037 2362 voces

347 2395 473 2444 nihil
506 2395 757 2444 inventum
792 2402 893 2444 est:

486 2503 549 2511 —
719 2504 783 2523 -—.-
951 2472 996 2524 εἰ
1028 2472 1131 2538 γὰρ
1168 2466 1227 2523 εὖ
1260 2470 1412 2538 λέγω.

352 2555 649 2605 Divitiarum
695 2556 915 2620 pretium
973 2561 1025 2603 et
1070 2555 1340 2604 nobilitatis
1377 2555 1693 2620 splendorem
1734 2559 1786 2603 et
1820 2552 2039 2602 desidiae

349 2635 550 2684 laudem
601 2643 651 2684 et
714 2637 865 2684 vitam
926 2636 1104 2695 talem,
1166 2635 1361 2698 qualem
1415 2635 1621 2683 deorum
1681 2650 1793 2683 esse
1850 2634 2038 2699 Epicu-

351 2716 428 2764 rei
472 2717 750 2779 fingebant,
805 2717 1008 2781 copiose
1057 2716 1117 2763 ab
1165 2731 1224 2763 eo
1272 2715 1606 2780 praedicatam
1645 2730 1759 2763 esse
1794 2713 2039 2762 Goethius

353 2798 633 2860 suspicatus
683 2802 776 2847 est.
846 2796 1113 2859 Reliquum
1161 2802 1501 2856 argumentum
1549 2795 1653 2843 eius
1690 2794 1832 2857 quale
1865 2793 2041 2854 fuerit,

356 2883 531 2941 aperte
567 2883 619 2924 et
656 2877 856 2940 saepius
891 2878 938 2925 in
972 2875 1218 2941 prioribus
1254 2874 1559 2923 declaratur:
1596 2875 1660 2923 de
1694 2874 1875 2939 nuptiis
1909 2873 2037 2922 enim

353 2959 548 3020 patrem
585 2960 637 3003 et
671 2972 781 3004 cum
818 2956 1002 3021 populo
1037 2961 1089 3003 et
1125 2970 1233 3002 cum
1270 2953 1373 3000 filio
1407 2970 1555 3019 agere
1581 2954 1708 3003 velle
1742 2969 1817 3002 vv.
1840 2956 1919 3001 25.
1954 2953 2038 3000 65.

354 3041 405 3083 et
439 3038 519 3082 ⁸13.
559 3036 842 3083 ostendunt.
915 3035 1245 3097 Quamobrem
1283 3050 1409 3096 quae
1444 3034 1506 3081 de
1540 3040 1685 3098 parte
1718 3033 1858 3098 regni
1892 3033 1942 3080 in
1978 3030 2038 3078 fi-

352 3115 473 3162 lium
508 3114 855 3163 transferenda
879 3114 1380 3176 communicandoque
1415 3130 1524 3161 cum
1557 3114 1652 3161 hoc
1686 3112 1897 3177 imperio
1940 3110 2038 3159 fra-

355 3201 552 3260 gmenta
589 3194 828 3257 quaedam
865 3196 986 3243 satis
1023 3194 1266 3242 luculenta
1290 3195 1555 3251 continent,
1591 3211 1652 3243 ex
1684 3191 2039 3255 disputatione,

353 3291 481 3338 quae
517 3274 725 3323 orationi
761 3275 915 3338 patris
952 3280 1312 3332 annecteretur,
1347 3274 1607 3337 depromta
1625 3288 1740 3321 esse
1766 3271 2040 3319 decernen-

355 3354 472 3402 dum
508 3358 605 3403 est.
679 3355 893 3404 Nolebat
941 3356 1070 3404 enim
1116 3353 1250 3402 filius
1288 3369 1491 3402 uxorem
1527 3355 1576 3401 in
1612 3353 1811 3401 domum
1845 3351 1913 3400 ita
1947 3349 2039 3399 du-

354 3450 488 3492 cere,
517 3440 571 3483 ut
584 3435 694 3499 ipe
722 3436 815 3485 sub
842 3435 997 3486 tutela
1029 3438 1397 3503 tenereturQet,
1425 3435 1467 3483 si
1494 3434 1619 3483 deae
1633 3432 1856 3496 coniugio
1871 3430 2040 3494 digna·
