2124 3860
980 247 1102 305 287

198 394 305 445 Non
341 397 608 459 potuerunt
641 392 691 441 in
726 391 823 441 ulla
859 392 1064 458 Sisyphi
1097 392 1265 442 fabula
1287 392 1448 442 locum
1472 391 1655 442 habere
1682 406 1872 451 versus,

199 491 322 540 quos
359 473 535 522 Suidas
572 489 609 522 s.
646 489 687 520 v.
724 470 888 537 χαίρω
929 474 1168 521 servavit:

325 551 492 620 χαίρω
526 550 580 602 τέ
614 553 679 615 σ’,
716 543 757 602 ὦ
792 550 1059 617 βέλτιστον
1091 548 1377 616 Ἀλκμήνης
1408 547 1575 610 τέκος,

331 632 561 685 ἐλθόντα
594 632 688 683 τόν
721 649 774 682 τε
808 632 1001 697 μιαρὸν
1030 628 1335 693 ἐξολωλότα.

201 715 326 764 Nam
364 715 630 778 Sisyphum
668 715 726 761 ab
755 714 970 762 Hercule
1005 713 1223 762 occisum
1259 728 1370 759 esse
1404 727 1550 760 nemo
1576 711 1874 775 scriptorum

202 795 367 844 retulit
385 793 455 855 *).
523 793 668 842 Unde
699 809 793 841 non
832 793 1016 852 dubito,
1052 792 1165 856 quin
1199 792 1368 841 Συλεῖ
1393 791 1568 840 Suidas
1602 791 1875 855 scripserit,

204 892 295 941 pro
331 891 429 938 quo
466 871 691 938 Σισύφῳ
725 874 915 922 scribae
948 873 1287 937 imprudentes
1323 871 1650 938 reposuerint.

331 953 674 1003 Veteratorem
712 970 738 1001 a
773 960 1049 1002 veteratore
1084 961 1367 1016 superatum
1394 953 1630 1001 exhibens
1651 952 1776 1000 haec
1796 951 1874 1000 fa-

202 1034 316 1083 bula
360 1034 560 1097 egregie
607 1051 719 1082 cum
754 1033 1034 1082 Palamedis
1075 1034 1239 1081 fabula
1276 1032 1593 1099 congruebat.
1664 1031 1875 1081 Multam

201 1120 366 1163 autem
411 1113 471 1161 ad
516 1115 778 1163 ridendum
823 1115 1078 1163 materiam
1123 1116 1363 1177 praehere
1409 1115 1567 1178 potuit
1608 1113 1877 1162 ludificatio

202 1194 432 1260 Sisyphi,
489 1196 570 1257 qui
613 1209 775 1243 rerum
821 1194 1207 1259 repetundarum
1256 1210 1427 1242 caussa
1473 1194 1534 1241 ad
1579 1193 1877 1257 Autolycum

203 1281 418 1334 venerat,
455 1279 508 1323 et
540 1276 660 1322 mira
695 1291 857 1324 rerum
895 1273 1251 1322 transmutatio.
1320 1274 1525 1337 Satyros
1561 1273 1619 1320 ab
1645 1274 1741 1321 hoc
1762 1274 1877 1322 dra-

201 1360 335 1403 mate
366 1352 717 1402 non'abfuisse
750 1354 865 1402 inde
900 1353 1141 1417 suspicari
1177 1353 1306 1412 licet,
1343 1355 1474 1420 qnod
1515 1354 1754 1417 quosdam
1791 1369 1877 1403 eo·-

199 1450 308 1482 rum
362 1449 475 1482 cum
530 1434 798 1497 virginibus
866 1440 1170 1498 permutatos
1218 1450 1331 1482 esse
1381 1433 1593 1482 Tzetzes
1650 1440 1878 1483 testatur.

198 1515 435 1563 Extrema
466 1514 662 1564 fabulae
697 1530 811 1580 pars
848 1515 1254 1562 comessationem
1300 1514 1487 1572 habuit,
1524 1515 1764 1579 Autolyco
1799 1514 1879 1563 Si·-

200 1595 415 1659 syphum
465 1595 685 1643 convivio
722 1595 1001 1658 excipiente
1034 1601 1183 1659 atque
1220 1595 1367 1643 etiam
1403 1594 1535 1642 filiae
1568 1594 1879 1643 formosissi-

200 1691 310 1724 mae
358 1674 542 1739 hospiti
592 1676 784 1739 copiam
841 1674 1071 1724 faciente.
1155 1675 1300 1724 Hunc
1357 1692 1522 1723 rerum
1579 1682 1807 1724 eventum
1850 1690 1880 1724 a

201 1754 454 1804 Mercurio
490 1755 599 1820 ipso
635 1755 685 1802 in
722 1755 960 1818 principio
997 1756 1230 1803 dramatis
1256 1756 1561 1819 praedictum
1583 1771 1695 1804 esse
1717 1754 1880 1820 suspi-

202 1850 316 1883 cor:
352 1851 463 1883 nam
498 1834 751 1899 Ulyssem,
788 1850 1036 1882 summum
1068 1836 1240 1898 virum,
1277 1851 1337 1884 ex
1373 1836 1530 1899 stirpe
1558 1835 1765 1884 duorum
1788 1835 1881 1883 ho-

202 1914 390 1963 minum
451 1915 878 1962 callidissimorum
933 1916 1181 1979 procreari
1227 1917 1348 1964 satis
1409 1922 1518 1965 erat
1564 1931 1735 1979 magna
1781 1931 1879 1978 res,

204 2000 263 2044 ut
296 1995 374 2042 vel
409 1994 534 2042 deus
570 1996 613 2042 ei
650 1994 944 2043 efficiendae
978 1995 1157 2043 merito
1193 2011 1390 2061 operam
1429 1997 1583 2044 daret.

335 2074 503 2137 Longe
538 2075 731 2123 diversa
767 2077 826 2124 ab
861 2074 954 2122 hoc
990 2077 1214 2125 dramate
1251 2077 1344 2125 fuit
1369 2077 1566 2140 Sisyphi
1601 2075 1875 2142 tragoedia,

201 2171 346 2220 quam
399 2154 578 2203 Critias
630 2157 902 2220 scripserat
950 2161 1212 2219 tyrannus,
1259 2175 1402 2223 quam
1449 2157 1647 2221 quidem
1686 2156 1880 2205 Plutar-

201 2236 326 2283 chus
375 2251 635 2299 perperam
674 2236 904 2301 Euripidi
950 2238 1188 2297 asseruit,
1235 2254 1402 2286 verum
1440 2245 1691 2286 auctorem
1727 2237 1881 2286 Sexto

203 2313 457 2379 Empirico
522 2316 896 2365 demonstrante
910 2314 1004 2379 **).
1100 2317 1223 2366 Eius
1282 2318 1479 2366 fabulae
1539 2323 1882 2381 argumentum

196 2393 431 2459 Hyginus
466 2409 508 2450 c.
544 2397 626 2445 60.
662 2397 944 2444 reddidisse
985 2397 1192 2447 videtur.
1272 2399 1349 2447 Ad
1387 2399 1595 2447 eandem
1631 2398 1739 2446 sine
1788 2397 1880 2446 du-

202 2475 282 2523 bio
343 2474 631 2523 Aristoteles
682 2475 823 2526 Poet.
878 2480 964 2538 18,
999 2479 1046 2524 6.
1097 2479 1334 2543 respexit.
1414 2478 1615 2543 Sisyphi
1663 2477 1882 2543 pruden-

201 2555 321 2603 tiam
355 2561 470 2618 post
503 2554 776 2605 Homerum
812 2556 952 2605 Plato
988 2558 1155 2620 (Apol.
1184 2559 1323 2607 Socr.
1348 2576 1392 2623 p.
1418 2561 1497 2606 40.
1522 2559 1578 2607 C.
1605 2558 1708 2609 Cic.
1730 2558 1882 2606 Tusc.

203 2634 238 2696 l,
264 2636 346 2696 41,
368 2631 501 2699 98.)‚
549 2636 905 2701 Aristophanes
953 2637 1186 2702 (Acharn.
1215 2641 1354 2702 390.)
1389 2639 1569 2702 aliique
1603 2639 1884 2688 celebrave-

202 2721 345 2774 runt3
395 2715 458 2763 de
492 2715 750 2780 impietate
795 2718 1018 2766 eiusdem
1054 2719 1214 2782 deque
1250 2719 1493 2783 supplicio
1529 2720 1658 2784 apud
1692 2718 1879 2767 inferos

203 2793 434 2858 imposito
468 2810 628 2858 neque
661 2797 713 2844 hi
747 2813 908 2861 neque
943 2799 1210 2864 Euripides
1247 2803 1492 2863 cogitasse
1526 2800 1771 2850 videntur.

262 2935 311 2991 *)
342 2937 455 2978 Cum
470 2934 652 2977 Scirone
665 2936 908 2992 Sisyphum
930 2944 1233 2993 permutantes
1256 2940 1438 2994 quidam
1451 2942 1598 2996 (velut
1616 2941 1758 2983 schol.
1779 2941 1830 2984 Il.
1846 2941 1881 2995 1,

341 3005 438 3048 180.
463 3006 532 3059 w,
556 3005 653 3047 153.
678 3013 721 3049 et
744 3008 884 3050 schol.
915 3009 1026 3052 Stat.
1046 3012 1191 3052 Theb.
1212 3013 1264 3062 ll,
1290 3011 1410 3065 380.)
1447 3013 1565 3054 hunc
1590 3025 1617 3053 a
1649 3013 1689 3053 Τ
1705 3013 1880 3054 heseo

342 3077 567 3119 sublatum
602 3090 697 3118 esse
729 3078 1008 3133 scripserunt.
1072 3083 1139 3123 Ea
1164 3082 1432 3136 permutatio
1460 3082 1505 3124 in
1528 3082 1803 3138 Euripidem,
1833 3087 1880 3125 ut

341 3147 417 3203 qui
447 3147 638 3189 Scironis
666 3147 867 3191 fabulam
894 3149 990 3205 ipse
1026 3157 1293 3208 exornasset,
1328 3153 1512 3197 minime
1544 3152 1848 3197 conveniebat.

232 3217 312 3273 *ἢ
343 3218 413 3261 Cf.
441 3218 600 3262 Matth.
630 3233 673 3273 p.
702 3217 788 3262 323
816 3233 937 3275 seqq.
