2170 3848
887 295 928 354 5

70 449 263 517 placitis
318 463 480 514 neque
535 445 734 512 singulis
783 445 1053 495 eorundem
1105 442 1265 493 effatis
1280 479 1294 505 ‚
1354 441 1444 492 sed
1488 439 1748 490 universae

67 529 413 596 philosophiae
447 532 498 577 et
530 525 777 575 communi
827 523 1148 589 investigandi
1182 522 1347 572 studio
1377 522 1636 570 veritatem
1669 521 1744 570 iu-

69 624 212 669 esse,
246 624 407 672 neque
441 614 542 656 tam
575 607 918 654 auctoritatem
950 605 998 652 in
1033 603 1328 668 disputando
1362 617 1506 664 quam
1540 599 1745 650 rationis

67 694 320 737 momenta
353 687 633 752 quaerenda
667 700 777 733 esse
790 681 859 744 ²⁸¹).
926 683 1070 745 Quod
1104 683 1153 730 in
1186 683 1297 730 vitis
1333 681 1635 744 singulorum
1668 679 1747 729 iu-

67 766 292 817 dicandis
324 766 653 832 praecipitur,
688 768 744 811 ut
779 760 912 810 facta
944 764 1099 827 magis
1134 777 1398 824 moresque
1432 775 1578 822 quam
1614 758 1748 808 dicta

67 861 359 910 arguamus,
404 845 536 893 idem
569 844 618 891 in
651 847 908 907 poetarum
946 842 1178 906 operibus
1224 839 1538 889 aestimandis
1571 842 1747 887 tenen-

69 926 185 975 dum
221 931 316 975 est.
382 923 730 974 Advertendus
767 928 844 970 est
877 922 1067 969 animus
1102 923 1164 970 ad
1196 936 1377 981 mores,
1415 920 1477 967 ad
1509 920 1639 966 vitae
1671 916 1748 967 in·—

72 1006 244 1054 stituta
277 1019 444 1053 earum
491 1017 846 1068 personarum,
892 1017 1012 1065 quas
1047 1007 1273 1066 tanquam
1323 997 1626 1064 exemplaria
1659 997 1749 1068 ads

67 1081 323 1133 miratione
355 1088 505 1147 atque
539 1082 861 1131 aemulatione
895 1081 1178 1146 dignissima
1213 1080 1510 1128 effinxerunt
1545 1082 1748 1140 poetae:

68 1177 195 1227 quae
230 1177 351 1226 quas
378 1162 675 1226 profitentur
708 1160 996 1221 sententias,
1030 1161 1089 1209 iis
1123 1176 1218 1209 non
1252 1175 1344 1223 pro
1377 1157 1671 1223 imaginibus
1698 1160 1752 1204 et

67 1240 300 1290 vitiorum
352 1240 689 1306 praetextibus
733 1246 939 1289 utuntur
973 1256 1133 1306 neque
1167 1239 1346 1287 mentis
1381 1237 1752 1304 perturbatione

68 1321 324 1369 obcoecati
345 1322 407 1369 ad
434 1325 629 1386 tempus
655 1319 991 1384 comprobant,
1014 1321 1101 1369 sed
1124 1325 1355 1382 tanquam
1388 1333 1595 1375 summa,
1618 1329 1751 1379 'quae

71 1407 353 1463 sequantur,
384 1401 595 1449 firmiter
627 1400 676 1448 in
697 1400 859 1448 animo
885 1400 1140 1449 haerentia
1176 1399 1400 1447 effantur.
1469 1396 1626 1444 Cuius
1661 1411 1751 1460 ge-

69 1480 201 1528 neris
239 1486 317 1529 est
350 1480 570 1529 Achilles
617 1480 703 1528 ille
745 1480 794 1528 in
827 1479 990 1528 fabula
1024 1479 1337 1545 Iphigeniae,
1384 1492 1499 1533 non?
1522 1490 1752 1523 ursorum

70 1558 301 1608 medulla
332 1552 493 1624 neque
535 1561 732 1609 leonum
779 1559 1052 1609 visceribus
1087 1560 1330 1616 nutritus,
1377 1556 1464 1604 sed
1503 1554 1753 1614 Chironia,

68 1638 354 1703 probissimi
388 1640 778 1704 sanctissimique
812 1640 930 1701 viri,
978 1639 1200 1689 doctrina
1249 1637 1504 1695 erudituS‚
1552 1650 1612 1684 ex
1656 1648 1754 1698 qua

70 1717 193 1766 illud
226 1723 458 1782 tanquam
491 1720 706 1783 primum
739 1724 887 1782 atque
921 1719 1318 1784 antiquissimum
1351 1715 1488 1765 tulit:

199 1798 459 1861 „Aequam
492 1802 741 1854 memento
775 1799 924 1847 rebus
958 1799 1008 1847 in
1045 1798 1213 1846 arduis

203 1877 413 1926 Servare
447 1881 692 1938 mentem,
727 1893 824 1926 non
860 1894 1004 1927 secus
1039 1878 1091 1928 in
1122 1875 1266 1928 bonis

205 1954 282 2004 Ab
315 1954 551 2003 insolenti>
581 1961 906 2020 temperatam

89 2102 91 2104 q
202 2032 443 2083 Laetitia”
478 2031 573 2096 (cf.
606 2033 762 2098 Iphig.
802 2036 859 2084 Δ.
897 2051 943 2084 v.
979 2038 1137 2101 920.),

73 2113 297 2163 eiusdem
342 2112 573 2162 Chironis
618 2116 900 2180 praeceptis
948 2117 1040 2165 sibi
1104 2117 1164 2166 ab
1211 2110 1548 2163 adolescentia
1597 2107 1756 2160 suasit

71 2193 229 2255 „nihil
261 2209 372 2242 esse
405 2193 455 2242 in
489 2193 588 2241 vita
623 2210 919 2259 magnopere
953 2195 1287 2260 expetendum
1323 2194 1415 2242 nisi
1450 2191 1644 2241 laudem
1681 2195 1754 2238 at-

73 2289 169 2337 que
202 2272 541 2331 honestatem,
584 2274 633 2321 in
669 2291 729 2323 ea
774 2282 937 2324 autem
972 2274 1320 2341 persequenda
1358 2288 1530 2322 omnes
1566 2268 1755 2320 crucia-

72 2357 152 2403 tus
188 2352 426 2417 corporis,
461 2353 620 2401 omnia
652 2355 870 2418 pericula
904 2357 1079 2405 mortis
1103 2362 1254 2419 atque
1288 2353 1450 2403 exsilii
1477 2350 1618 2417 parvi
1643 2363 1756 2398 esse

72 2429 348 2482 ducenda.''
429 2432 598 2496 ltaque
641 2434 758 2482 dum
805 2434 997 2483 libidini
1041 2435 1319 2498 obsequens
1365 2431 1650 2489 MenelauS,
1699 2430 1756 2476 ut

72 2511 407 2562 mulierculam
441 2519 706 2575 recuperet
738 2515 1104 2578 nequissimam,
1139 2514 1322 2564 bellum
1348 2512 1537 2577 patriae
1570 2507 1755 2572 gravis-

75 2591 253 2640 simum
288 2591 527 2654 concitat,
568 2592 686 2641 dum
722 2595 973 2643 ambitioni
1006 2610 1187 2660 parens
1222 2595 1558 2657 Agamemnon
1591 2591 1755 2637 natam

76 2670 407 2720 dulcissimam
441 2687 533 2735 pro
568 2673 720 2722 vitula
768 2679 976 2735 mactat,
999 2674 1135 2723 vdum
1172 2672 1433 2722 multitudo
1467 2669 1608 2718 malis
1643 2665 1758 2715 arti-

77 2750 171 2799 bus
214 2750 594 2815 demagogorum
640 2753 840 2802 incensa
886 2769 1128 2818 praeceps
1173 2753 1334 2801 fertur
1378 2748 1562 2800 insania
1610 2751 1758 2809 atque

80 2828 270 2888 furore,
302 2829 410 2893 ipse
443 2847 532 2895 pro
568 2831 729 2881 salute
755 2849 942 2892 eorum,
978 2834 1060 2896 qui
1096 2833 1147 2881 in
1181 2832 1311 2881 mala
1343 2831 1630 2880 innocentes
1667 2825 1756 2875 de-

78 2912 348 2967 venerunt,
409 2911 492 2969 „in
534 2913 768 2961 maximas
803 2928 858 2961 se
903 2913 1245 2961 dimicationes
1289 2916 1340 2959 et
1387 2909 1758 2975 profligatorum

78 2987 329 3038 hominum
365 2988 575 3052 impetus
606 2988 826 3041 obiicit.‘’
893 2993 989 3040 Hic
1025 2998 1259 3057 quantum
1294 2990 1444 3038 distat
1478 2988 1538 3036 ab
1567 2986 1756 3035 Home-

79 3068 186 3118 rico
218 3068 332 3129 illo,
375 3068 591 3119 mulieris
635 3087 809 3122 caussa
854 3072 954 3121 iras
989 3078 1255 3137 perpetuas
1289 3073 1554 3119 exercente
1586 3070 1638 3115 et
1670 3079 1757 3114 na-

146 3278 197 3334 *)
224 3279 456 3322 Refutavit
493 3280 577 3322 hos
611 3293 753 3335 nuper
787 3284 971 3326 Hasse
1005 3283 1049 3325 in
1090 3279 1397 3325 dissertatione
1439 3280 1494 3322 de
1533 3273 1762 3331 Euripidis

223 3349 539 3404 philosophia,
582 3363 695 3404 quae
725 3356 769 3393 et
797 3353 940 3407 qualis
969 3351 1127 3405 fuerit,
1169 3351 1358 3406 scripta,
1386 3349 1460 3404 qui
1490 3347 1571 3391 etsi
1602 3348 1761 3401 poetae

225 3423 270 3462 et
306 3420 562 3476 philosophi
592 3420 794 3464 officium
832 3436 991 3478 parum
1031 3421 1251 3475 distinxit,
1287 3426 1437 3465 tamen
1474 3431 1589 3475 quae
1619 3414 1760 3458 disse-

200 3485 203 3486 ⁷
225 3489 314 3535 ruit
339 3490 577 3536 utilissima
604 3495 706 3536 sunt
731 3496 776 3536 et
805 3494 985 3552 cognitu
1013 3491 1293 3551 dignissima.
