2124 3860
946 273 1068 332 335

159 428 413 494 inspicere
466 427 619 475 iubet.
705 425 834 473 Esse
882 439 938 472 se
983 422 1271 471 mortalibus
1323 420 1550 470 omnibus
1599 418 1840 481 odiosam,

160 510 351 574 quippe
393 523 503 556 cnm
549 512 780 570 arguatur
824 505 1018 569 prodito
1066 504 1242 551 marito
1290 502 1351 550 ad
1402 502 1624 567 Phryges
1660 500 1840 549 divites

165 589 364 637 abisse.'
415 588 490 635 Ea
539 604 595 636 se
647 587 843 634 iufamia
890 585 1150 632 liberatum
1186 583 1276 641 iri,
1328 583 1370 630 si
1406 599 1606 630 reversa
1638 581 1839 629 domum

168 668 392 717 fraudem
446 669 651 716 deorum
702 666 917 730 aperiat;
964 671 1067 713 tum
1104 662 1386 711 facultatem
1423 663 1532 710 sorc
1566 662 1699 710 filiae
1734 661 1839 709 elo-

166 749 352 796 candae
410 754 462 795 et
522 748 675 795 finitis
732 745 948 793 miseriis
1004 761 1059 792 re
1107 743 1336 791 familiari
1397 759 1573 790 secure
1621 740 1836 790 fruendi.

167 828 356 890 Quodsi
393 828 565 876 coniux
599 826 768 892 procul
804 824 1097 874 interfectus
1134 828 1298 885 esset,
1337 824 1493 871 miuus
1530 823 1578 870 id
1614 822 1837 870 futurum

167 909 401 956 miserum
447 908 636 966 fuisse,
686 923 828 969 quam
877 906 1085 953 eundem
1133 912 1378 953 servatum
1426 920 1454 951 e
1505 902 1736 966 periculis
1782 917 1839 949 se

165 989 472 1050 inspectante
516 988 736 1035 interire.
806 986 949 1047 Quod
974 976 1107 1044 noli,
1143 987 1319 1048 inquit,
1357 1001 1385 1032 o
1418 985 1573 1049 virgo,
1611 981 1836 1031 commit-

164 1074 290 1126 tere,
325 1069 412 1115 sed
450 1069 605 1132 patris
643 1075 861 1115 naturam
900 1067 1180 1130 probissimi
1214 1068 1433 1115 imitare:
1464 1065 1512 1113 id
1549 1063 1680 1112 enim
1714 1064 1836 1113 libe-

164 1148 235 1196 ris
270 1149 422 1196 decus
458 1149 838 1211 pulcherrimum
876 1154 968 1194 est.

296 1227 437 1276 llaec
486 1234 536 1276 et
583 1237 697 1290 apte
742 1234 792 1275 et
841 1226 1055 1291 graviter
1096 1226 1331 1274 dicuntur
1373 1226 1422 1273 in
1458 1224 1698 1290 ‘sepulcro
1732 1223 1839 1272 eius

165 1307 271 1365 viri,
305 1309 442 1355 cuiu's
479 1322 652 1355 caussa
678 1320 770 1354 non
802 1308 961 1354 minus
986 1322 1127 1369 quam
1153 1307 1472 1370 superstitum
1499 1307 1671 1368 agitur,
1698 1319 1839 1368 prae-

164 1388 334 1436 sertim
371 1403 534 1435 coram
570 1387 827 1436 sacerdote
861 1387 966 1434 eius
1003 1386 1188 1449 populi,
1223 1403 1248 1434 a
1285 1402 1382 1449 quo
1418 1393 1608 1434 constat
1634 1385 1841 1433 sanctis-

163 1467 286 1515 sima
320 1466 555 1530 religione
597 1466 824 1530 sepulcra
875 1482 987 1514 esse
1022 1466 1369 1515 defunctorum
1406 1472 1458 1515 et
1493 1468 1709 1514 honores
1744 1464 1841 1513 coli

163 1546 352 1594 solitos.
423 1545 653 1594 Omnium
691 1562 828 1602 vero,
866 1563 994 1610 quae
1027 1562 1237 1609 unquam
1271 1547 1321 1596 in
1349 1546 1668 1595 atrocissimis
1694 1560 1837 1593 caus·-

164 1627 231 1675 sis
267 1627 395 1674 dicta
429 1634 560 1682 suut,
598 1632 650 1674 et
684 1622 970 1691 gravissima
1000 1633 1050 1674 et
1085 1628 1370 1690 dignissima
1408 1633 1459 1675 et
1491 1626 1841 1675 sublimissima

163 1707 319 1754 oratio
366 1711 444 1754 est
480 1706 711 1756 Menelai.
781 1706 890 1754 Nou
940 1706 1186 1770 supplicat
1218 1706 1422 1772 virgini,
1467 1722 1564 1753 non
1599 1705 1838 1766 lacrimat,

161 1801 258 1834 non
295 1786 513 1833 demisso
548 1787 852 1850 conspicitur
898 1787 1086 1843 auimo,
1131 1786 1336 1848 gloriam
1384 1802 1547 1834 rerum
1584 1791 1839 1851 gestarum

163 1871 214 1914 et
246 1865 423 1930 prioris
458 1866 587 1913 sitae
621 1867 934 1929 splendorem
964 1866 1287 1917 dedecoratis.
1340 1866 1469 1928 Quid
1498 1867 1663 1915 enim‘!
1699 1867 1740 1915 si
1765 1866 1839 1915 iu·

164 1951 238 1993 sta
273 1962 368 1993 non
403 1946 696 2008 impetrarit,
731 1947 857 1994 hanc
889 1947 1110 1994 ultimam
1148 1946 1474 1994 calamitatem
1510 1947 1639 1994 sicut
1671 1946 1839 2011 priora

162 2026 418 2085 tolerabit,
455 2025 533 2072 illa
568 2034 729 2073 autem
765 2026 998 2074 sacerdos
1032 2027 1183 2089 impie
1216 2025 1408 2075 fecerit.
1481 2026 1665 2074 Contra
1692 2026 1839 2075 simul

163 2121 219 2154 se
253 2105 396 2170 digna
432 2112 582 2168 atque
616 2122 697 2163 ea,
735 2122 859 2168 quae
893 2105 1041 2153 huius
1087 2106 1310 2153 sodiceut
1342 2107 1585 2165 animum,
1620 2107 1742 2155 dicit
1776 2107 1838 2155 ad

158 2186 404 2233 tumulum
438 2187 568 2247 regis
604 2185 782 2248 sepulti
817 2186 1058 2234 accedens
1094 2194 1144 2233 et
1177 2200 1378 2234 uxorem
1413 2187 1533 2234 fidei
1552 2187 1682 2234 illius
1702 2203 1838 2235 com.-

158 2265 362 2312 missam
399 2280 692 2326 reposcens:
730 2266 860 2328 quod
908 2266 1041 2313 idem
1090 2271 1195 2325 est,
1246 2282 1301 2314 ac
1336 2267 1378 2313 si
1416 2267 1546 2315 filiae
1580 2267 1688 2316 eius
1723 2284 1835 2332 sup-

157 2344 393 2409 plicaret:
440 2359 536 2390 non
572 2350 737 2407 potest
771 2345 901 2399 euim
937 2345 1062 2394 llaec
1096 2347 1432 2406 committere,
1466 2355 1522 2395 ut
1556 2355 1718 2411 pater,
1756 2350 1838 2414 qui

157 2425 295 2472 vivus
354 2424 674 2484 laudabatur,
732 2426 862 2473 male
906 2425 1073 2488 audiat
1118 2429 1177 2475 ab
1223 2427 1398 2475 inferis
1448 2428 1653 2477 excitus·
1733 2428 1838 2478 Nec

158 2502 391 2551 Proteum
437 2503 628 2563 solum,
685 2507 775 2553 sed
818 2507 1100 2572 universum
1144 2505 1330 2554 Orcum
1376 2508 1595 2566 invocat,
1654 2514 1709 2557 ut
1752 2515 1838 2558 aut

157 2583 386 2630 restituat
419 2597 643 2647 corpora,
681 2601 806 2649 quae
836 2602 925 2649 pro
962 2586 1182 2635 Helenae
1216 2587 1379 2633 reditu
1414 2588 1550 2649 quasi
1586 2588 1838 2637 immolata

159 2662 432 2725 acceperit,
480 2671 562 2711 aut
605 2663 875 2714 Theonoen
922 2667 981 2714 ad
1019 2666 1362 2730 praestandam
1400 2667 1548 2714 fidem
1582 2673 1836 2731 paternam

159 2747 319 2804 cogat.
389 2741 643 2792 Postremo
679 2746 825 2794 docet
868 2747 1057 2794 iurasse
1092 2762 1172 2804 se,
1210 2747 1250 2793 si
1289 2762 1440 2794 uxore
1475 2747 1719 2810 privetur,
1753 2755 1838 2799 aut

158 2837 271 2869 cum
322 2836 440 2884 rege
490 2838 683 2872 manum
732 2842 994 2875 conserere
1041 2834 1124 2875 aut
1167 2827 1214 2873 in
1252 2827 1443 2874 tumulo
1492 2843 1547 2875 se
1590 2829 1838 2893 simulque

157 2915 364 2949 uxorem
409 2902 716 2953 interficere:
765 2908 817 2955 id
866 2912 1162 2972 perpetuum
1212 2905 1479 2954 'l‘heonoae
1528 2908 1748 2958 dolorem
1783 2915 1835 2958 et

155 2981 286 3045 patri
331 2982 437 3029 eius
484 2985 798 3047 opprobrium
847 2987 972 3036 fore.
1044 2987 1382 3035 Abducturum
1419 3002 1474 3034 se
1509 2989 1678 3052 utique
1713 3005 1833 3038 uxo-

156 3075 292 3122 rem,
328 3062 370 3107 si
407 3062 566 3110 minus
600 3064 648 3111 in
682 3067 917 3139 patriam,
963 3075 1101 3117 certe
1134 3066 1196 3114 ad
1230 3066 1449 3127 inferos,
1495 3075 1548 3118 et
1581 3084 1694 3118 cum
1727 3069 1833 3132 glo-

156 3140 228 3187 ria
263 3143 621 3190 occubiturum.

287 3219 524 3269 Profecto
559 3221 628 3269 nil
663 3228 828 3286 potest
860 3226 922 3274 ad
955 3226 1354 3290 persuadendum
1390 3226 1644 3276 efficacius
1681 3225 1832 3290 (δρα-

155 3297 394 3367 στήριον)
432 3302 650 3358 inveniri,
688 3319 831 3366 quam
864 3305 987 3354 haec
1023 3314 1101 3354 est
1129 3306 1300 3367 oratio,
1336 3308 1414 3355 cui
1438 3308 1634 3369 quidem
1665 3306 1832 3355 Theo-

154 3395 264 3439 noe,
295 3381 707 3429 etiamsifratrem
722 3383 954 3433 iniustitia
979 3390 1230 3450 aequaret,
1254 3394 1416 3434 tamen
1438 3388 1672 3435 resistere
1699 3387 1830 3435 nullo

153 3459 299 3507 modo
333 3466 518 3523 posset.
587 3460 684 3510 Sed
721 3464 980 3514 molestum
1017 3471 1108 3527 est,
1146 3466 1275 3529 quod
1300 3466 1569 3526 Menelaus,
1606 3467 1667 3515 ad
1690 3466 1830 3515 theav
