2170 3848
889 292 981 348 69<

107 443 227 492 dere
259 446 464 509 propter
496 443 701 489 naturae
727 439 1123 488 communitatem
1148 436 1388 499 opinetur,
1422 426 1773 503 interpretatus

107 527 201 572 est.
267 523 380 572 Hoc
426 526 593 569 autem
644 520 791 567 modo
832 519 915 583 qui
950 516 1241 566 carminibus
1277 515 1583 574 afficiuntur,
1632 523 1772 568 recte

104 601 389 652 afficiuntur
421 607 474 649 et
506 600 756 663 patiuntur
787 598 870 660 id,
919 596 1050 661 quod
1086 595 1288 644 efficere
1323 610 1565 646 summum
1599 603 1770 662 poeta-

105 697 215 731 rum
249 681 470 731 officium
503 684 594 728 est.
1190 674 1197 683 ‘
1271 674 1278 676 ”

237 760 550 809 Inveniuntur
581 762 743 806 autem
775 755 1001 804 homines
1034 755 1290 804 brutorum
1311 755 1469 805 instar
1490 756 1770 806 animalium

104 840 323 906 stupidi,
370 839 453 904 qni
485 838 535 885 in
567 835 779 900 propriis
813 835 1021 884 haerent
1054 835 1206 894 adeo,
1254 837 1310 884 ut
1344 836 1405 883 ad
1441 836 1770 885 communium

102 919 470 985 perceptionem
517 917 598 964 vix
640 931 850 979 unquam
895 919 1163 979 emergant.
1231 914 1270 963 Ii
1302 915 1450 980 igitur
1483 931 1630 979 quum
1666 931 1769 964 ma-

105 1000 193 1061 lis,
228 1013 354 1062 quae
385 995 641 1044 imitantur
675 999 870 1059 poetae,
904 1001 1136 1058 tanquam
1169 997 1297 1043 veris
1332 1001 1381 1044 et
1412 995 1624 1060 propriis
1659 995 1769 1044 affi-

101 1079 307 1136 ciantur,
339 1076 543 1124 horrent
576 1075 854 1140 tragoedias
891 1083 941 1124 et
973 1078 1292 1137 aversantur,
1327 1076 1640 1140 impatientes
1675 1076 1769 1124 sci-

98 1159 218 1207 licet
259 1155 470 1217 doloris,
525 1171 671 1226 quem
706 1154 867 1219 poetis
899 1155 1062 1204 invitis
1095 1155 1209 1204 inde
1244 1155 1551 1219 percipiunt3
1599 1155 1768 1215 iidem,

100 1238 184 1287 ubi
217 1237 378 1286 laetae
410 1252 493 1285 res
525 1241 986 1300 repraesentantur,
1022 1234 1085 1283 ad
1117 1235 1364 1295 libidines,
1399 1235 1769 1299 protervitatem

101 1323 154 1367 et
187 1317 430 1365 lasciviam
464 1331 519 1364 se
551 1315 747 1364 invitari
781 1316 1096 1373 arbitra-ntur.
1144 1314 1325 1364 Simiae
1359 1315 1553 1365 cuidam
1585 1315 1678 1363 hos
1701 1315 1770 1363 si-

100 1398 241 1447 miles
276 1412 411 1456 esse,
465 1396 548 1460 qni
581 1396 742 1460 pictos
778 1396 1066 1444 scarabaeos
1102 1411 1164 1444 ex
1198 1396 1376 1444 tabulis
1412 1410 1582 1443 erosos
1619 1395 1768 1443 devo-

99 1477 250 1538 rarit,
285 1478 406 1526 dicit
440 1476 681 1525 Goethius
714 1475 766 1524 in
801 1476 1045 1540 colloquio
1079 1475 1142 1524 de
1176 1477 1305 1524 veris
1341 1481 1391 1524 et
1424 1473 1768 1524 verisimilibus

101 1556 304 1622 operum
354 1556 474 1605 artis
519 1556 721 1620 scripto.
808 1555 934 1604 Sunt
986 1556 1107 1604 item
1167 1556 1248 1604 alii
1302 1555 1467 1619 paullo
1528 1554 1768 1603 eruditio-

99 1653 210 1699 reS,
256 1636 369 1701 qui,
418 1652 568 1700 quum
618 1636 738 1684 artis
787 1651 936 1700 opera
968 1637 1234 1699 fictamque
1266 1635 1593 1684 imitationem
1627 1651 1655 1682 a
1689 1649 1769 1682 ve·

99 1719 245 1767 ritate
287 1732 452 1766 rerum
496 1719 549 1764 et
594 1715 695 1763 fide
727 1716 1076 1764 historicorum
1110 1731 1280 1780 parum
1316 1715 1626 1774 discernant,
1670 1728 1769 1762 non

101 1797 381 1861 quomodo,
431 1794 521 1843 sed
568 1794 684 1858 quid
728 1800 1157 1859 repraesentetur,
1205 1795 1476 1859 respiciunt
1510 1799 1559 1841 et
1590 1794 1768 1858 partim

103 1881 266 1926 amant
298 1875 478 1940 partim
514 1874 725 1923 oderunt
758 1890 884 1937 quae
904 1878 1083 1938 poetae
1110 1874 1406 1923 effinxerunt
1426 1873 1556 1921 facta
1582 1888 1769 1921 mores-

102 1971 213 2021 que,
248 1955 467 2020 partibus
502 1969 706 2018 operum
741 1954 1080 2016 inhaerenteS,
1128 1969 1335 2017 quorum
1382 1953 1442 2000 ad
1489 1954 1767 2002 universam

100 2037 198 2084 vim
231 2035 481 2099 finemque
515 2034 908 2098 cognoscendum
943 2049 1038 2081 non
1072 2038 1342 2097 assurgant.
1402 2032 1471 2080 Hi
1504 2033 1650 2096 longe
1684 2033 1768 2082 ab·

101 2120 214 2164 sunt
245 2114 306 2162 ab
339 2113 450 2174 illa,
487 2129 632 2177 quam
669 2112 966 2163 Aristoteles
1002 2113 1149 2172 dixit,
1185 2113 1477 2177 purgatione
1510 2111 1769 2178 perturba-

98 2197 299 2255 tionum,
335 2209 461 2258 quae
494 2209 557 2242 ex
587 2193 964 2257 contemplanda
992 2193 1240 2242 communi
1261 2209 1426 2242 rerum
1450 2193 1768 2241 humanarum

99 2283 274 2324 natura
305 2273 567 2335 redundat,
604 2278 655 2322 et
688 2274 1035 2337 perturbantur
1067 2273 1180 2338 ipsi,
1219 2272 1336 2322 dum
1370 2273 1534 2321 studio
1569 2274 1771 2335 iraeque

99 2356 149 2404 in
195 2353 528 2418 percipiendis
574 2354 693 2401 artis
741 2353 972 2417 operibus
1014 2353 1286 2419 indulgent.
1367 2351 1580 2401 Materia
1625 2352 1771 2415 igitur

98 2435 250 2498 magis
287 2449 430 2497 quam
465 2433 822 2498 compositione
858 2433 1128 2482 carminum
1165 2449 1249 2481 eos
1286 2434 1443 2482 teneri
1479 2431 1582 2496 (ein
1624 2430 1768 2480 stoff-

98 2515 258 2563 liches
294 2513 538 2562 interesse
570 2511 752 2576 haben)
788 2513 918 2561 idem
954 2513 1078 2561 dixit
1102 2512 1363 2575 Goethius,
1400 2518 1452 2561 et
1470 2513 1591 2561 artis
1617 2526 1771 2575 opera

99 2611 128 2643 a
159 2599 360 2644 naturae
394 2593 625 2656 operibus
659 2608 830 2658 parum
867 2593 1200 2656 distinguere,
1246 2593 1529 2657 passeribus
1564 2589 1770 2650 similes,

102 2674 184 2739 qui
217 2672 278 2720 ad
309 2687 425 2720 uvas
459 2689 487 2720 a
509 2673 732 2721 Zeuxide
764 2673 921 2737 pictas
943 2672 1294 2720 advolaverint.
1338 2671 1655 2734 „Perfecta‚''
1688 2670 1771 2718 in-

103 2754 237 2819 quit,
273 2751 429 2813 „artis
464 2767 642 2815 opera,
678 2759 913 2816 quatenus
950 2751 1144 2818 quidem
1181 2768 1242 2800 ex
1276 2753 1528 2801 hominum
1562 2749 1770 2815 ingeniis

103 2835 418 2891 emanarunt,
461 2837 663 2880 naturae
698 2847 810 2880 esse
855 2848 1005 2897 opera
1037 2831 1193 2879 videri
1225 2837 1460 2897 possunt3
1512 2831 1685 2878 eadem
1720 2829 1773 2878 in

101 2928 252 2961 unum
304 2910 637 2974 coniungendo
685 2927 766 2960 res
813 2911 1078 2976 dissipatas
1137 2915 1189 2959 et
1244 2912 1343 2959 vim
1384 2910 1773 2974 dignitatemque

104 3008 243 3042 suam
288 2989 543 3038 vilioribus
593 2990 900 3040 restituendo
949 2996 1151 3039 naturae
1199 3006 1347 3055 opera
1388 2995 1638 3054 superant.
1707 2988 1774 3036 Et

103 3072 275 3121 volunt
306 3070 387 3118 illa
422 3085 477 3117 se
509 3071 754 3119 mentibus
788 3072 914 3131 bene
947 3071 1234 3135 temperatis
1269 3076 1321 3118 et
1350 3071 1488 3134 quasi
1512 3071 1574 3118 ad
1601 3075 1773 3118 nume-

104 3167 188 3201 ros
233 3149 515 3215 compositis
564 3149 781 3213 percipi,
842 3165 967 3212 quae
1026 3148 1393 3213 perfectissima
1452 3164 1676 3212 quaeque
1722 3151 1774 3195 et

107 3231 332 3281 omnibus
365 3229 582 3279 numeris
618 3229 719 3277 suis
754 3228 1111 3277 absolutissima
1147 3234 1349 3276 naturae
1374 3244 1491 3276 suae
1515 3226 1774 3276 convenire

107 3311 334 3360 sentiant.
383 3309 524 3357 Haec
557 3314 612 3357 nt
644 3309 999 3357 ineruditorum
1035 3314 1231 3373 captum
1265 3307 1475 3372 fugiunt,
1512 3309 1595 3372 qui
1627 3322 1772 3354 vena-

36 3435 50 3439 -
107 3391 229 3438 lium
271 3403 476 3438 numero
522 3403 689 3437 rerum
731 3388 839 3453 ipsa
883 3403 1075 3451 quoque
1111 3387 1229 3435 artis
1263 3402 1413 3452 opera
1447 3388 1657 3443 habent,
1706 3385 1774 3433 ita
1834 3413 1841 3416 -

107 3468 468 3535 intelligente8‚
511 3482 624 3517 cum
658 3466 816 3517 rebus*
839 3468 1156 3531 moribusque
1190 3466 1250 3515 ad
1284 3467 1537 3517 veritatem.
1570 3479 1774 3529 expres-
