2124 3860
1071 252 1193 310 3⁰4

299 408 404 452 tum
446 397 639 448 claritas
690 397 950 455 maiorum,
995 396 1191 446 dicendi
1223 396 1324 458 vis,
1377 399 1599 463 corporis
1633 404 1685 449 et
1718 399 1870 450 decor
1901 405 1954 451 et

299 482 448 531 robur
490 494 599 526 cum
646 477 872 526 militaris
924 477 994 526 rei
1032 466 1339 526 coniunctum
1375 478 1547 541 peritia
1582 484 1632 528 et
1664 480 1843 529 virtute
1877 478 1955 528 ef-

297 560 553 614 ficiebant,
600 562 654 604 ut
698 556 745 605 in
780 557 976 622 reliquis
1014 558 1292 605 conniveret
1326 564 1375 605 et
1410 557 1662 607 moderate
1696 557 1852 608 ferret
1884 558 1956 606 vi-

298 640 361 688 tia
409 635 645 701 populus,
699 635 836 683 cuius
884 637 1073 699 quinam
1120 637 1165 683 in
1213 635 1515 684 Alcibiadem
1559 638 1743 686 animus
1789 637 1954 698 fuerit,

296 716 493 783 egregie
529 715 646 763 dicit
678 730 848 763 versus
885 715 1242 777 Aristophanis:

425 796 588 844 ποθεῖ
618 791 728 857 μέν,
763 790 990 857 ἐχθαίρει
1018 791 1088 856 δέ,
1124 793 1367 858 βούλεται
1401 792 1446 844 δ’
1483 792 1629 859 ἔχειν.

296 876 467 940 Itaque
502 891 648 938 quum
682 874 857 936 insigni
894 882 1034 922 utens
1069 876 1305 923 calumnia
1339 876 1490 923 factio
1527 875 1862 939 optimatium,
1906 877 1959 922 ut

296 954 554 1005 accusandi
611 953 879 1006 Alcibiadis
948 956 1197 1002 materiam
1258 956 1595 1019 perdendique
1657 957 1959 1018 potestatem

295 1035 689 1090 nancisceretur,
740 1032 950 1080 Hermas
986 1042 1133 1082 noctu
1167 1034 1465 1082 truncandos
1503 1038 1754 1093 curasset,
1787 1049 1850 1082 ne
1884 1033 1959 1081 sic

295 1114 491 1179 quidem
529 1129 655 1177 quae
688 1111 841 1160 voluit
876 1120 1100 1161 assecuta
1135 1118 1226 1171 est,
1269 1129 1363 1161 una
1397 1129 1518 1161 voce
1551 1121 1603 1162 et
1636 1113 1797 1162 nautis
1833 1111 1958 1161 mili-

293 1193 521 1256 tibusque
571 1191 940 1240 Atheniensium
994 1198 1044 1240 et
1101 1193 1247 1240 sociis
1292 1193 1427 1241 illum
1478 1193 1824 1257 imperatorem
1868 1205 1959 1256 po-

294 1271 557 1320 scentibus.
630 1270 696 1318 Et
726 1272 911 1333 prodiit
952 1271 1000 1318 in
1047 1272 1332 1320 concionem
1369 1272 1642 1320 Alcibiades
1688 1269 1960 1337 postulans,

294 1356 350 1399 ut
382 1349 445 1397 de
478 1365 534 1397 se
566 1349 670 1397 sine
706 1364 839 1397 mora
874 1340 1103 1398 iudicium
1139 1351 1300 1408 fleret,
1336 1352 1510 1399 durum
1548 1353 1673 1400 enim
1712 1367 1840 1412 esse,
1875 1365 1956 1398 re-

294 1428 427 1477 lictis
462 1429 771 1487 criminibus,
819 1430 1038 1491 periculo
1073 1446 1360 1494 suspensum
1397 1446 1452 1478 se
1497 1447 1607 1478 cum
1643 1436 1779 1479 tanto
1814 1443 1955 1478 exer-

294 1509 393 1556 citu
441 1509 488 1555 in
524 1500 882 1572 expeditionem
921 1509 1079 1570 mitti,
1130 1525 1186 1558 ac
1222 1511 1402 1558 decere
1449 1516 1532 1558 aut
1567 1508 1759 1557 multari
1794 1524 1879 1568 se,
1915 1506 1960 1555 si

292 1602 504 1651 purgare
536 1585 740 1634 crimina
774 1587 1038 1649 nequisset,
1075 1595 1183 1647 aut,
1219 1590 1260 1636 si
1290 1590 1453 1637 insons
1490 1595 1768 1653 compertus
1803 1591 1956 1648 esset,

291 1667 550 1715 liberatum
617 1665 1013 1715 calumniatorum
1085 1673 1217 1716 metu
1293 1684 1489 1732 operam
1547 1667 1771 1716 hostibus
1839 1665 1958 1714 dare

291 1745 558 1794 vincendis.
626 1745 731 1793 Nec
778 1753 938 1794 tamen
985 1747 1167 1794 inimici
1202 1764 1229 1794 a
1265 1747 1466 1794 consilio
1501 1749 1750 1795 absentem
1785 1761 1957 1809 aggre-

292 1825 457 1874 diendi
503 1826 818 1873 destiterunt:
866 1841 1010 1888 quem
1061 1827 1120 1873 ab
1169 1827 1389 1874 exercitu
1440 1830 1752 1874 removentes
1786 1829 1838 1873 et
1870 1839 1959 1888 pa-

292 1905 383 1952 tria
427 1904 698 1967 pellentes,
745 1905 863 1966 quid
912 1905 1042 1953 aliud
1090 1922 1231 1969 quam
1279 1906 1486 1952 classem
1520 1905 1742 1952 maximis
1779 1903 1958 1952 civium

293 1982 533 2032 sumtibus
567 1990 869 2031 exstructam
895 1999 1003 2030 cum
1040 1984 1338 2046 amplissimo
1367 1984 1585 2032 exercitu
1615 1983 1709 2046 ipsi
1737 1997 1960 2046 pessum-

294 2062 537 2110 dederunt
573 2069 622 2111 et
654 2062 882 2110 fecerunt
915 2063 1117 2126 patriam
1154 2064 1379 2111 hostibus
1416 2061 1764 2111 succumbere!

422 2139 608 2189 Confer
655 2157 763 2190 cum
811 2141 1062 2190 Alcibiade
1101 2142 1370 2191 Helenam:
1419 2142 1558 2189 cuius
1605 2141 1814 2205 primum
1850 2139 1958 2203 qui-

293 2219 407 2267 dem
453 2220 572 2267 mira
618 2219 807 2267 formae
853 2222 1147 2283 praestantia
1190 2222 1235 2268 in
1270 2222 1542 2284 perniciem
1578 2226 1629 2267 et
1663 2219 1868 2267 Graecis
1905 2224 1958 2267 et

293 2296 518 2346 Troianis
563 2300 739 2357 vertit;
783 2306 887 2345 tum
937 2298 1134 2346 infamia
1180 2305 1326 2360 atque
1360 2299 1537 2345 invidia
1571 2298 1736 2345 insons
1771 2298 1959 2362 flagrat,

295 2381 347 2425 et
388 2393 415 2424 a
461 2379 618 2442 patria
665 2377 894 2426 exsulans
944 2382 1193 2442 potestate
1227 2384 1359 2425 caret
1393 2377 1648 2424 criminum
1685 2376 1957 2439 purgando-

294 2470 428 2515 rum3
477 2456 687 2521 denique
732 2457 887 2505 omnis
934 2458 1034 2505 vita
1078 2458 1181 2504 eius
1225 2463 1273 2504 et
1318 2456 1514 2504 fortuna
1560 2456 1765 2503 monstri
1808 2456 1960 2504 instar

294 2540 374 2583 est
407 2541 459 2584 et
491 2544 778 2585 consuetum
816 2536 1012 2584 modum
1049 2551 1332 2599 moremque
1367 2535 1563 2583 excedit
1598 2534 1688 2597 (cf.
1725 2550 1769 2581 v.
1802 2536 1956 2598 260.)-

294 2613 467 2662 Insons
503 2622 610 2663 erat
646 2617 926 2664 Alcibiades
961 2632 1148 2677 eorum,
1183 2621 1386 2680 propter
1422 2631 1544 2678 quae
1572 2614 1727 2678 patria
1764 2614 1957 2662 exsula-

295 2692 393 2742 bat.
447 2694 659 2744 Videtur
680 2697 828 2759 igitur
851 2696 1111 2759 Euripides
1147 2702 1359 2758 optasse,
1398 2701 1450 2743 ut
1483 2695 1710 2742 restituto
1737 2696 1957 2756 potestas

293 2772 438 2821 fieret
472 2779 577 2822 tum
612 2774 954 2824 diluendorum
989 2776 1243 2824 criminum
1280 2782 1381 2822 tum
1437 2772 1706 2822 benefactis
1741 2772 1958 2835 priorem

292 2851 474 2900 famam
525 2854 774 2904 abolendi:
834 2862 883 2904 et
926 2861 1119 2919 poterat
1177 2854 1310 2901 solus
1361 2854 1443 2902 ille
1492 2852 1551 2900 ad
1602 2850 1959 2900 restituendam

292 2946 396 2979 rem
431 2933 675 2995 perditam
712 2935 916 2983 idoneus
953 2950 1064 2983 esse
1107 2933 1279 2983 videri.

424 3009 548 3060 Sunt
583 3020 744 3061 autem
779 3014 1009 3063 Electrae
1043 3018 1092 3062 et
1127 3013 1344 3060 Helenae
1377 3011 1572 3060 fabulae
1597 3005 1956 3073 quodammodo

294 3089 590 3139 continuatio
626 3094 930 3159 tetralogiae,
966 3110 1106 3158 quam
1143 3094 1297 3142 tribus
1335 3099 1448 3140 ante
1474 3090 1608 3139 anuis
1635 3089 1683 3135 in
1709 3090 1956 3134 certamen

294 3170 605 3218 commissam
641 3189 753 3222 esse
788 3175 1059 3223 docuimus.
1129 3173 1352 3234 Quinque
1386 3172 1532 3235 igitur
1565 3172 1732 3216 noster
1766 3164 1842 3212 'vel
1865 3178 1954 3212 sex

293 3248 559 3314 tragoediis
593 3251 784 3300 fabulas
818 3254 879 3301 ad
917 3253 1095 3301 bellum
1118 3250 1380 3299 Troianum
1414 3250 1712 3314 pertinentes
1738 3242 1954 3290 illustra-

293 3326 380 3387 Vits
412 3343 532 3391 quas
565 3330 764 3393 quidem
799 3333 1072 3397 tragoedias
1106 3331 1155 3379 in
1200 3331 1320 3380 duas
1357 3327 1643 3377 didascalias
1678 3323 1750 3372 sic
1784 3321 1951 3370 distri·-

293 3405 423 3469 b¹¹it2
473 3413 527 3459 ut
560 3409 737 3462 similia
778 3418 1059 3478 argumenta
1104 3426 1213 3460 cum
1249 3408 1488 3460 similibus
1523 3405 1946 3468 coniungerentur.
