2170 3848
1153 264 1273 323 126

799 509 868 564 D.
951 510 1351 584 Autolycus
1406 511 1616 584 prior.

508 627 587 676 Ex
619 627 717 676 hoc
751 627 971 678 dramate
1004 630 1309 694 depromtam
1344 632 1615 680 orationem
1647 638 1902 682 servarunt
1935 632 2036 683 Ga-

377 708 516 757 lenus
551 712 697 771 atque
732 707 1016 758 Athenaeus
1050 710 1264 759 hancce:
1309 708 1606 776 Εὐριπίδης
1653 707 1712 761 ἐν
1742 712 1816 780 τῷ
1847 711 2038 781 πρώτῳ

377 785 666 851 Αὐτολύκῳ
699 784 858 851 λέγει·

509 868 709 918 Κακῶν
741 865 843 933 γὰρ
879 868 1052 917 ὄντων
1084 867 1292 932 μυρίων
1325 863 1446 919 καθ’
1471 861 1699 920 Ἑλλάδα

506 944 667 998 οὐδὲν
699 947 886 998 κάκιόν
920 944 1059 997 ἐστιν
1093 947 1340 1013 ἀθλητῶν
1373 946 1578 1014 γένους,

503 1028 557 1078 οἳ
589 1028 770 1093 πρῶτα
802 1026 899 1091 μὲν
933 1028 1027 1095 ζῆν
1062 1030 1181 1079 οὔτε
1213 1028 1588 1094 μανθάνουσιν
1620 1021 1678 1078 εὗ

506 1106 618 1160 οὔτ’
655 1107 721 1159 ἂν
756 1108 1008 1160 δύναιντο
1030 1123 1042 1135 ·
1065 1110 1192 1169 Ιπῶς
1224 1108 1325 1174 γὰρ
1362 1108 1497 1169 ὅςτις
1531 1109 1630 1159 ἔστ’
1666 1106 1803 1176 ἀνὴρ

498 1190 712 1256 γνάθου
747 1206 800 1240 τε
836 1189 1030 1249 δοῦλος
1063 1189 1262 1254 νηδύος
1294 1192 1349 1240 θ’
1384 1187 1680 1256 ἡσσημένος

500 1270 732 1336 κτήσαιτ’
769 1268 836 1319 ἂν
870 1270 1034 1334 ὄλβον
1065 1270 1138 1330 εἰς
1167 1269 1469 1336 ὑπερβολὴν
1499 1271 1728 1337 πατρός,·

502 1350 616 1402 οὐδ’
654 1344 723 1400 αὖ
759 1350 1010 1401 πένεσθαι
1044 1351 1421 1416 κάξυπηρετεῖν
1449 1350 1630 1417 τύχαις

502 1424 608 1482 οἷοί
639 1432 714 1480 τ’·
750 1429 849 1497 ἔθη
882 1429 983 1496 γὰρ
1020 1431 1119 1482 οὐκ
1153 1429 1450 1490 ἐθισθέντες
1483 1430 1619 1483 καλὰ

499 1511 736 1577 σκληρῶς
768 1510 1216 1576 μεταλλάσσουσιν
1251 1512 1320 1571 εἰς
1354 1511 1645 1578 τάμήχανα.

498 1590 730 1657 λαμπροὶ
766 1585 814 1642 δ’
844 1588 901 1642 έν
933 1590 1038 1659 ἥβῃ
1072 1590 1160 1644 καὶ
1193 1593 1393 1652 πόλεως
1427 1591 1700 1658 ἀγάλματα

492 1672 741 1737 φοιτῶσ’·
781 1669 909 1723 ὅταν
949 1671 1006 1722 δὲ
1039 1671 1304 1740 προςπέσῃ
1337 1676 1504 1739 γῆρας
1537 1674 1742 1739 πικρόν,

495 1751 747 1819 τρίβωνες
781 1750 1089 1818 ἐκβαλόντες
1124 1754 1360 1819 οἴχονται
1392 1753 1603 1818 κρόκας.

499 1830 812 1898 ἐμεμψάμην
847 1831 903 1884 δὲ
937 1833 1023 1885 καὶ
1056 1830 1150 1885 τὸν
1174 1827 1445 1900 Ἑλλήνων
1477 1835 1648 1900 νόμον

496 1914 549 1965 οἳ
581 1913 737 1965 τῶνδ’
771 1910 916 1966 ἕκατι
949 1914 1209 1979 σύλλογον
1242 1915 1554 1979 ποιούμενοι

495 1994 676 2061 τιμῶσ’
714 1993 956 2061 άχρείους
989 1994 1186 2061 ἡδονὰς
1220 1994 1397 2053 δαιτὸς
1429 1995 1595 2060 χάριν.

498 2075 576 2135 τίς
609 2073 710 2141 γὰρ
744 2075 1004 2135 παλαίσας
1038 2070 1112 2139 εὖ,
1147 2074 1224 2134 τίς
1257 2073 1504 2134 ὠκύπους
1537 2073 1672 2140 α’νὴρ

494 2154 528 2222 ἢ
565 2156 749 2207 δίσκον
782 2159 916 2220 ἄρας
948 2155 981 2222 ἢ
1014 2156 1222 2221 γνάθον
1255 2155 1445 2214 παίσας
1478 2157 1650 2216 καλῶς

499 2236 651 2287 πόλει
684 2235 900 2304 πατρῴᾳ
934 2234 1199 2302 στέφανον
1230 2237 1448 2302 ἤρκεσεν
1481 2236 1684 2300 λαβώνς

494 2317 690 2382 πότερα
721 2322 1016 2384 μαχοῦνται
1049 2316 1374 2381 πολεμίοισιν
1409 2314 1465 2366 έν
1497 2320 1675 2382 χεροῖν

499 2397 715 2458 δίσκους
750 2395 978 2464 ἔχοντες,
1015 2396 1048 2463 ἢ
1085 2397 1152 2448 δι’
1187 2396 1423 2447 άσπίδων
1454 2396 1693 2462 χεροῖν*)

502 2479 772 2538 θείνοντες
807 2476 1092 2544 ἐκβαλοῦσι
1124 2477 1405 2543 πολεμίους
1439 2478 1668 2541 πάτρας;

498 2558 673 2620 οὐδεὶς
706 2559 930 2626 σιδήρου
963 2563 1130 2611 ταῦτα
1164 2557 1415 2624 μωραίνει
1447 2554 1606 2617 πέλας

499 2640 638 2701 στάς.
685 2639 886 2706 ἄνδρας
915 2634 1015 2691 οὖν
1049 2637 1205 2708 ἐχρῆν
1238 2637 1442 2704 σοφούς
1473 2654 1528 2688 τε
1559 2629 1834 2703 κάγαθοὺς

497 2721 718 2788 φύλλοις
752 2719 1036 2787 στέφεσθαι
1070 2723 1249 2790 χῶςτις
1281 2720 1482 2787 ἡγεῖται
1513 2718 1663 2769 πόλει

494 2802 757 2866 κάλλιστα,
794 2802 1026 2869 σώφρων
1057 2801 1147 2854 καὶ
1179 2801 1380 2860 δίκαιος
1414 2797 1489 2850 ὢν
1521 2798 1671 2865 άνήρ,

435 2952 438 2954 q
495 2881 632 2942 ὄςτις
663 2898 718 2932 τε
751 2883 947 2947 μύθοις
982 2881 1089 2949 ἔργ’
1123 2881 1438 2934 ἀπαλλάσσει
1470 2880 1623 2943 κακά,

493 2962 663 3028 μάχας
694 2965 738 3013 τ’
776 2961 1143 3030 οἶφαιρῶνκαὶ
1177 2963 1402 3022 στάσεις·
1440 2964 1664 3011 τοιαῦτα
1694 2959 1797 3026 γὰρ

495 3043 643 3094 πόλει
675 3061 729 3094 τε
762 3045 904 3113 πάσῃ
936 3044 1064 3096 πᾶσί
1095 3045 1150 3096 θ’
1170 3031 1418 3109 ’Ἕλλησιν
1449 3040 1597 3091 καλά.

364 3125 619 3188 Quosdam
641 3127 817 3175 horum
841 3143 1070 3175 versuum
1096 3126 1245 3174 etiam
1275 3123 1581 3182 Eustatlnius,
1604 3121 1849 3184 Dfogenes
1861 3117 2025 3166 Laert.

362 3212 414 3255 et
448 3205 740 3254 Plutarchus
776 3207 1059 3258 attulerunt.
1128 3205 1431 3254 Sententiam
1475 3202 1775 3260 universam,
1822 3203 1883 3254 ut,
1917 3197 2025 3260 ple-

418 3371 467 3426 *)
498 3370 711 3413 Codicum
750 3385 854 3425 pars
890 3374 1056 3428 χεροῖν,
1086 3384 1190 3426 pars
1215 3370 1324 3413 ποσί
1350 3370 1550 3424 praebet.
1607 3367 1814 3421 Πυγμαῖς
1837 3377 2025 3418 repone-

500 3455 612 3493 rem,
642 3441 680 3483 si
710 3446 942 3496 correptae
971 3442 1179 3499 syllabae
1208 3444 1307 3484 ante
1336 3455 1393 3495 γμ
1411 3442 1588 3495 praesto
1618 3440 1734 3480 esset
1754 3435 2023 3490 exemplum.
