2164 3840
1131 238 1253 295 384

355 387 560 438 sceleris
593 383 877 448 ignovisset,
909 384 1054 434 irasci
1088 400 1196 433 eam
1232 384 1479 434 sacerdoti
1511 400 1719 452 puerum
1742 387 1794 437 in
1818 386 2029 438 delubro

353 465 640 531 deponenti,
686 465 838 529 pollui
889 480 1026 512 sacra
1072 481 1160 513 sua
1207 469 1383 530 putare
1418 469 1560 529 partu
1595 466 1853 532 deposito,
1902 483 2028 532 quae

351 553 577 609 stuprum
611 543 919 608 inspiciendo
949 544 1148 593 minime
1184 560 1239 592 se
1273 544 1509 609 pollutam
1546 560 1657 594 esse
1682 551 1918 610 putasset,
1953 547 2029 596 in-

352 613 522 689 eptum
559 640 671 673 esse
705 624 828 672 dicit
862 624 996 686 virgo
1043 640 1203 688 neque
1239 639 1482 688 personae
1526 625 1649 674 deae
1682 631 1732 675 et
1766 627 2026 691 sapientis-

354 706 508 753 simae
543 709 594 752 et
628 703 934 753 castissimae
972 705 1261 752 convenire:

482 810 548 819 --
711 812 777 820 —
941 784 1110 834 σκῦλα
1151 780 1246 847 μὲν
1282 782 1634 850 βροτοφθόρα

481 862 673 929 χαίρεις
706 862 883 926 ὁρῶσα
916 861 1005 914 καὶ
1038 864 1243 927 νεκρῶν
1277 861 1492 928 ἐρείπια,

479 942 580 994 κού
613 942 779 1007 μιαρά
813 954 897 994 σοι
930 945 1077 995 ταῦτ’
1114 940 1278 994 ἐστίν·
1317 943 1361 994 εἰ
1396 944 1443 996 δ’
1478 940 1579 1011 ἐγὼ
1612 945 1786 996 .’τεκον

481 1021 660 1074 δεινὸν
692 1023 802 1074 τόδ’
835 1023 954 1090 ἡγῇ.

474 1105 693 1154 Famulis
739 1105 1014 1154 sacerdotis
1067 1106 1205 1154 chori
1255 1121 1456 1155 munera
1503 1104 1663 1153 delata
1709 1105 1870 1154 fuisse
1905 1121 2022 1156 con-

346 1190 631 1234 sentaneum
668 1191 764 1235 est.
837 1185 940 1234 Has
977 1186 1153 1250 igitur,
1190 1186 1411 1237 nuntiato
1447 1185 1676 1245 oraculo,
1720 1200 1815 1249 quo
1849 1202 1939 1235 rex
1971 1186 2022 1235 in

345 1265 553 1314 delubro
586 1265 834 1328 piaculum
867 1281 1107 1328 quaerere
1142 1267 1428 1323 iubebatur,
1465 1265 1512 1312 in
1549 1265 1782 1314 auxilium
1817 1281 2021 1325 vocasse

343 1347 483 1410 Auge
517 1346 735 1403 videtur,
776 1351 825 1392 et
861 1360 1047 1407 orasse,
1085 1352 1138 1394 ut
1173 1346 1222 1394 in
1257 1344 1649 1394 reconditissimo
1684 1345 1875 1395 delubri
1908 1346 2020 1395 loco

343 1426 578 1474 infantem
615 1424 963 1472 occultandum
1008 1430 1262 1473 curarent:

474 1503 726 1568 γυναῖκές
760 1500 937 1569 ἐσμεν
975 1501 1039 1554 τὰ
1071 1500 1167 1569 μὲν
1202 1505 1342 1569 ὄκνῳ
1377 1501 1662 1567 νικώμεθα,

471 1582 536 1634 τὰ
571 1583 619 1635 δ’
654 1582 754 1634 οὐκ
789 1581 856 1634 ἂν
887 1582 1040 1650 ἡμῶν
1073 1583 1278 1646 θράσος
1311 1581 1690 1650 ὑπερβάλλοιτό
1724 1599 1815 1643 τις.

337 1664 499 1731 Negat
536 1665 715 1714 chorus
751 1665 902 1715 ullum
938 1682 1052 1715 esse
1085 1672 1182 1714 tam
1221 1669 1468 1713 secretum
1506 1664 1698 1714 delubri
1731 1665 1921 1726 locum,
1966 1665 2016 1715 in

338 1760 434 1809 quo
470 1744 725 1808 depositus
754 1761 878 1808 puer
906 1744 1080 1794 fallere
1115 1746 1464 1808 investigantes
1493 1745 1675 1808 possit3
1713 1744 1800 1792 sed
1834 1744 2014 1795 nihilo-

337 1825 497 1874 minus
519 1832 685 1888 sperat
707 1825 817 1874 fieri
842 1841 1011 1891 posse,
1039 1830 1094 1874 ut
1113 1826 1339 1890 opinione
1369 1825 1582 1888 decepti,
1609 1825 1728 1873 dum
1749 1824 2016 1875 remotiora

338 1910 645 1965 scrutentur,
681 1922 755 1967 ea,
791 1922 917 1969 quae
951 1907 1047 1955 sint
1081 1907 1128 1954 in
1166 1909 1364 1970 promtu
1399 1905 1576 1969 posita,
1613 1910 1949 1971 praetereantz

466 1986 586 2043 ποῖ,·
622 1984 733 2044 πῶς
770 1982 826 2035 δὲ
861 1984 1003 2051 λήσει
1015 2004 1030 2044 ,·
1065 1984 1143 2044 τίς
1179 1982 1235 2034 δὲ
1268 1989 1379 2049 νῷν
1412 1982 1590 2044 πιστὸς
1627 1983 1819 2050 φίλος,·

468 2064 729 2129 ζητῶμεν·
763 2064 799 2132 ἦ
833 2064 1046 2132 δόκησις
1081 2064 1388 2129 ἀνθρώποις
1420 2064 1604 2129 κακόν,

466 2142 555 2194 καὶ
588 2145 935 2211 τούπιχειρεῖν
969 2144 1344 2210 ἐξαμαρτάνειν
1378 2148 1530 2212 φιλεῖ.

462 2224 651 2287 Regem
687 2226 865 2275 deinde
900 2243 1010 2275 cum
1046 2228 1296 2276 lictoribus
1331 2229 1392 2275 ad
1429 2226 1854 2290 pervestigandum
1883 2229 2012 2272 tem-

334 2302 469 2368 plum
505 2303 768 2369 lucumque
801 2307 1076 2354 venientem
1108 2306 1359 2365 sacerdos,
1393 2305 1501 2352 iure
1525 2320 1614 2352 suo
1638 2320 1693 2351 se
1717 2302 2010 2360 defendens,

334 2385 395 2433 ab
441 2384 646 2434 introitu
693 2386 934 2450 prohibet.
1003 2383 1225 2433 Tandem
1274 2399 1364 2449 per
1398 2385 1493 2431 vim
1538 2383 1797 2432 lictoribus
1830 2383 2009 2431 irrum-

332 2463 584 2527 pentibus,
620 2464 891 2514 iniustitiae
925 2468 1114 2530 patrem
1151 2471 1203 2513 et
1238 2464 1501 2529 superbiae
1537 2467 1766 2512 accusat:

463 2543 639 2603 κακῶς
674 2543 722 2595 δ’
759 2545 968 2595 ὄλοιντο
1003 2543 1209 2607 πάντες,
1251 2543 1302 2593 οἳ
1333 2540 1614 2607 τυραννίδι

461 2623 745 2691 χαίρουσιν
780 2623 929 2692 ὀλίγῃ
966 2626 1009 2675 τ’
1046 2620 1103 2675 ἐν
1136 2623 1282 2675 πόλει
1314 2622 1604 2690 μοναρχίᾳ·

461 2705 819 2770 τούλεύθερον
850 2704 954 2772 γὰρ
992 2707 1169 2771 ’ὄνομα
1201 2702 1400 2764 παντὸς
1433 2703 1598 2766 ἄξιον,

463 2783 567 2836 κᾶν
601 2786 776 2851 σμίκρ’
811 2786 900 2854 ἔχῃ
928 2804 1021 2850 τις,
1057 2785 1235 2852 μεγάλ’
1269 2781 1403 2851 ἔχειν
1437 2785 1721 2849 νομίζεται.

462 2867 665 2917 Invento
701 2885 874 2934 puero,
908 2868 1115 2918 necdum
1151 2867 1359 2930 cognitis
1394 2867 1706 2933 parentibus,
1740 2864 1936 2914 dicendi
1959 2866 2005 2913 vi

332 2946 538 2995 efficere
573 2949 761 3006 studet,
797 2954 851 2996 ut
883 2948 1080 2997 infantis
1115 2953 1302 3043 patrem
1338 2947 1592 2995 misereat:

460 3023 538 3085 τίς
573 3025 617 3076 δ’
653 3026 769 3093 οὐχὶ
803 3027 971 3094 χαίρει
1003 3024 1208 3093 νηπίοις
1240 3025 1545 3092 άθύρμασιν
1559 3025 1645 3090 *),·

330 3104 550 3154 Mortem
585 3108 712 3156 enim
748 3125 836 3158 rex
884 3109 1085 3174 parvulo
1120 3110 1358 3173 parabat,
1408 3107 1599 3173 sagittis
1634 3122 1745 3155 eum
1779 3083 2003 3168 transfigi

329 3185 531 3247 iubens3
561 3186 626 3235 cf.
654 3187 826 3253 fragm.
855 3192 943 3238 13.
977 3185 1169 3254 κέρας
1203 3184 1510 3252 ὄρθιονῆ
1549 3183 1737 3250 νευρά·
1775 3181 1998 3247 Εὐριπί-

388 3358 437 3416 *)
464 3361 645 3418 Dubito,
681 3376 738 3404 an
767 3363 900 3407 huius
925 3379 1021 3408 esse
1049 3365 1139 3408 loci
1168 3365 1325 3407 ducam
1347 3367 1516 3408 lemma
1537 3359 1780 3418 Hesychii:
1826 3361 1927 3414 φιλ
1942 3372 2002 3402 o-

472 3447 498 3475 ἳ
511 3447 537 3490 9
551 3448 581 3476 α
595 3429 672 3490 φή
683 3448 729 3485 ς,
758 3429 858 3492 ὃνή
880 3434 1108 3493 συνήθεια
1127 3433 1411 3492 φιλότροφον
1429 3432 1545 3489 λέγει
1558 3447 1569 3459 ·
1592 3428 1846 3488 Εὐριπίδης
1865 3423 2002 3486 Αὔγῃ.
