2170 3848
962 265 1042 323 95

297 414 674 468 Commodatum
723 413 1005 479 accepimus
1052 411 1280 477 quicquid
1329 413 1550 460 nostrum
1595 425 1708 459 esse
1756 408 1840 458 di·-

166 502 336 559 cimuS,
351 513 449 547 non
473 496 632 545 solum
649 496 818 556 vitam,
837 495 925 543 sed
940 493 1087 542 etiam
1107 498 1308 541 externa
1321 491 1450 540 bona
1463 489 1839 554 (Phoen.555.).

164 582 304 630 Haec
339 578 424 643 qui
457 578 787 642 reputabunt,
833 575 884 622 in
918 587 1210 636 quocunque
1242 575 1389 620 erunt
1421 571 1653 619 fortunae
1687 576 1836 630 statu,

164 659 459 710 modestiam
509 657 773 705 servabunt
822 657 875 701 et
930 650 1208 701 verecunde
1255 653 1405 700 rebus
1460 652 1840 714 hominibusque

164 745 386 789 utentur.
457 735 568 786 Non
620 734 739 782 licet
783 732 905 780 iram
952 737 1247 797 perpetuam
1292 746 1559 789 exercere,
1609 731 1837 795 quoniam

165 836 230 869 ne
249 820 351 867 vita
386 817 583 881 quidem
609 816 851 877 perpetua
875 812 1017 862 nobis
1045 827 1284 860 concessa
1307 816 1385 859 est
1399 807 1635 875 (Philoct.
1656 811 1836 876 fragm.

166 899 229 948 T.
264 898 300 947 Ι.
338 914 386 961 p.
423 897 577 956 357.).
648 891 760 941 Non
811 893 926 941 licet
967 893 1149 941 viribus
1188 892 1291 939 suis
1326 892 1406 939 vel
1441 891 1616 955 opibus
1650 890 1839 940 fretum

166 977 448 1027 humiliores
483 978 829 1034 contemnere,
877 973 1105 1037 quoniam
1142 972 1348 1021 cuilibet
1395 972 1626 1020 accidere
1670 975 1840 1036 potest

164 1056 295 1120 quod
342 1054 553 1118 cuipiam
600 1052 783 1101 accidit
839 1069 999 1118 neque
1042 1052 1302 1117 quisquam
1345 1057 1460 1101 ante
1519 1057 1729 1101 mortem
1778 1053 1839 1100 ab

162 1135 438 1184 infortunio
471 1138 611 1182 tutus
647 1139 741 1182 est.

295 1214 388 1263 His
424 1213 568 1263 dictis
603 1213 860 1275 Theseus,
907 1229 1100 1262 memor
1146 1213 1469 1261 certaminum
1517 1211 1840 1277 plurimorum

164 1295 628 1358 contraimprobos
677 1310 705 1342 a
753 1311 808 1343 se
857 1300 1007 1359 atque
1052 1292 1438 1342 Atheniensibus
1486 1294 1579 1340 iam
1627 1291 1842 1341 feliciter

164 1381 580 1436 sustentatorum,
617 1390 807 1423 memor
841 1375 1027 1440 gloriae
1061 1380 1114 1423 et
1148 1374 1439 1421 incrementi
1474 1372 1686 1420 civitatis
1723 1373 1839 1422 inde

165 1455 376 1520 accepti,
411 1455 565 1503 minas
592 1470 737 1518 pares
763 1456 962 1520 paribus
982 1455 1203 1504 hostium
1228 1453 1469 1514 referens,
1501 1453 1662 1518 parari
1685 1470 1839 1511 arma,

164 1552 367 1595 currus,
408 1551 560 1600 equos
597 1535 761 1595 iubet,
797 1539 853 1583 ut
888 1536 1052 1584 statim
1089 1551 1202 1583 cum
1235 1533 1488 1594 exercitu,
1523 1534 1662 1582 ducis
1696 1534 1841 1582 simul

162 1616 522 1682 praeconisque
556 1614 726 1664 officio
759 1615 869 1679 ipse
902 1614 1131 1679 fungens,
1166 1619 1350 1663 terram
1374 1614 1591 1663 hostium
1617 1614 1838 1675 invadat;

164 1695 432 1746 Adrastum
467 1701 630 1745 autem
667 1711 926 1745 remanere
957 1695 1114 1754 iubet,
1148 1694 1322 1742 nolens
1353 1693 1500 1742 huius
1534 1694 1731 1758 genium
1765 1695 1840 1743 in-

163 1776 380 1825 faustum
417 1791 507 1824 suo
540 1776 757 1835 misceri,
791 1778 865 1836 ut,
900 1791 1052 1839 quum
1087 1775 1191 1823 sine
1225 1775 1481 1823 numinum
1519 1774 1687 1822 favore
1719 1775 1840 1823 nibil

164 1855 458 1905 mortalibus
503 1856 662 1921 prosit
706 1856 885 1916 virtue,
928 1855 1144 1919 propriis
1192 1860 1336 1903 utens
1385 1855 1664 1904 numinibus
1713 1871 1838 1920 opus

164 1936 412 2000 perficiat.

295 2014 660 2078 Longissimum
693 2016 930 2077 temporis
957 2015 1187 2079 spatium,
1224 2031 1323 2080 quo
1346 2015 1473 2063 haec
1496 2016 1673 2076 omnia,
1710 2033 1838 2079 quae

162 2095 420 2160 proposita
453 2099 568 2143 sunt
600 2093 824 2155 Theseo,
861 2096 923 2144 ad
959 2086 1143 2144 exitum
1177 2096 1513 2157 adducuntur,
1551 2097 1838 2146 brevissimo

162 2176 379 2224 carmine
414 2174 658 2239 expletur,
693 2176 782 2223 sed
817 2191 895 2236 eo,
932 2192 1027 2240 quo
1050 2176 1260 2226 affectus
1285 2177 1672 2241 exspectantium
1698 2194 1837 2226 acer-

162 2256 290 2305 rime
332 2255 629 2320 depingitur.
699 2255 966 2321 Bipartitus
1011 2256 1141 2305 enim
1177 2258 1359 2307 chorus
1402 2258 1556 2307 incise
1591 2261 1836 2309 membra-

162 2337 356 2400 timque
392 2351 570 2384 canens
606 2340 658 2385 et
693 2336 1012 2402 antispastico
1048 2338 1260 2386 maxime
1293 2343 1437 2386 utens
1469 2354 1691 2401 numero,
1725 2340 1837 2389 vol-

161 2432 282 2465 vens
317 2415 447 2464 inter
481 2431 537 2464 se
562 2417 793 2482 cogitata,
830 2417 1165 2480 exclamando,
1198 2418 1564 2484 interrogando,
1598 2421 1834 2484 opt-ando,

161 2495 510 2560 conquerendo
558 2497 770 2545 animum
820 2496 951 2546 inter
995 2514 1135 2562 spem
1191 2504 1480 2562 metumque
1538 2515 1836 2564 suspensum

161 2575 398 2626 declarat.
466 2576 535 2626 Et
569 2577 725 2641 prima
761 2578 967 2640 quidem·
994 2577 1200 2643 stropha
1234 2578 1472 2628 sollicitas
1508 2596 1563 2628 se
1599 2580 1662 2629 de
1698 2583 1834 2631 exitu

163 2671 276 2704 esse
322 2661 506 2705 matres
551 2657 858 2722 significant:
901 2673 1012 2708 nam
1061 2658 1103 2706 si
1149 2673 1272 2707 nova
1319 2659 1486 2708 clades
1522 2661 1648 2709 cladi
1681 2661 1835 2725 priori

162 2741 216 2784 et
258 2734 421 2784 luctus
468 2737 622 2786 luctui
664 2738 950 2799 adiiciatur,
999 2754 1205 2802 quanam
1253 2740 1452 2789 tandem
1486 2747 1655 2790 mente
1689 2747 1835 2791 erunt

160 2815 331 2880 ipsae,
380 2815 669 2866 calamitatis
704 2819 990 2867 auctrices‘3
1056 2819 1383 2884 Antistropha
1429 2836 1569 2884 spem
1619 2823 1834 2886 produnt

160 2896 272 2944 fore
287 2901 340 2943 ut
353 2902 604 2946 evertatur
623 2898 709 2961 qui
735 2899 1081 2963 triumphavit:
1117 2900 1238 2948 deos
1263 2900 1408 2960 enim,
1437 2903 1659 2965 quamvis
1683 2906 1834 2964 varie,

157 2979 326 3023 tamen
360 2975 489 3023 iuste
521 2984 724 3027 eventus
759 2985 1055 3044 temperare,
1091 2996 1250 3045 neque
1280 2995 1479 3045 semper
1504 2999 1722 3048 urguere
1753 2984 1835 3032 af-

159 3055 350 3116 flictos3
401 3056 602 3105 caedem
638 3064 801 3108 autem
837 3060 1016 3120 caede,
1063 3061 1329 3110 vindictam
1368 3062 1577 3111 vindicta
1609 3064 1706 3113 rite
1738 3081 1832 3129 pu·-

158 3135 268 3184 niri.
328 3134 507 3194 ,Altera
553 3137 756 3203 stropha
791 3146 987 3204 optant,
1042 3147 1096 3189 ut
1130 3141 1225 3189 sibi
1257 3141 1435 3191 adesse
1469 3143 1518 3192 in
1552 3143 1688 3205 loco,
1734 3160 1830 3208 quo

157 3221 418 3279 pugnatur,
456 3221 507 3265 et
541 3224 723 3266 sortem
758 3221 1025 3269 amicorum
1061 3237 1359 3285 cognoscere
1381 3222 1543 3273 liceat.
1611 3223 1832 3287 Denique

156 3295 466 3361 antistropha
499 3297 654 3346 altera
685 3301 946 3362 precibus,
995 3317 1122 3365 quae
1157 3308 1270 3351 sunt
1317 3303 1424 3352 sola
1457 3304 1731 3353 timentium
1766 3304 1829 3352 fi-

156 3375 318 3437 ducia,
353 3375 519 3426 Iovem
551 3379 765 3442 patrium
799 3381 1076 3444 implorant,
1127 3389 1183 3431 ut
1229 3398 1291 3432 ex
1325 3385 1621 3435 contumelia
1655 3386 1707 3433 in
1739 3384 1829 3434 ho·

154 3469 326 3506 norem
360 3458 536 3509 tumuli
569 3459 816 3511 vindicare
850 3476 1058 3526 corpora
1091 3462 1256 3513 liceat.
