2170 3866
1178 247 1308 304 484

392 410 505 445 nam
549 406 649 457 quo
694 390 805 455 quis
853 406 910 441 se
945 396 1134 454 vertat,
1184 392 1228 441 si
1278 409 1375 442 non
1423 394 1556 443 idem
1605 395 1692 458 qui
1730 395 1939 446 iusserit
1973 395 2099 447 deus

393 473 615 539 periculo
651 472 871 536 eripiat?
922 472 1108 521 Iustam
1143 472 1294 536 igitur
1329 474 1534 522 caedem
1565 489 1699 534 esse,
1734 475 1824 523 sed
1849 477 2100 539 miseram,

394 560 449 603 et
482 553 639 602 everti
687 567 891 614 semper
939 553 1149 614 domoS,
1196 553 1280 600 ubi
1317 554 1657 618 coniugiorum
1692 554 1820 604 fides
1869 557 2098 611 violetur.

394 633 698 697 Aeschylum
745 648 958 697 persona
1010 631 1208 681 Orestis
1257 633 1483 682 indutum
1528 633 1658 682 haec
1702 634 1889 683 dicere>
1919 642 2097 700 putes:

398 729 643 763 summam
681 713 811 760 enim
848 719 1271 776 argumentorum,
1311 729 1437 778 quae
1473 719 1523 761 et
1560 712 1874 778 Choephoris
1909 722 1962 764 et
1994 715 2101 764 Eu-

397 793 678 842 menidibus
715 793 899 847 insunt,
937 793 1216 853 continent,
1267 799 1317 842 et
1352 793 1620 858 perstringi
1655 793 1959 858 Aeschylum
1996 802 2101 844 tum

397 874 494 922 hoc
530 881 636 921 tum
674 872 781 919 aliis
818 870 965 918 huius
1011 872 1248 920 dramatis
1295 873 1420 921 locis
1477 873 1676 937 planum
1712 879 1807 925 est.
1874 873 2104 924 Peccavit

397 954 627 1011 Orestes,
666 951 754 1000 sed
793 952 1019 1015 peccavit
1055 951 1298 1016 deceptus
1333 953 1546 1001 virorum
1577 953 1986 1018 gravissimorum
2012 971 2099 1004 au-

395 1034 650 1093 ctoritate,
685 1048 829 1080 suum
864 1047 1083 1079 errorem
1130 1032 1223 1079 diis
1259 1033 1644 1095 imponentium,
1691 1033 1741 1080 id
1779 1033 1911 1096 quod
1948 1035 2097 1084 mise-

396 1130 509 1163 rum
543 1119 641 1164 est.
709 1111 887 1175 Neque
938 1112 1091 1160 habet
1139 1127 1236 1175 quo
1285 1128 1340 1160 se
1386 1117 1578 1160 tutetur
1613 1119 1813 1176 praeter
1847 1114 2099 1164 oraculum

397 1195 506 1243 dei:
542 1209 655 1242 nam
691 1192 884 1254 reliqua
918 1197 1238 1255 argumenta,
1272 1191 1321 1240 id
1358 1192 1490 1256 quod
1526 1193 1637 1258 ipse
1673 1193 1855 1255 sentit,
1905 1194 2099 1244 infirma

397 1277 527 1340 sunt

455 1340 470 1347 ‘⁷
528 1351 639 1401 Non
685 1351 900 1400 vincitur
946 1352 1042 1401 hac
1089 1351 1310 1401 oratione
1356 1352 1677 1416 Tyndareus,
1733 1354 1824 1401 sed
1870 1353 2100 1402 irascitur

396 1432 742 1482 vehementius
779 1438 830 1481 et
865 1431 923 1479 ad
962 1432 1268 1496 perdendum
1296 1432 1530 1491 Orestem
1553 1432 1857 1482 accenditur.
1926 1435 2100 1497 ltaque

398 1515 634 1563 continuo
669 1513 785 1561 hinc
818 1513 867 1560 in
904 1513 1195 1560 concionem
1231 1513 1412 1577 pergit,
1448 1520 1501 1560 ut
1534 1513 1583 1560 in
1613 1513 1910 1577 supplicium
1944 1529 2099 1578 nepo-

397 1600 506 1644 tum
562 1592 801 1658 populum
858 1592 1063 1640 incitet:
1128 1607 1239 1639 nam
1287 1592 1539 1640 Electram
1584 1609 1780 1656 quoque
1827 1607 1986 1657 poena
2029 1592 2101 1641 ait

400 1673 740 1739 dignissimam
777 1689 921 1734 esse,
962 1677 1019 1720 ut
1055 1688 1182 1736 quae
1217 1687 1475 1720 sermones
1511 1673 1710 1721 auribus
1745 1671 2102 1722 insusurrando

400 1760 452 1803 et
498 1754 689 1802 somnia
739 1753 804 1801 de
839 1754 1210 1816 Agamemnone
1251 1751 1499 1800 narrando
1534 1756 1588 1800 et
1621 1752 1849 1802 adulterii
1885 1754 2099 1816 turpitu-

399 1835 565 1883 dinem
611 1833 922 1881 ostendendo
967 1833 1183 1881 animum
1218 1832 1393 1881 fratris
1430 1833 1768 1893 exacerbarit,
1815 1833 1975 1882 donec
2021 1832 2099 1881 in-

400 1915 632 1964 cendium
680 1914 949 1973 excitaret,
1000 1928 1098 1976 quo
1146 1913 1324 1960 domus
1360 1918 1756 1961 consumeretur.
1824 1913 1917 1962 His
1953 1912 2100 1961 dictis

398 1994 690 2056 monitoque
726 1988 986 2052 Menelao,
1028 2008 1091 2039 ne
1126 1992 1306 2056 impios
1343 1999 1665 2057 cognatorum
1700 1993 1796 2058 piis
1829 1992 2100 2058 praeferat,

400 2075 490 2122 sed
536 2074 665 2121 sinat
709 2089 738 2120 a
784 2073 973 2121 civibus
1008 2073 1250 2132 interfici,
1297 2079 1381 2121 aut
1423 2073 1624 2122 interim
1658 2077 1794 2122 terra
1827 2072 2099 2138 Spartano-

399 2170 510 2203 rum
547 2153 773 2210 excedat,
811 2169 923 2200 cum
962 2151 1160 2199 famulis
1197 2153 1313 2201 abit.
1857 2208 1863 2212 K
2023 2213 2026 2215 Β

533 2231 683 2279 Cuius
721 2231 948 2278 discessu
984 2231 1320 2278 confirmatior
1345 2232 1509 2278 animo
1536 2230 1764 2288 Orestes,
1799 2246 1913 2279 cum
1937 2229 2096 2278 ambi-

399 2327 521 2378 gere
570 2309 857 2358 Menelaum
905 2308 1100 2368 videat,
1151 2309 1456 2373 argumentis
1504 2309 1813 2373 gravissimis
1863 2309 2097 2357 auxilium

401 2392 510 2441 eius
554 2406 838 2453 expugnare
886 2392 1123 2437 conatur:
1172 2387 1311 2436 Nihil
1359 2395 1417 2436 tu
1463 2390 1588 2436 mihi
1635 2395 1834 2438 tuorum
1882 2389 2100 2453 imperti,

403 2471 492 2520 sed
529 2470 689 2518 redde
734 2485 861 2532 quae
907 2486 935 2516 a
970 2474 1114 2532 patre
1146 2475 1317 2516 mutua
1352 2469 1626 2532 accepisti:
1675 2485 1772 2517 nou
1808 2484 1930 2532 ope·
1966 2468 2098 2528 dico,

403 2552 503 2599 imo
541 2566 691 2612 opum
742 2551 901 2597 instar
936 2550 1063 2606 erit,
1100 2547 1143 2596 si
1177 2548 1387 2596 animam
1425 2566 1582 2597 meam
1635 2549 1930 2598 servaveris.
1995 2548 2102 2597 Fac

402 2647 483 2678 me
531 2631 727 2676 noxium
775 2646 919 2689 esse3
966 2627 1287 2679 nihilominus
1330 2629 1451 2676 mihi
1488 2630 1727 2677 auxilium
1763 2629 1945 2677 debes:
1986 2643 2099 2675 nam

403 2711 741 2775 Agamemnon
778 2725 992 2773 quoque,
1028 2712 1173 2771 pater
1203 2724 1359 2770 meus,
1380 2715 1431 2757 te
1467 2710 1650 2758 iniuste
1677 2708 2102 2770 facientem,.ipse

404 2791 549 2854 culpa
585 2805 795 2848 vacuus,
833 2788 1045 2849 adiuvit,
1091 2803 1272 2850 corpus
1307 2790 1545 2852 periculis
1581 2790 1846 2849 obiiciens,
1891 2792 1948 2837 ut
1983 2803 2100 2835 cou-

403 2870 532 2934 iugis
581 2874 695 2917 tuae
739 2875 998 2933 peccatum
1055 2868 1345 2931 corrigeret.
1427 2870 1593 2918 Unum
1627 2869 1774 2918 diem
1821 2883 1913 2933 pro
1956 2867 2099 2915 nobis

402 2965 606 3013 operam
642 2965 809 3008 naves,
844 2964 940 2996 non
976 2948 1153 2996 decem
1187 2964 1371 3008 annos3
1416 2951 1562 2997 etiam
1599 2949 1802 3009 sororis,
1838 2964 1965 3011 quae
1994 2947 2098 2995 Au-

403 3023 503 3076 lide
538 3029 793 3076 immolata
827 3032 922 3087 est,
958 3043 1131 3076 necem
1167 3027 1258 3075 tibi
1296 3030 1535 3090 condono,
1579 3045 1741 3092 neque
1777 3032 1831 3075 ut
1866 3026 2098 3076 Hermio-

399 3124 511 3157 nam
549 3109 817 3157 interficias
853 3107 1067 3172 postulo.
1137 3108 1310 3171 Aequo
1345 3109 1509 3157 animo
1555 3114 1607 3157 te
1639 3108 1947 3173 superiorem
1983 3121 2098 3154 esse

400 3189 591 3254 patior,
644 3188 730 3236 sed
779 3189 935 3237 vitam
982 3203 1144 3236 meam
1193 3195 1242 3235 et
1277 3189 1463 3236 sororis
1498 3189 1806 3251 grandaevae
1837 3186 1968 3252 patri
2004 3187 2097 3234 mi-

400 3283 515 3318 sero
565 3284 734 3316 serva:
784 3269 1003 3316 moriens
1052 3267 1180 3316 enim
1230 3268 1401 3316 orbam
1435 3269 1664 3333 relinquo
1698 3266 1916 3316 domum.
1985 3265 2097 3314 Dif-

399 3348 532 3397 ficile
566 3363 680 3397 esse
715 3346 851 3397 factu
884 3348 984 3396 ais:
1022 3352 1074 3396 at
1107 3347 1303 3396 ubinam
1329 3348 1474 3397 amici
1500 3349 1719 3398 officium
1747 3346 2092 3411 praestabunt,
