2170 3866
891 277 1019 337 547

114 433 229 499 quis
260 423 571 496 negabit‘2*)
639 425 743 478 Sed
776 426 1029 492 quisnam,
1075 424 1172 476 nisi
1202 424 1435 487 insanuS,
1467 421 1814 474 incendiorum

112 511 424 564 vitandorum
460 524 635 558 caussa
669 509 771 574 igni
804 507 1129 573 popularibus
1160 505 1466 555 interdicet‘}

245 591 480 640 Redeunt
514 589 690 638 famuli
725 606 754 638 a
787 586 1016 636 Pentheo
1050 587 1219 637 emissi
1251 586 1471 635 vinctum
1507 585 1814 635 adducentes

113 672 405 730 Bacchum,
451 669 536 733 qui
583 668 786 734 quidem
836 672 1018 734 sponte
1067 683 1123 716 se
1165 666 1584 732 persequentibus
1630 665 1815 714 obtulit

113 769 276 818 neque
307 755 503 801 mutato
536 751 700 800 vultus
736 748 933 809 colore,
969 748 1060 798 sed
1094 747 1271 797 hilaris
1305 747 1591 811 ridensque,
1618 746 1816 795 vincula

115 833 325 899 accepit.
406 831 565 880 Simul
611 830 838 880 nuntiant
885 829 1139 890 Bacchas,
1187 843 1506 893 quascunque
1539 828 1589 876 in
1622 827 1816 875 vincula

114 912 411 963 coniecisset
444 910 728 972 Pentheus,
772 909 952 959 solutis
987 914 1164 975 sponte
1200 909 1388 958 catenis
1418 909 1704 974 apertisque
1738 907 1815 956 di-

115 994 294 1043 vinitus
329 992 526 1042 foribus
570 992 621 1041 in
669 998 864 1040 montes
912 991 975 1040 ad
1007 990 1384 1040 bacchationem
1419 1004 1648 1038 reversas
1685 1003 1814 1036 esse.

113 1073 227 1123 Rex
258 1078 424 1122 autem
458 1072 595 1122 demi
626 1072 824 1122 vincula
857 1071 1058 1120 Baccho
1104 1070 1246 1119 iubet
1286 1070 1386 1118 iam
1429 1070 1481 1118 in
1514 1073 1817 1135 potestatem

115 1170 256 1203 suam
290 1153 504 1214 tradito,
541 1158 595 1202 et
629 1153 906 1202 admiratur
938 1152 1303 1200 formositatem
1339 1166 1398 1200 ac
1433 1150 1640 1199 delicias
1673 1150 1816 1198 iuve-

112 1235 189 1284 nis
240 1234 435 1299 prolixa
492 1249 635 1283 coma
681 1238 884 1298 praeter
927 1248 1079 1296 genas
1125 1231 1380 1280 defluente
1438 1235 1654 1294 cuteque
1698 1243 1816 1277 can-

109 1314 230 1365 dida
261 1314 466 1377 insignis
499 1318 553 1361 et
574 1314 833 1376 captandis
857 1311 1108 1369 amoribus
1133 1311 1314 1360 idonei.
1381 1310 1615 1373 Exquirit
1635 1308 1818 1359 deinde

112 1396 179 1444 de
211 1394 408 1458 patria,
446 1392 511 1440 de
545 1406 764 1457 genere,
800 1391 866 1439 de
900 1405 1159 1438 sacrorum
1195 1395 1372 1439 natura
1405 1390 1675 1439 admodum
1709 1405 1818 1438 ma-

109 1474 246 1540 ligne
280 1478 432 1536 atque
469 1470 862 1531 contumeliose,
910 1470 962 1518 in
1007 1470 1192 1533 flagitia
1238 1475 1289 1519 et
1334 1472 1601 1521 obscenam
1650 1469 1817 1520 libidi-

110 1570 227 1604 nem
261 1553 507 1618 quidquid
540 1555 715 1618 potest
748 1550 1029 1616 suspiciose
1064 1551 1390 1614 detorquenS,
1424 1557 1478 1601 et
1509 1551 1693 1616 partim
1727 1551 1815 1600 ad·

111 1635 320 1683 miratur
353 1633 587 1698 ambigue
635 1630 883 1680 dictorum
930 1630 1251 1680 calliditatem
1299 1631 1484 1695 partim
1528 1631 1818 1695 indignatur

111 1712 534 1778 tergiversatione
570 1710 776 1760 celantis
817 1727 943 1774 quae
987 1710 1064 1759 fas
1112 1725 1209 1760 non
1245 1718 1325 1760 est
1358 1712 1536 1762 audire
1567 1711 1816 1776 profaniS,

111 1794 293 1859 partim
328 1794 653 1842 exacerbatur
699 1791 1004 1840 confidentia
1047 1791 1237 1840 iuvenis
1271 1793 1548 1857 potentiam
1598 1792 1682 1841 dei
1727 1807 1816 1841 ex-

112 1873 332 1924 tollentis
367 1889 530 1937 neque
563 1871 754 1921 vincula
789 1887 952 1936 neque
987 1871 1234 1937 supplicia
1267 1873 1507 1922 timentis.
1575 1873 1674 1922 Hic
1707 1888 1818 1921 ser-

112 1970 196 2003 mo
244 1970 442 2019 pugnae
487 1953 645 2002 instar
693 1952 991 2002 commissus
1034 1952 1209 2001 nescio
1254 1968 1317 2002 an
1360 1958 1538 2003 tenore
1572 1953 1819 2002 dictorum

112 2035 319 2084 alternis
354 2034 584 2084 versibus
634 2032 861 2083 susorum
899 2037 952 2082 et
998 2032 1044 2080 vi
1094 2038 1247 2098 atque
1292 2035 1519 2083 acumine
1551 2034 1818 2084 verborum

113 2115 334 2164 omnium
367 2114 830 2180 praestantissimus
866 2114 948 2162 sit.
1000 2112 1261 2162 Postremo
1295 2113 1553 2163 Pentheus
1591 2112 1820 2164 desecari

113 2211 282 2245 comas
331 2195 528 2245 Baccho
574 2195 808 2258 demique
856 2192 1085 2258 thyrsum
1127 2194 1266 2244 iubet
1300 2201 1352 2244 et
1398 2195 1618 2245 vinctum
1652 2197 1820 2261 ipsum

110 2276 268 2340 equili
299 2275 515 2335 includi3
573 2274 812 2323 mulieres
849 2279 1034 2334 autem,
1081 2289 1208 2337 quae
1245 2274 1454 2323 chorum
1490 2277 1816 2338 constituunt,

110 2360 198 2405 aut
230 2356 282 2406 in
313 2355 606 2405 servitutem
652 2355 874 2404 vendere
921 2358 1006 2402 aut
1055 2353 1172 2403 telis
1218 2357 1272 2404 et
1316 2355 1532 2404 lanificio
1578 2356 1820 2405 adhibere

114 2435 408 2485 constituit:
468 2450 600 2500 quae
650 2435 854 2484 edicens
907 2435 1004 2483 iam
1052 2449 1212 2498 paene
1254 2434 1473 2484 insanire
1518 2436 1720 2485 videtur
1768 2440 1821 2485 et

119 2530 268 2565 omen
291 2515 505 2565 nominis
522 2513 816 2578 (Πενθεύς,
842 2511 1228 2582 ἐνδυςτυχῆσαι
1251 2514 1473 2579 τοῦνομ’
1496 2510 1818 2582 ἐπιτήδειος)

102 2595 182 2645 ⁴ad
215 2601 449 2644 eventum
483 2595 748 2654 adducere.

247 2674 394 2726 Vatis
427 2674 658 2725 indutum
695 2691 912 2742 persona
945 2674 995 2725 vi
1029 2676 1242 2741 quadam
1290 2676 1450 2725 divina
1488 2676 1708 2742 praediti
1740 2677 1819 2726 in-

114 2755 304 2804 ducens
340 2755 591 2804 Bacchum
624 2755 893 2822 Euripides
945 2757 1045 2806 hoc
1094 2761 1354 2806 assecutus
1390 2762 1493 2820 est,
1538 2765 1594 2807 ut
1641 2761 1693 2807 et
1735 2773 1820 2807 ae-

115 2851 214 2900 quo
251 2835 422 2885 Marte
455 2835 609 2884 homo
645 2852 757 2886 cum
791 2837 993 2887 homine
1029 2838 1134 2887 sive
1167 2852 1259 2886 rex
1294 2853 1408 2886 cum
1446 2838 1673 2903 sapiente
1707 2853 1819 2887 cer-

113 2921 283 2966 tamen
318 2916 655 2965 committeret
690 2922 743 2965 et
777 2918 1090 2967 commodius
1125 2919 1377 2968 theatrum
1411 2918 1630 2967 humana
1654 2918 1821 2968 omnia

113 2997 193 3045 vel
229 3002 370 3046 certe
403 2996 633 3045 humanis
668 2997 829 3047 vicina
876 3007 1112 3064 spectans
1162 3003 1564 3048 commoveretur
1608 3000 1819 3050 docere-

112 3081 324 3140 turque:
362 3092 478 3125 nam
512 3077 664 3126 etiam
701 3093 830 3142 quae
862 3085 1093 3129 naturam
1128 3084 1369 3142 superant
1401 3078 1652 3128 eiusmodi
1686 3084 1819 3142 sunt,

113 3163 171 3206 ut
202 3158 341 3207 nasci
374 3157 523 3206 facile
557 3158 740 3222 partim
775 3174 837 3208 ex
881 3161 930 3209 vi
963 3159 1148 3209 furoris
1192 3159 1342 3208 divini
1374 3159 1604 3223 potuisse
1637 3160 1821 3226 partim

113 3251 177 3286 ex
206 3238 391 3287 mentis
425 3237 676 3289 coecitate
708 3238 924 3290 hominis
968 3238 1196 3290 iracundi
1243 3239 1582 3305 obstinatique
1615 3239 1820 3290 videan-

172 3418 225 3474 *)
255 3419 325 3463 Cf.
353 3421 449 3463 Ion.
479 3419 632 3463 552-
651 3418 761 3462 556:
793 3418 1012 3464 κάτοινον
1043 3415 1161 3464 ὄντα
1186 3421 1389 3476 Βακχίου
1419 3417 1540 3479 πρὸς
1569 3417 1815 3478 ἡδονᾶς-

250 3490 380 3535 τοῦτ’
410 3486 541 3537 ἐκεῖν’
575 3486 657 3534 ἵν’
689 3488 1073 3548 ἐσπάρημεν]

1352 3564 1418 3609 35
1440 3560 1469 3593 *
