2170 3848
1154 243 1275 331 192

529 418 713 467 Locum
750 416 1027 482 Euripides,
1063 417 1110 465 in
1147 435 1244 483 quo
1277 435 1357 468 res
1392 427 1666 483 agerentur,
1699 423 1851 472 talem
1887 424 2046 485 finxit,

400 496 553 560 qualis
587 497 838 545 maximam
875 496 1076 544 haberet
1125 499 1537 560 opportunitatem
1571 507 1672 548 tum
1705 502 1895 551 illarum
1931 518 2046 552 con-

397 575 737 624 tinuandarum
786 581 886 622 tum
933 574 992 622 ad
1042 583 1324 624 consuetam
1360 578 1569 626 formam
1602 578 1821 643 finesque
1858 589 2045 645 tragoe-

398 654 506 701 diae
552 655 772 701 fabulosa
824 655 1099 702 revocandi.
1172 655 1241 702 De
1288 658 1422 704 cuius
1470 658 1563 704 loci
1596 663 1765 705 natura
1799 658 1975 708 Strabo
2008 660 2044 709 Ι.

396 750 446 798 p.
481 735 557 781 23.
607 734 792 782 haecce
838 733 1009 781 docet:
1088 734 1399 794 „Priscorum
1453 736 1750 784 Graecorum
1807 739 2045 789 sententia

397 813 526 861 sicut
575 820 719 860 notae
768 828 935 859 versus
985 815 1366 876 septentrionem
1413 820 1586 880 gentes
1633 829 1803 863 omnes
1836 814 2047 878 Scythae

398 892 784 951 nominabantur,
820 892 887 939 ita
924 907 1046 954 quae
1081 894 1140 940 ad
1178 892 1423 942 Oceanum
1460 909 1629 942 versus
1662 894 1920 942 meridiem
1954 895 2048 944 sita

396 980 509 1020 sunt
555 972 713 1018 omnia
747 971 1039 1034 Aethiopiae
1085 972 1279 1020 nomine
1313 973 1618 1024 notabantur.
1685 971 1752 1020 Et
1785 972 2047 1036 Euripides

393 1050 441 1099 in
471 1049 779 1098 Phaethonte
806 1050 1075 1113 Clymenen
1112 1052 1179 1099 ait
1209 1050 1402 1115 Meropi
1425 1053 1583 1099 datam
1621 1067 1748 1111 esse,
1782 1053 1886 1116 regi
1919 1053 2046 1101 illius

392 1135 573 1190 terrae,
611 1147 752 1193 qnam
789 1129 860 1176 sol
896 1146 1004 1177 cum
1041 1130 1289 1194 quadrigis
1324 1147 1516 1179 sursum
1552 1145 1607 1178 se
1639 1130 1816 1180 tollens
1839 1132 2045 1195 primam

393 1227 538 1260 aurea
575 1210 764 1257 flamma
802 1208 979 1271 feriat,
1030 1226 1235 1273 eamque
1283 1211 1341 1258 ab
1389 1210 1598 1268 accoliS,
1648 1211 1730 1272 qui
1777 1211 1912 1276 nigra
1947 1212 2043 1259 sint

391 1297 522 1348 cute,
559 1289 810 1338 Orientem
845 1283 961 1352 (ἕω)
997 1279 1047 1337 et
1081 1290 1295 1338 lucidum
1332 1290 1448 1337 solis
1484 1288 1725 1337 stabulum
1754 1288 2043 1354 appellari.”

390 1370 456 1419 Et
489 1370 585 1417 hoc
619 1369 811 1431 quidem
862 1368 970 1416 loco
1007 1384 1288 1418 communes
1338 1369 1439 1417 vult
1474 1384 1583 1417 esse
1617 1370 1836 1418 Aurorae
1870 1376 1920 1418 et
1951 1369 2045 1418 So-

388 1449 450 1497 lis
486 1447 704 1506 stabula3
738 1448 786 1495 iu
822 1447 881 1494 iis
917 1453 1098 1505 autem,
1134 1464 1255 1511 qnae
1290 1448 1524 1510 deinceps
1560 1454 1850 1510 sequuntur,
1884 1449 2042 1503 vicina

388 1529 475 1577 illa
521 1530 587 1576 ait
629 1526 852 1591 Meropis
900 1543 1010 1575 esse
1056 1527 1335 1587 domicilio,
1396 1532 1446 1575 et
1491 1542 1579 1590 per
1626 1531 1779 1576 totam
1825 1527 2042 1577 fabulam

387 1616 643 1671 utramque
678 1608 847 1654 sedem
883 1607 1142 1665 connectit,
1178 1607 1227 1654 id
1264 1606 1391 1670 quod
1428 1606 1652 1669 profecto
1688 1623 1784 1655 non
1818 1609 2044 1657 convenit

385 1688 433 1736 in
469 1687 806 1749 Aethiopiam,
859 1702 983 1750 quae
1017 1702 1163 1750 supra
1196 1687 1473 1750 Aegyptum
1521 1693 1623 1745 est,
1668 1687 1757 1735 sed
1792 1688 1945 1752 magis
1979 1688 2043 1736 ad

387 1783 522 1817 oram
570 1767 863 1814 maritimam
914 1781 1002 1829 per
1037 1766 1312 1814 universum
1361 1771 1568 1813 tractum
1603 1766 1919 1814 meridianum
1953 1782 2040 1831 pa-

386 1842 627 1896 tentem.''
710 1844 858 1893 Plane
904 1845 964 1892 ad
1014 1846 1339 1893 communium
1385 1850 1437 1892 et
1494 1850 1832 1892 consuetarum
1873 1861 2041 1894 rerum

386 1926 583 1976 modum
619 1931 832 1973 monstra
866 1925 1155 1972 fabellarum
1193 1932 1244 1973 et
1289 1923 1521 1973 miracula
1556 1923 1817 1972 reduxerat
1850 1931 2040 1972 noster:

384 2007 575 2055 fecerat
622 2006 746 2052 enim
791 2004 1145 2052 Phaethontem
1194 2020 1251 2052 ex
1299 2006 1499 2052 aedibus
1544 2005 1760 2068 paternis
1803 2003 1862 2051 a‘d
1913 2002 2040 2052 Solis

386 2087 535 2135 aedes
571 2085 709 2147 quasi
746 2099 772 2131 a
807 2084 961 2130 vicino
997 2084 1055 2130 ad
1094 2084 1303 2131 vicinum
1338 2099 1392 2131 se
1427 2085 1788 2142 conferentem,
1835 2082 2041 2130 finxerat

386 2167 592 2215 eundem
642 2162 771 2210 Solis
832 2162 1001 2210 curruv
1041 2177 1130 2226 per
1177 2163 1368 2212 coelum
1415 2165 1586 2212 eadem
1631 2178 1786 2228 paene
1830 2161 2038 2221 ratione,

386 2261 477 2309 qua
511 2242 834 2305 Hippolytum
870 2257 961 2305 per
993 2247 1175 2289 terram
1209 2243 1348 2300 vehi,
1396 2250 1445 2291 et
1479 2246 1590 2306 post
1637 2243 1827 2290 ruinam
1859 2254 2038 2302 corpus

386 2322 607 2374 eiusdem
642 2322 834 2369 domum
871 2319 1009 2381 quasi
1043 2335 1103 2366 ex
1131 2321 1261 2383 agris
1286 2321 1592 2378 suburbanis,
1627 2335 1898 2382 rursusque
1922 2319 2039 2368 iude

384 2404 445 2452 ad
496 2401 762 2449 Eridanum
807 2400 950 2446 simili
992 2398 1165 2456 modo,
1214 2406 1358 2463 atque
1402 2397 1713 2463 Neoptolemi
1757 2414 1932 2463 corpus
1977 2413 2039 2447 ex

383 2481 586 2546 Delphis
621 2480 669 2528 in
705 2478 1063 2536 Phthiotidem,
1111 2480 1373 2543 reportari:
1421 2479 1470 2527 in
1517 2480 1689 2543 quibus
1733 2479 2037 2542 agnoscimus

384 2563 624 2612 rationem
659 2566 834 2624 poetae
868 2557 1088 2607 fabulosa
1122 2574 1232 2608 cum
1266 2558 1484 2623 physicis
1521 2565 1572 2607 et
1606 2558 1766 2607 divina
1799 2573 1911 2606 cum
1942 2557 2035 2606 hu-

383 2642 539 2690 manis
576 2637 927 2702 coniungentis.

516 2720 661 2768 Hunc
696 2718 826 2765 diem
865 2716 1063 2782 Merops
1099 2716 1284 2781 duplici
1317 2718 1509 2765 nomine
1555 2716 1770 2766 faustum
1804 2715 1899 2764 sibi
1932 2716 2035 2764 for·

382 2803 702 2861 tunatumque
747 2796 857 2844 fore
904 2799 1160 2860 sperabat:
1219 2812 1325 2843 nam
1372 2797 1557 2856 filium,
1604 2796 1817 2860 optimae
1857 2795 2034 2844 indolis

383 2880 768 2935 adolescentem,
805 2891 914 2924 cum
950 2892 1126 2939 sponsa
1161 2876 1321 2923 divina
1356 2877 1665 2924 matrimonio
1699 2875 1939 2937 iungendo
1961 2877 2034 2939 ‘et

382 2960 509 3025 proli
544 2965 595 3005 et
627 2971 778 3018 regno
825 2963 1171 3019 prospecturus
1207 2962 1324 3004 erat.
1392 2955 1456 3004 At
1496 2954 1780 3003 adolescens
1812 2953 1896 3000 alti
1929 2950 2033 2999 ani-

381 3039 447 3087 mi
495 3035 818 3084 conditionem
855 3035 1062 3082 oblatam
1111 3036 1489 3099 aspernabatur:
1543 3050 1650 3082 nam
1696 3048 1787 3094 qua
1834 3030 2033 3092 quidem

382 3123 487 3166 erat
520 3131 709 3164 morum
743 3115 993 3172 castitate,
1029 3113 1153 3161 alter
1189 3113 1513 3177 l-lippolytuS‚
1547 3112 1792 3162 Venerem
1827 3124 2032 3172 sperne-

381 3197 487 3257 bat,
534 3210 626 3258 qua
672 3200 833 3242 autem
880 3193 1184 3241 consiliorum
1221 3193 1551 3256 magnitudine
1595 3197 1644 3240 et
1675 3186 1857 3252 gloriae
1891 3188 2030 3251 cupi-
2078 3182 2090 3204 '²

382 3274 525 3334 dine,
574 3273 851 3321 uuiversum
886 3274 1050 3337 potius
1083 3272 1280 3330 orbem,
1333 3288 1476 3335 quam
1510 3269 1734 3334 angulum
1768 3266 1934 3327 illum,
1980 3266 2030 3314 iu

383 3370 479 3418 quo
513 3359 652 3418 pater
683 3353 934 3415 regnabat,
969 3367 1085 3400 suae
1117 3352 1310 3400 virtutis
1340 3350 1631 3399 curriculum
1655 3347 1764 3395 fore
1784 3346 2027 3410 sperabat.

382 3433 569 3484 Oderat
601 3431 866 3490 desidiam,
911 3430 1199 3481 fastidiebat
1230 3431 1505 3495 voluptates
1538 3433 1589 3479 et
1619 3425 1886 3486 luxuriam,
1933 3438 2028 3488 qua
