<?xml version="1.0" encoding="UTF-8"?>
<!DOCTYPE html PUBLIC "-//W3C//DTD XHTML 1.0 Transitional//EN"
    "http://www.w3.org/TR/xhtml1/DTD/xhtml1-transitional.dtd">
<html xmlns="http://www.w3.org/1999/xhtml" xml:lang="en" lang="en">
 <head>
  <title>
</title>
<meta http-equiv="Content-Type" content="text/html;charset=utf-8" />
  <meta name='ocr-system' content='tesseract 3.04.00' />
  <meta name='ocr-capabilities' content='ocr_page ocr_carea ocr_par ocr_line ocrx_word'/>
</head>
<body>
  <div class='ocr_page' id='page_1' title='image "./euripidesrestitu02hartuoft_0383.png"; bbox 0 0 2124 3860; ppageno 0'>
   <div class='ocr_carea' id='block_1_1' title="bbox 115 310 1817 2998">
    <p class='ocr_par' dir='ltr' id='par_1_1' title="bbox 916 310 1036 369">
     <span class='ocr_line' id='line_1_1' title="bbox 916 310 1036 369; baseline 0 -1"><span class='ocrx_word' id='word_1_1' title='bbox 916 310 1036 369; x_wconf 76' lang='lat'><strong>371</strong></span> 
     </span>
    </p>

    <p class='ocr_par' dir='ltr' id='par_1_2' title="bbox 117 453 1817 1642">
     <span class='ocr_line' id='line_1_2' title="bbox 125 453 1816 524; baseline 0.004 -17"><span class='ocrx_word' id='word_1_2' title='bbox 125 458 322 508; x_wconf 70' lang='lat' dir='ltr'><strong>thorum</strong></span> <span class='ocrx_word' id='word_1_3' title='bbox 355 455 408 504; x_wconf 90' lang='lat' dir='ltr'><strong>in</strong></span> <span class='ocrx_word' id='word_1_4' title='bbox 441 453 719 505; x_wconf 81' lang='lat' dir='ltr'><strong>Thessalia.</strong></span> <span class='ocrx_word' id='word_1_5' title='bbox 791 456 887 520; x_wconf 78' lang='lat' dir='ltr'><strong>Qui</strong></span> <span class='ocrx_word' id='word_1_6' title='bbox 922 475 1073 524; x_wconf 84' lang='lat' dir='ltr'><strong>quum</strong></span> <span class='ocrx_word' id='word_1_7' title='bbox 1112 457 1272 519; x_wconf 83' lang='lat' dir='ltr'><strong>Diam,</strong></span> <span class='ocrx_word' id='word_1_8' title='bbox 1322 458 1527 509; x_wconf 83' lang='lat' dir='ltr'><strong>Deionei</strong></span> <span class='ocrx_word' id='word_1_9' title='bbox 1561 460 1666 511; x_wconf 88' lang='lat' dir='ltr'><strong>sive</strong></span> <span class='ocrx_word' id='word_1_10' title='bbox 1700 462 1816 512; x_wconf 71' lang='lat' dir='ltr'><strong>Eio-</strong></span> 
     </span>
     <span class='ocr_line' id='line_1_3' title="bbox 123 536 1815 607; baseline 0.003 -19"><span class='ocrx_word' id='word_1_11' title='bbox 123 537 204 588; x_wconf 86' lang='lat' dir='ltr'><strong>nei</strong></span> <span class='ocrx_word' id='word_1_12' title='bbox 237 536 417 595; x_wconf 85' lang='lat' dir='ltr'><strong>filiam,</strong></span> <span class='ocrx_word' id='word_1_13' title='bbox 468 551 530 584; x_wconf 81' lang='lat' dir='ltr'><strong>ex</strong></span> <span class='ocrx_word' id='word_1_14' title='bbox 567 551 663 600; x_wconf 88' lang='lat' dir='ltr'><strong>qua</strong></span> <span class='ocrx_word' id='word_1_15' title='bbox 698 541 842 587; x_wconf 88' lang='lat' dir='ltr'><strong>natus</strong></span> <span class='ocrx_word' id='word_1_16' title='bbox 878 545 959 588; x_wconf 86' lang='lat' dir='ltr'><strong>est</strong></span> <span class='ocrx_word' id='word_1_17' title='bbox 994 538 1271 598; x_wconf 76' lang='lat' dir='ltr'><strong>Pirithous,</strong></span> <span class='ocrx_word' id='word_1_18' title='bbox 1316 539 1485 588; x_wconf 85' lang='lat' dir='ltr'><strong>multis</strong></span> <span class='ocrx_word' id='word_1_19' title='bbox 1520 541 1662 590; x_wconf 86' lang='lat' dir='ltr'><strong>donis</strong></span> <span class='ocrx_word' id='word_1_20' title='bbox 1698 558 1815 607; x_wconf 89' lang='lat' dir='ltr'><strong>pro-</strong></span> 
     </span>
     <span class='ocr_line' id='line_1_4' title="bbox 121 616 1815 678; baseline 0.004 -11"><span class='ocrx_word' id='word_1_21' title='bbox 121 617 316 677; x_wconf 85' lang='lat' dir='ltr'><strong>missis,</strong></span> <span class='ocrx_word' id='word_1_22' title='bbox 366 617 418 665; x_wconf 89' lang='lat' dir='ltr'><strong>in</strong></span> <span class='ocrx_word' id='word_1_23' title='bbox 451 616 815 667; x_wconf 78' lang='lat' dir='ltr'><strong>matrimonium</strong></span> <span class='ocrx_word' id='word_1_24' title='bbox 849 617 1104 678; x_wconf 86' lang='lat' dir='ltr'><strong>duxisset,</strong></span> <span class='ocrx_word' id='word_1_25' title='bbox 1148 619 1315 668; x_wconf 87' lang='lat' dir='ltr'><strong>dotem</strong></span> <span class='ocrx_word' id='word_1_26' title='bbox 1351 621 1492 669; x_wconf 82' lang='lat' dir='ltr'><strong>uxori</strong></span> <span class='ocrx_word' id='word_1_27' title='bbox 1528 637 1624 670; x_wconf 92' lang='lat' dir='ltr'><strong>non</strong></span> <span class='ocrx_word' id='word_1_28' title='bbox 1661 621 1815 674; x_wconf 86' lang='lat' dir='ltr'><strong>dedit.</strong></span> 
     </span>
     <span class='ocr_line' id='line_1_5' title="bbox 121 695 1814 766; baseline 0.004 -20"><span class='ocrx_word' id='word_1_29' title='bbox 121 695 458 762; x_wconf 75' lang='lat' dir='ltr'><strong>Quamobrem</strong></span> <span class='ocrx_word' id='word_1_30' title='bbox 505 713 654 761; x_wconf 90' lang='lat' dir='ltr'><strong>quum</strong></span> <span class='ocrx_word' id='word_1_31' title='bbox 702 713 847 747; x_wconf 90' lang='lat' dir='ltr'><strong>socer</strong></span> <span class='ocrx_word' id='word_1_32' title='bbox 891 713 1047 763; x_wconf 85' lang='lat' dir='ltr'><strong>equos</strong></span> <span class='ocrx_word' id='word_1_33' title='bbox 1083 699 1263 749; x_wconf 82' lang='lat' dir='ltr'><strong>Ixionis</strong></span> <span class='ocrx_word' id='word_1_34' title='bbox 1310 716 1402 765; x_wconf 90' lang='lat' dir='ltr'><strong>pro</strong></span> <span class='ocrx_word' id='word_1_35' title='bbox 1438 700 1646 766; x_wconf 87' lang='lat' dir='ltr'><strong>pignore</strong></span> <span class='ocrx_word' id='word_1_36' title='bbox 1681 719 1814 753; x_wconf 87' lang='lat' dir='ltr'><strong>sum-</strong></span> 
     </span>
     <span class='ocr_line' id='line_1_6' title="bbox 122 776 1814 840; baseline 0.005 -14"><span class='ocrx_word' id='word_1_37' title='bbox 122 778 307 840; x_wconf 79' lang='lat' dir='ltr'><strong>sisset,</strong></span> <span class='ocrx_word' id='word_1_38' title='bbox 342 776 424 826; x_wconf 85' lang='lat' dir='ltr'><strong>bic</strong></span> <span class='ocrx_word' id='word_1_39' title='bbox 459 793 570 826; x_wconf 92' lang='lat' dir='ltr'><strong>eum</strong></span> <span class='ocrx_word' id='word_1_40' title='bbox 607 778 879 838; x_wconf 89' lang='lat' dir='ltr'><strong>arcessivit,</strong></span> <span class='ocrx_word' id='word_1_41' title='bbox 915 779 1150 828; x_wconf 81' lang='lat' dir='ltr'><strong>simulans</strong></span> <span class='ocrx_word' id='word_1_42' title='bbox 1186 796 1242 829; x_wconf 85' lang='lat' dir='ltr'><strong>se</strong></span> <span class='ocrx_word' id='word_1_43' title='bbox 1278 780 1647 831; x_wconf 84' lang='lat' dir='ltr'><strong>satisfacturum</strong></span> <span class='ocrx_word' id='word_1_44' title='bbox 1685 799 1814 836; x_wconf 88' lang='lat' dir='ltr'><strong>esse.</strong></span> 
     </span>
     <span class='ocr_line' id='line_1_7' title="bbox 121 856 1816 927; baseline 0.004 -21"><span class='ocrx_word' id='word_1_45' title='bbox 121 856 285 920; x_wconf 73' lang='lat' dir='ltr'><strong>Quum</strong></span> <span class='ocrx_word' id='word_1_46' title='bbox 333 857 552 906; x_wconf 74' lang='lat' dir='ltr'><strong>venisset</strong></span> <span class='ocrx_word' id='word_1_47' title='bbox 601 873 771 920; x_wconf 85' lang='lat' dir='ltr'><strong>socer,</strong></span> <span class='ocrx_word' id='word_1_48' title='bbox 820 859 932 919; x_wconf 89' lang='lat' dir='ltr'><strong>ille,</strong></span> <span class='ocrx_word' id='word_1_49' title='bbox 980 859 1115 908; x_wconf 83' lang='lat' dir='ltr'><strong>facta</strong></span> <span class='ocrx_word' id='word_1_50' title='bbox 1161 861 1338 909; x_wconf 82' lang='lat' dir='ltr'><strong>scrobe</strong></span> <span class='ocrx_word' id='word_1_51' title='bbox 1373 861 1473 924; x_wconf 82' lang='lat' dir='ltr'><strong>igni</strong></span> <span class='ocrx_word' id='word_1_52' title='bbox 1507 863 1698 927; x_wconf 87' lang='lat' dir='ltr'><strong>repleta</strong></span> <span class='ocrx_word' id='word_1_53' title='bbox 1732 880 1816 913; x_wconf 85' lang='lat' dir='ltr'><strong>ea·</strong></span> 
     </span>
     <span class='ocr_line' id='line_1_8' title="bbox 123 937 1816 1004; baseline 0.005 -19"><span class='ocrx_word' id='word_1_54' title='bbox 123 946 219 1002; x_wconf 77' lang='lat' dir='ltr'><strong>que</strong></span> <span class='ocrx_word' id='word_1_55' title='bbox 261 938 523 986; x_wconf 74' lang='lat' dir='ltr'><strong>sarmentis</strong></span> <span class='ocrx_word' id='word_1_56' title='bbox 570 937 783 1000; x_wconf 84' lang='lat' dir='ltr'><strong>intecta,</strong></span> <span class='ocrx_word' id='word_1_57' title='bbox 835 939 884 986; x_wconf 90' lang='lat' dir='ltr'><strong>in</strong></span> <span class='ocrx_word' id='word_1_58' title='bbox 935 955 993 987; x_wconf 89' lang='lat' dir='ltr'><strong>ea</strong></span> <span class='ocrx_word' id='word_1_59' title='bbox 1043 938 1218 988; x_wconf 82' lang='lat' dir='ltr'><strong>fraude</strong></span> <span class='ocrx_word' id='word_1_60' title='bbox 1264 957 1379 988; x_wconf 82' lang='lat' dir='ltr'><strong>eum</strong></span> <span class='ocrx_word' id='word_1_61' title='bbox 1429 943 1660 1004; x_wconf 69' lang='lat' dir='ltr'><strong>peremit.</strong></span> <span class='ocrx_word' id='word_1_62' title='bbox 1731 943 1816 993; x_wconf 89' lang='lat' dir='ltr'><strong>Sic</strong></span> 
     </span>
     <span class='ocr_line' id='line_1_9' title="bbox 121 1016 1815 1085; baseline 0.005 -20"><span class='ocrx_word' id='word_1_63' title='bbox 121 1018 309 1083; x_wconf 89' lang='lat' dir='ltr'><strong>primus</strong></span> <span class='ocrx_word' id='word_1_64' title='bbox 357 1016 638 1066; x_wconf 74' lang='lat' dir='ltr'><strong>mortalium</strong></span> <span class='ocrx_word' id='word_1_65' title='bbox 698 1019 1025 1083; x_wconf 88' lang='lat' dir='ltr'><strong>propinquum</strong></span> <span class='ocrx_word' id='word_1_66' title='bbox 1085 1019 1432 1069; x_wconf 86' lang='lat' dir='ltr'><strong>interficiendo</strong></span> <span class='ocrx_word' id='word_1_67' title='bbox 1494 1023 1815 1085; x_wconf 83' lang='lat' dir='ltr'><strong>parricidium</strong></span> 
     </span>
     <span class='ocr_line' id='line_1_10' title="bbox 122 1097 1815 1167; baseline 0.003 -21"><span class='ocrx_word' id='word_1_68' title='bbox 122 1097 388 1147; x_wconf 80' lang='lat' dir='ltr'><strong>commisit.</strong></span> <span class='ocrx_word' id='word_1_69' title='bbox 466 1097 612 1160; x_wconf 83' lang='lat' dir='ltr'><strong>Quod</strong></span> <span class='ocrx_word' id='word_1_70' title='bbox 672 1099 838 1146; x_wconf 79' lang='lat' dir='ltr'><strong>scelus</strong></span> <span class='ocrx_word' id='word_1_71' title='bbox 891 1099 1213 1148; x_wconf 78' lang='lat' dir='ltr'><strong>veliementer</strong></span> <span class='ocrx_word' id='word_1_72' title='bbox 1271 1100 1510 1165; x_wconf 85' lang='lat' dir='ltr'><strong>indignati</strong></span> <span class='ocrx_word' id='word_1_73' title='bbox 1564 1110 1680 1152; x_wconf 89' lang='lat' dir='ltr'><strong>sunt</strong></span> <span class='ocrx_word' id='word_1_74' title='bbox 1727 1105 1815 1167; x_wconf 88' lang='lat' dir='ltr'><strong>dii,</strong></span> 
     </span>
     <span class='ocr_line' id='line_1_11' title="bbox 121 1177 1815 1245; baseline 0.004 -19"><span class='ocrx_word' id='word_1_75' title='bbox 121 1193 284 1241; x_wconf 83' lang='lat' dir='ltr'><strong>neque</strong></span> <span class='ocrx_word' id='word_1_76' title='bbox 319 1183 405 1226; x_wconf 86' lang='lat' dir='ltr'><strong>aut</strong></span> <span class='ocrx_word' id='word_1_77' title='bbox 438 1177 658 1242; x_wconf 87' lang='lat' dir='ltr'><strong>ipsorum</strong></span> <span class='ocrx_word' id='word_1_78' title='bbox 696 1179 954 1242; x_wconf 82' lang='lat' dir='ltr'><strong>quisquam</strong></span> <span class='ocrx_word' id='word_1_79' title='bbox 1001 1185 1087 1228; x_wconf 90' lang='lat' dir='ltr'><strong>aut</strong></span> <span class='ocrx_word' id='word_1_80' title='bbox 1132 1180 1387 1228; x_wconf 84' lang='lat' dir='ltr'><strong>hominum</strong></span> <span class='ocrx_word' id='word_1_81' title='bbox 1435 1183 1638 1245; x_wconf 83' lang='lat' dir='ltr'><strong>expiare</strong></span> <span class='ocrx_word' id='word_1_82' title='bbox 1673 1183 1815 1233; x_wconf 77' lang='lat' dir='ltr'><strong>nefa-</strong></span> 
     </span>
     <span class='ocr_line' id='line_1_12' title="bbox 119 1257 1816 1325; baseline 0.004 -20"><span class='ocrx_word' id='word_1_83' title='bbox 119 1257 249 1306; x_wconf 89' lang='lat' dir='ltr'><strong>rium</strong></span> <span class='ocrx_word' id='word_1_84' title='bbox 296 1274 446 1307; x_wconf 84' lang='lat' dir='ltr'><strong>ausus</strong></span> <span class='ocrx_word' id='word_1_85' title='bbox 494 1263 587 1306; x_wconf 87' lang='lat' dir='ltr'><strong>est.</strong></span> <span class='ocrx_word' id='word_1_86' title='bbox 669 1258 1003 1320; x_wconf 77' lang='lat' dir='ltr'><strong>Quamobrem</strong></span> <span class='ocrx_word' id='word_1_87' title='bbox 1050 1275 1198 1322; x_wconf 84' lang='lat' dir='ltr'><strong>quum</strong></span> <span class='ocrx_word' id='word_1_88' title='bbox 1246 1260 1421 1308; x_wconf 86' lang='lat' dir='ltr'><strong>surore</strong></span> <span class='ocrx_word' id='word_1_89' title='bbox 1470 1262 1683 1325; x_wconf 86' lang='lat' dir='ltr'><strong>agitatus</strong></span> <span class='ocrx_word' id='word_1_90' title='bbox 1731 1263 1816 1312; x_wconf 88' lang='lat' dir='ltr'><strong>diu</strong></span> 
     </span>
     <span class='ocr_line' id='line_1_13' title="bbox 121 1338 1817 1407; baseline 0.004 -22"><span class='ocrx_word' id='word_1_91' title='bbox 121 1338 341 1387; x_wconf 90' lang='lat' dir='ltr'><strong>incertus</strong></span> <span class='ocrx_word' id='word_1_92' title='bbox 387 1345 589 1400; x_wconf 86' lang='lat' dir='ltr'><strong>vagatus</strong></span> <span class='ocrx_word' id='word_1_93' title='bbox 627 1344 789 1398; x_wconf 84' lang='lat' dir='ltr'><strong>esset,</strong></span> <span class='ocrx_word' id='word_1_94' title='bbox 843 1338 1039 1386; x_wconf 85' lang='lat' dir='ltr'><strong>tandem</strong></span> <span class='ocrx_word' id='word_1_95' title='bbox 1077 1355 1300 1388; x_wconf 88' lang='lat' dir='ltr'><strong>summus</strong></span> <span class='ocrx_word' id='word_1_96' title='bbox 1346 1340 1555 1390; x_wconf 87' lang='lat' dir='ltr'><strong>deorum</strong></span> <span class='ocrx_word' id='word_1_97' title='bbox 1594 1342 1817 1407; x_wconf 86' lang='lat' dir='ltr'><strong>luppiter</strong></span> 
     </span>
     <span class='ocr_line' id='line_1_14' title="bbox 119 1416 1813 1485; baseline 0.004 -20"><span class='ocrx_word' id='word_1_98' title='bbox 119 1417 354 1465; x_wconf 89' lang='lat' dir='ltr'><strong>misertus</strong></span> <span class='ocrx_word' id='word_1_99' title='bbox 389 1416 438 1465; x_wconf 88' lang='lat' dir='ltr'><strong>in</strong></span> <span class='ocrx_word' id='word_1_100' title='bbox 472 1433 561 1465; x_wconf 93' lang='lat' dir='ltr'><strong>suo</strong></span> <span class='ocrx_word' id='word_1_101' title='bbox 597 1433 710 1466; x_wconf 89' lang='lat' dir='ltr'><strong>eum</strong></span> <span class='ocrx_word' id='word_1_102' title='bbox 747 1418 966 1466; x_wconf 88' lang='lat' dir='ltr'><strong>sacrario</strong></span> <span class='ocrx_word' id='word_1_103' title='bbox 1001 1418 1349 1483; x_wconf 83' lang='lat' dir='ltr'><strong>expiavit”*);</strong></span> <span class='ocrx_word' id='word_1_104' title='bbox 1386 1420 1450 1469; x_wconf 82' lang='lat' dir='ltr'><strong>cf.</strong></span> <span class='ocrx_word' id='word_1_105' title='bbox 1487 1420 1688 1474; x_wconf 89' lang='lat' dir='ltr'><strong>Diodor.</strong></span> <span class='ocrx_word' id='word_1_106' title='bbox 1728 1422 1813 1485; x_wconf 92' lang='lat' dir='ltr'><strong>IV,</strong></span> 
     </span>
     <span class='ocr_line' id='line_1_15' title="bbox 118 1495 1814 1564; baseline 0.004 -21"><span class='ocrx_word' id='word_1_107' title='bbox 118 1498 227 1556; x_wconf 58' lang='lat'><strong>69„</strong></span> <span class='ocrx_word' id='word_1_108' title='bbox 278 1495 434 1544; x_wconf 71' lang='lat' dir='ltr'><strong>schol.</strong></span> <span class='ocrx_word' id='word_1_109' title='bbox 485 1497 671 1546; x_wconf 85' lang='lat' dir='ltr'><strong>Phoen.</strong></span> <span class='ocrx_word' id='word_1_110' title='bbox 707 1499 850 1546; x_wconf 84' lang='grc'><strong>1185.</strong></span> <span class='ocrx_word' id='word_1_111' title='bbox 901 1502 954 1547; x_wconf 92' lang='lat' dir='ltr'><strong>et</strong></span> <span class='ocrx_word' id='word_1_112' title='bbox 1002 1499 1163 1547; x_wconf 86' lang='lat' dir='ltr'><strong>schol.</strong></span> <span class='ocrx_word' id='word_1_113' title='bbox 1198 1499 1365 1564; x_wconf 86' lang='lat' dir='ltr'><strong>Apoll.</strong></span> <span class='ocrx_word' id='word_1_114' title='bbox 1405 1500 1572 1552; x_wconf 86' lang='lat' dir='ltr'><strong>Rhod.</strong></span> <span class='ocrx_word' id='word_1_115' title='bbox 1613 1502 1671 1563; x_wconf 91' lang='lat' dir='ltr'><strong>ll,</strong></span> <span class='ocrx_word' id='word_1_116' title='bbox 1711 1504 1814 1562; x_wconf 67' lang='lat'><strong>62„</strong></span> 
     </span>
     <span class='ocr_line' id='line_1_16' title="bbox 117 1575 913 1642; baseline 0 -16"><span class='ocrx_word' id='word_1_117' title='bbox 117 1575 319 1626; x_wconf 84' lang='lat' dir='ltr'><strong>Tzetzis</strong></span> <span class='ocrx_word' id='word_1_118' title='bbox 356 1575 482 1625; x_wconf 84' lang='lat' dir='ltr'><strong>Chii.</strong></span> <span class='ocrx_word' id='word_1_119' title='bbox 518 1577 608 1637; x_wconf 92' lang='lat' dir='ltr'><strong>IX,</strong></span> <span class='ocrx_word' id='word_1_120' title='bbox 644 1579 740 1627; x_wconf 82' lang='lat'><strong>385</strong></span> <span class='ocrx_word' id='word_1_121' title='bbox 775 1593 913 1642; x_wconf 85' lang='lat' dir='ltr'><strong>seqq.</strong></span> 
     </span>
    </p>

    <p class='ocr_par' dir='ltr' id='par_1_3' title="bbox 117 1655 1816 2027">
     <span class='ocr_line' id='line_1_17' title="bbox 251 1655 1816 1712; baseline 0.003 -6"><span class='ocrx_word' id='word_1_122' title='bbox 251 1655 363 1706; x_wconf 86' lang='lat' dir='ltr'><strong>Non</strong></span> <span class='ocrx_word' id='word_1_123' title='bbox 422 1658 636 1706; x_wconf 90' lang='lat' dir='ltr'><strong>multum</strong></span> <span class='ocrx_word' id='word_1_124' title='bbox 694 1658 940 1707; x_wconf 87' lang='lat' dir='ltr'><strong>diversam</strong></span> <span class='ocrx_word' id='word_1_125' title='bbox 991 1658 1173 1707; x_wconf 84' lang='lat' dir='ltr'><strong>famam</strong></span> <span class='ocrx_word' id='word_1_126' title='bbox 1223 1658 1567 1709; x_wconf 80' lang='lat' dir='ltr'><strong>Timositlleus</strong></span> <span class='ocrx_word' id='word_1_127' title='bbox 1617 1661 1816 1712; x_wconf 85' lang='lat' dir='ltr'><strong>videtur</strong></span> 
     </span>
     <span class='ocr_line' id='line_1_18' title="bbox 118 1737 1813 1805; baseline 0.003 -19"><span class='ocrx_word' id='word_1_128' title='bbox 118 1737 338 1802; x_wconf 83' lang='lat' dir='ltr'><strong>tragicus</strong></span> <span class='ocrx_word' id='word_1_129' title='bbox 373 1744 578 1787; x_wconf 84' lang='lat' dir='ltr'><strong>secutus</strong></span> <span class='ocrx_word' id='word_1_130' title='bbox 613 1754 745 1794; x_wconf 83' lang='lat' dir='ltr'><strong>esse,</strong></span> <span class='ocrx_word' id='word_1_131' title='bbox 781 1738 922 1786; x_wconf 84' lang='lat' dir='ltr'><strong>cuius</strong></span> <span class='ocrx_word' id='word_1_132' title='bbox 957 1737 1155 1788; x_wconf 88' lang='lat' dir='ltr'><strong>fabulae</strong></span> <span class='ocrx_word' id='word_1_133' title='bbox 1189 1745 1534 1802; x_wconf 81' lang='lat' dir='ltr'><strong>argumentum</strong></span> <span class='ocrx_word' id='word_1_134' title='bbox 1569 1740 1813 1805; x_wconf 85' lang='lat' dir='ltr'><strong>epigram-</strong></span> 
     </span>
     <span class='ocr_line' id='line_1_19' title="bbox 117 1817 1808 1885; baseline 0.002 -18"><span class='ocrx_word' id='word_1_135' title='bbox 117 1817 236 1867; x_wconf 89' lang='lat' dir='ltr'><strong>mati</strong></span> <span class='ocrx_word' id='word_1_136' title='bbox 270 1817 521 1881; x_wconf 79' lang='lat' dir='ltr'><strong>Cyziceuo</strong></span> <span class='ocrx_word' id='word_1_137' title='bbox 549 1817 657 1870; x_wconf 85' lang='lat' dir='ltr'><strong>Xll.</strong></span> <span class='ocrx_word' id='word_1_138' title='bbox 695 1817 788 1880; x_wconf 87' lang='lat' dir='ltr'><strong>(cf.</strong></span> <span class='ocrx_word' id='word_1_139' title='bbox 811 1817 998 1866; x_wconf 77' lang='lat' dir='ltr'><strong>lacobs,</strong></span> <span class='ocrx_word' id='word_1_140' title='bbox 1032 1818 1240 1884; x_wconf 85' lang='lat' dir='ltr'><strong>Paralip.</strong></span> <span class='ocrx_word' id='word_1_141' title='bbox 1273 1835 1334 1868; x_wconf 86' lang='lat' dir='ltr'><strong>ex</strong></span> <span class='ocrx_word' id='word_1_142' title='bbox 1353 1821 1461 1870; x_wconf 88' lang='lat' dir='ltr'><strong>cod.</strong></span> <span class='ocrx_word' id='word_1_143' title='bbox 1485 1819 1599 1870; x_wconf 82' lang='lat' dir='ltr'><strong>vat.</strong></span> <span class='ocrx_word' id='word_1_144' title='bbox 1624 1837 1670 1885; x_wconf 89' lang='lat' dir='ltr'><strong>p.</strong></span> <span class='ocrx_word' id='word_1_145' title='bbox 1695 1823 1808 1871; x_wconf 83' lang='lat'><strong>632.</strong></span> 
     </span>
     <span class='ocr_line' id='line_1_20' title="bbox 117 1895 1811 1967; baseline 0.003 -20"><span class='ocrx_word' id='word_1_146' title='bbox 117 1915 165 1949; x_wconf 93' lang='lat' dir='ltr'><strong>n.</strong></span> <span class='ocrx_word' id='word_1_147' title='bbox 217 1895 319 1960; x_wconf 82' lang='lat'><strong>19.)</strong></span> <span class='ocrx_word' id='word_1_148' title='bbox 379 1896 547 1948; x_wconf 85' lang='lat' dir='ltr'><strong>inesse</strong></span> <span class='ocrx_word' id='word_1_149' title='bbox 594 1902 733 1948; x_wconf 80' lang='lat' dir='ltr'><strong>recte</strong></span> <span class='ocrx_word' id='word_1_150' title='bbox 783 1898 916 1948; x_wconf 87' lang='lat' dir='ltr'><strong>idem</strong></span> <span class='ocrx_word' id='word_1_151' title='bbox 965 1897 1258 1948; x_wconf 86' lang='lat' dir='ltr'><strong>Welckerus</strong></span> <span class='ocrx_word' id='word_1_152' title='bbox 1305 1916 1356 1964; x_wconf 89' lang='lat' dir='ltr'><strong>p.</strong></span> <span class='ocrx_word' id='word_1_153' title='bbox 1396 1902 1540 1950; x_wconf 83' lang='lat'><strong>1048.</strong></span> <span class='ocrx_word' id='word_1_154' title='bbox 1590 1902 1811 1967; x_wconf 83' lang='lat' dir='ltr'><strong>suspica-</strong></span> 
     </span>
     <span class='ocr_line' id='line_1_21' title="bbox 119 1982 1222 2027; baseline 0.001 -1"><span class='ocrx_word' id='word_1_155' title='bbox 119 1982 200 2027; x_wconf 85' lang='lat' dir='ltr'><strong>tus</strong></span> <span class='ocrx_word' id='word_1_156' title='bbox 236 1984 328 2027; x_wconf 87' lang='lat' dir='ltr'><strong>est.</strong></span> <span class='ocrx_word' id='word_1_157' title='bbox 1221 2003 1222 2006; x_wconf 39' lang='lat'>¹</span> 
     </span>
    </p>

    <p class='ocr_par' dir='ltr' id='par_1_4' title="bbox 115 2057 1813 2998">
     <span class='ocr_line' id='line_1_22' title="bbox 250 2057 1813 2123; baseline 0.001 -16"><span class='ocrx_word' id='word_1_158' title='bbox 250 2057 507 2123; x_wconf 82' lang='lat' dir='ltr'><strong>Euripidis</strong></span> <span class='ocrx_word' id='word_1_159' title='bbox 545 2074 661 2106; x_wconf 83' lang='lat' dir='ltr'><strong>vero</strong></span> <span class='ocrx_word' id='word_1_160' title='bbox 698 2057 901 2116; x_wconf 88' lang='lat' dir='ltr'><strong>drama,</strong></span> <span class='ocrx_word' id='word_1_161' title='bbox 939 2059 1071 2123; x_wconf 88' lang='lat' dir='ltr'><strong>quod</strong></span> <span class='ocrx_word' id='word_1_162' title='bbox 1108 2059 1330 2109; x_wconf 80' lang='lat' dir='ltr'><strong>imitatus</strong></span> <span class='ocrx_word' id='word_1_163' title='bbox 1367 2064 1445 2109; x_wconf 87' lang='lat' dir='ltr'><strong>est</strong></span> <span class='ocrx_word' id='word_1_164' title='bbox 1481 2060 1724 2109; x_wconf 88' lang='lat' dir='ltr'><strong>Lucianus</strong></span> <span class='ocrx_word' id='word_1_165' title='bbox 1763 2060 1813 2108; x_wconf 87' lang='lat' dir='ltr'><strong>in</strong></span> 
     </span>
     <span class='ocr_line' id='line_1_23' title="bbox 117 2137 1811 2206; baseline 0.001 -20"><span class='ocrx_word' id='word_1_166' title='bbox 117 2138 255 2189; x_wconf 87' lang='lat' dir='ltr'><strong>deor.</strong></span> <span class='ocrx_word' id='word_1_167' title='bbox 293 2137 409 2189; x_wconf 86' lang='lat' dir='ltr'><strong>dial.</strong></span> <span class='ocrx_word' id='word_1_168' title='bbox 442 2140 491 2186; x_wconf 89' lang='grc'><strong>6.</strong></span> <span class='ocrx_word' id='word_1_169' title='bbox 528 2138 769 2202; x_wconf 83' lang='lat' dir='ltr'><strong>cuiusque</strong></span> <span class='ocrx_word' id='word_1_170' title='bbox 803 2146 1148 2202; x_wconf 81' lang='lat' dir='ltr'><strong>argumentum</strong></span> <span class='ocrx_word' id='word_1_171' title='bbox 1183 2145 1384 2206; x_wconf 78' lang='lat' dir='ltr'><strong>praeter</strong></span> <span class='ocrx_word' id='word_1_172' title='bbox 1419 2157 1522 2198; x_wconf 57' lang='lat' dir='ltr'><strong>cosa,</strong></span> <span class='ocrx_word' id='word_1_173' title='bbox 1564 2155 1689 2203; x_wconf 87' lang='lat' dir='ltr'><strong>quos</strong></span> <span class='ocrx_word' id='word_1_174' title='bbox 1729 2157 1811 2188; x_wconf 89' lang='lat' dir='ltr'><strong>su-</strong></span> 
     </span>
     <span class='ocr_line' id='line_1_24' title="bbox 117 2217 1809 2284; baseline -0.001 -17"><span class='ocrx_word' id='word_1_175' title='bbox 117 2234 207 2284; x_wconf 78' lang='lat' dir='ltr'><strong>pra</strong></span> <span class='ocrx_word' id='word_1_176' title='bbox 242 2217 372 2278; x_wconf 83' lang='lat' dir='ltr'><strong>dixi,</strong></span> <span class='ocrx_word' id='word_1_177' title='bbox 426 2218 575 2266; x_wconf 86' lang='lat' dir='ltr'><strong>etiam</strong></span> <span class='ocrx_word' id='word_1_178' title='bbox 612 2218 840 2283; x_wconf 82' lang='lat' dir='ltr'><strong>Hyginus</strong></span> <span class='ocrx_word' id='word_1_179' title='bbox 877 2235 920 2266; x_wconf 92' lang='lat' dir='ltr'><strong>c.</strong></span> <span class='ocrx_word' id='word_1_180' title='bbox 956 2222 1035 2275; x_wconf 71' lang='lat'><strong>62.</strong></span> <span class='ocrx_word' id='word_1_181' title='bbox 1085 2226 1137 2268; x_wconf 88' lang='lat' dir='ltr'><strong>et</strong></span> <span class='ocrx_word' id='word_1_182' title='bbox 1172 2220 1376 2268; x_wconf 76' lang='lat' dir='ltr'><strong>Servius</strong></span> <span class='ocrx_word' id='word_1_183' title='bbox 1412 2221 1534 2270; x_wconf 85' lang='lat' dir='ltr'><strong>Aen.</strong></span> <span class='ocrx_word' id='word_1_184' title='bbox 1575 2217 1657 2279; x_wconf 87' lang='lat' dir='ltr'><strong>Vl,</strong></span> <span class='ocrx_word' id='word_1_185' title='bbox 1694 2221 1809 2266; x_wconf 76' lang='grc'><strong>618.</strong></span> 
     </span>
     <span class='ocr_line' id='line_1_25' title="bbox 115 2296 1812 2362; baseline -0.001 -15"><span class='ocrx_word' id='word_1_186' title='bbox 115 2298 421 2360; x_wconf 86' lang='lat' dir='ltr'><strong>retulerunt,</strong></span> <span class='ocrx_word' id='word_1_187' title='bbox 463 2296 762 2346; x_wconf 89' lang='lat' dir='ltr'><strong>simillimum</strong></span> <span class='ocrx_word' id='word_1_188' title='bbox 799 2297 897 2346; x_wconf 89' lang='lat' dir='ltr'><strong>suit</strong></span> <span class='ocrx_word' id='word_1_189' title='bbox 935 2298 1333 2362; x_wconf 77' lang='lat' dir='ltr'><strong>Bellerophontis</strong></span> <span class='ocrx_word' id='word_1_190' title='bbox 1370 2299 1594 2346; x_wconf 85' lang='lat' dir='ltr'><strong>eiusdem</strong></span> <span class='ocrx_word' id='word_1_191' title='bbox 1635 2305 1812 2362; x_wconf 84' lang='lat' dir='ltr'><strong>poetae</strong></span> 
     </span>
     <span class='ocr_line' id='line_1_26' title="bbox 116 2375 1812 2442; baseline -0.001 -14"><span class='ocrx_word' id='word_1_192' title='bbox 116 2377 332 2428; x_wconf 79' lang='lat' dir='ltr'><strong>fabulae.</strong></span> <span class='ocrx_word' id='word_1_193' title='bbox 400 2378 525 2427; x_wconf 88' lang='lat' dir='ltr'><strong>Nam</strong></span> <span class='ocrx_word' id='word_1_194' title='bbox 552 2377 706 2437; x_wconf 76' lang='lat' dir='ltr'><strong>Ixion,</strong></span> <span class='ocrx_word' id='word_1_195' title='bbox 742 2393 801 2426; x_wconf 85' lang='lat' dir='ltr'><strong>ex</strong></span> <span class='ocrx_word' id='word_1_196' title='bbox 829 2377 1049 2441; x_wconf 80' lang='lat' dir='ltr'><strong>Phlegya</strong></span> <span class='ocrx_word' id='word_1_197' title='bbox 1086 2378 1190 2425; x_wconf 84' lang='lat' dir='ltr'><strong>sive</strong></span> <span class='ocrx_word' id='word_1_198' title='bbox 1214 2375 1635 2442; x_wconf 69' lang='lat' dir='ltr'><strong>Plilegyante**),</strong></span> <span class='ocrx_word' id='word_1_199' title='bbox 1673 2378 1812 2426; x_wconf 87' lang='lat' dir='ltr'><strong>Mar-</strong></span> 
     </span>
     <span class='ocr_line' id='line_1_27' title="bbox 118 2458 1813 2522; baseline -0.002 -13"><span class='ocrx_word' id='word_1_200' title='bbox 118 2459 184 2509; x_wconf 90' lang='lat' dir='ltr'><strong>tis</strong></span> <span class='ocrx_word' id='word_1_201' title='bbox 218 2458 341 2520; x_wconf 86' lang='lat' dir='ltr'><strong>filio,</strong></span> <span class='ocrx_word' id='word_1_202' title='bbox 377 2466 536 2518; x_wconf 77' lang='lat' dir='ltr'><strong>natus,</strong></span> <span class='ocrx_word' id='word_1_203' title='bbox 571 2473 682 2506; x_wconf 88' lang='lat' dir='ltr'><strong>cum</strong></span> <span class='ocrx_word' id='word_1_204' title='bbox 703 2458 967 2522; x_wconf 88' lang='lat' dir='ltr'><strong>prudentia</strong></span> <span class='ocrx_word' id='word_1_205' title='bbox 991 2458 1281 2518; x_wconf 83' lang='lat' dir='ltr'><strong>mortalibus</strong></span> <span class='ocrx_word' id='word_1_206' title='bbox 1306 2463 1605 2520; x_wconf 80' lang='lat' dir='ltr'><strong>praestaret,</strong></span> <span class='ocrx_word' id='word_1_207' title='bbox 1634 2459 1813 2506; x_wconf 82' lang='lat' dir='ltr'><strong>summi</strong></span> 
     </span>
     <span class='ocr_line' id='line_1_28' title="bbox 118 2537 1812 2599; baseline -0.001 -11"><span class='ocrx_word' id='word_1_208' title='bbox 118 2538 247 2588; x_wconf 85' lang='lat' dir='ltr'><strong>lovis</strong></span> <span class='ocrx_word' id='word_1_209' title='bbox 294 2538 545 2587; x_wconf 82' lang='lat' dir='ltr'><strong>consortio</strong></span> <span class='ocrx_word' id='word_1_210' title='bbox 582 2538 843 2598; x_wconf 84' lang='lat' dir='ltr'><strong>utebatur,</strong></span> <span class='ocrx_word' id='word_1_211' title='bbox 898 2544 953 2586; x_wconf 93' lang='lat' dir='ltr'><strong>ut</strong></span> <span class='ocrx_word' id='word_1_212' title='bbox 1001 2538 1051 2586; x_wconf 90' lang='lat' dir='ltr'><strong>in</strong></span> <span class='ocrx_word' id='word_1_213' title='bbox 1087 2538 1280 2585; x_wconf 87' lang='lat' dir='ltr'><strong>coelum</strong></span> <span class='ocrx_word' id='word_1_214' title='bbox 1319 2537 1364 2583; x_wconf 90' lang='lat' dir='ltr'><strong>ei</strong></span> <span class='ocrx_word' id='word_1_215' title='bbox 1401 2537 1564 2595; x_wconf 85' lang='lat' dir='ltr'><strong>aditus</strong></span> <span class='ocrx_word' id='word_1_216' title='bbox 1600 2541 1812 2599; x_wconf 86' lang='lat' dir='ltr'><strong>pateret.</strong></span> 
     </span>
     <span class='ocr_line' id='line_1_29' title="bbox 119 2615 1811 2683; baseline -0.003 -16"><span class='ocrx_word' id='word_1_217' title='bbox 119 2619 228 2681; x_wconf 77' lang='lat' dir='ltr'><strong>Qua</strong></span> <span class='ocrx_word' id='word_1_218' title='bbox 262 2634 319 2667; x_wconf 84' lang='lat' dir='ltr'><strong>re</strong></span> <span class='ocrx_word' id='word_1_219' title='bbox 353 2617 586 2682; x_wconf 84' lang='lat' dir='ltr'><strong>superbia</strong></span> <span class='ocrx_word' id='word_1_220' title='bbox 623 2615 781 2664; x_wconf 87' lang='lat' dir='ltr'><strong>elatus</strong></span> <span class='ocrx_word' id='word_1_221' title='bbox 818 2618 987 2683; x_wconf 88' lang='lat' dir='ltr'><strong>coepit</strong></span> <span class='ocrx_word' id='word_1_222' title='bbox 1022 2633 1190 2665; x_wconf 83' lang='lat' dir='ltr'><strong>amare</strong></span> <span class='ocrx_word' id='word_1_223' title='bbox 1217 2616 1454 2665; x_wconf 85' lang='lat' dir='ltr'><strong>Iunonem</strong></span> <span class='ocrx_word' id='word_1_224' title='bbox 1484 2621 1635 2678; x_wconf 88' lang='lat' dir='ltr'><strong>atque</strong></span> <span class='ocrx_word' id='word_1_225' title='bbox 1662 2615 1811 2664; x_wconf 88' lang='lat' dir='ltr'><strong>etiam</strong></span> 
     </span>
     <span class='ocr_line' id='line_1_30' title="bbox 119 2695 1813 2764; baseline -0.002 -16"><span class='ocrx_word' id='word_1_226' title='bbox 119 2701 183 2749; x_wconf 92' lang='lat' dir='ltr'><strong>de</strong></span> <span class='ocrx_word' id='word_1_227' title='bbox 219 2706 394 2764; x_wconf 83' lang='lat' dir='ltr'><strong>stupro</strong></span> <span class='ocrx_word' id='word_1_228' title='bbox 428 2696 728 2761; x_wconf 86' lang='lat' dir='ltr'><strong>compellare</strong></span> <span class='ocrx_word' id='word_1_229' title='bbox 762 2713 910 2747; x_wconf 88' lang='lat' dir='ltr'><strong>ausus</strong></span> <span class='ocrx_word' id='word_1_230' title='bbox 947 2703 1038 2746; x_wconf 89' lang='lat' dir='ltr'><strong>est.</strong></span> <span class='ocrx_word' id='word_1_231' title='bbox 1109 2697 1267 2758; x_wconf 77' lang='lat' dir='ltr'><strong>Quam</strong></span> <span class='ocrx_word' id='word_1_232' title='bbox 1313 2711 1418 2743; x_wconf 89' lang='lat' dir='ltr'><strong>rem</strong></span> <span class='ocrx_word' id='word_1_233' title='bbox 1457 2710 1609 2759; x_wconf 90' lang='lat' dir='ltr'><strong>quum</strong></span> <span class='ocrx_word' id='word_1_234' title='bbox 1645 2695 1813 2759; x_wconf 86' lang='lat' dir='ltr'><strong>regina</strong></span> 
     </span>
     <span class='ocr_line' id='line_1_31' title="bbox 118 2774 1812 2841; baseline -0.001 -15"><span class='ocrx_word' id='word_1_235' title='bbox 118 2778 267 2828; x_wconf 86' lang='lat' dir='ltr'><strong>deum</strong></span> <span class='ocrx_word' id='word_1_236' title='bbox 306 2778 368 2827; x_wconf 88' lang='lat' dir='ltr'><strong>ad</strong></span> <span class='ocrx_word' id='word_1_237' title='bbox 404 2777 565 2825; x_wconf 88' lang='lat' dir='ltr'><strong>lovem</strong></span> <span class='ocrx_word' id='word_1_238' title='bbox 602 2775 891 2840; x_wconf 83' lang='lat' dir='ltr'><strong>detulisset,</strong></span> <span class='ocrx_word' id='word_1_239' title='bbox 938 2778 1019 2827; x_wconf 87' lang='lat' dir='ltr'><strong>hic</strong></span> <span class='ocrx_word' id='word_1_240' title='bbox 1053 2777 1338 2841; x_wconf 86' lang='lat' dir='ltr'><strong>indignatus</strong></span> <span class='ocrx_word' id='word_1_241' title='bbox 1374 2774 1684 2823; x_wconf 89' lang='lat' dir='ltr'><strong>insolentiam</strong></span> <span class='ocrx_word' id='word_1_242' title='bbox 1720 2775 1812 2824; x_wconf 86' lang='lat' dir='ltr'><strong>ho-</strong></span> 
     </span>
     <span class='ocr_line' id='line_1_32' title="bbox 117 2855 1810 2922; baseline -0.001 -15"><span class='ocrx_word' id='word_1_243' title='bbox 117 2858 294 2920; x_wconf 88' lang='lat' dir='ltr'><strong>minis,</strong></span> <span class='ocrx_word' id='word_1_244' title='bbox 343 2862 397 2906; x_wconf 90' lang='lat' dir='ltr'><strong>ut</strong></span> <span class='ocrx_word' id='word_1_245' title='bbox 446 2857 704 2905; x_wconf 82' lang='lat' dir='ltr'><strong>veritatem</strong></span> <span class='ocrx_word' id='word_1_246' title='bbox 749 2858 1053 2922; x_wconf 86' lang='lat' dir='ltr'><strong>experiendo</strong></span> <span class='ocrx_word' id='word_1_247' title='bbox 1090 2859 1446 2921; x_wconf 71' lang='lat' dir='ltr'><strong>cognosceret,</strong></span> <span class='ocrx_word' id='word_1_248' title='bbox 1493 2855 1810 2905; x_wconf 87' lang='lat' dir='ltr'><strong>simulacrum</strong></span> 
     </span>
     <span class='ocr_line' id='line_1_33' title="bbox 118 2935 1810 2998; baseline -0.002 -11"><span class='ocrx_word' id='word_1_249' title='bbox 118 2939 261 2988; x_wconf 89' lang='lat' dir='ltr'><strong>iussit</strong></span> <span class='ocrx_word' id='word_1_250' title='bbox 308 2953 369 2987; x_wconf 82' lang='lat' dir='ltr'><strong>ex</strong></span> <span class='ocrx_word' id='word_1_251' title='bbox 415 2938 545 2987; x_wconf 89' lang='lat' dir='ltr'><strong>nube</strong></span> <span class='ocrx_word' id='word_1_252' title='bbox 588 2936 884 2987; x_wconf 85' lang='lat' dir='ltr'><strong>fabricatum</strong></span> <span class='ocrx_word' id='word_1_253' title='bbox 932 2939 1157 2988; x_wconf 84' lang='lat' dir='ltr'><strong>adultero</strong></span> <span class='ocrx_word' id='word_1_254' title='bbox 1206 2935 1380 2994; x_wconf 88' lang='lat' dir='ltr'><strong>obiici,</strong></span> <span class='ocrx_word' id='word_1_255' title='bbox 1446 2950 1658 2998; x_wconf 82' lang='lat' dir='ltr'><strong>quocum</strong></span> <span class='ocrx_word' id='word_1_256' title='bbox 1710 2935 1810 2997; x_wconf 67' lang='lat' dir='ltr'><strong>ille,</strong></span> 
     </span>
    </p>
   </div>
   <div class='ocr_carea' id='block_1_2' title="bbox 145 3072 301 3078">
    <p class='ocr_par' dir='ltr' id='par_1_5' title="bbox 145 3072 301 3078">
     <span class='ocr_line' id='line_1_34' title="bbox 145 3072 301 3078; baseline 0 0"><span class='ocrx_word' id='word_1_257' title='bbox 145 3072 301 3078; x_wconf 95' lang='lat' dir='ltr'><strong> </strong></span> 
     </span>
    </p>
   </div>
   <div class='ocr_carea' id='block_1_3' title="bbox 308 3073 428 3077">
    <p class='ocr_par' dir='ltr' id='par_1_6' title="bbox 308 3073 428 3077">
     <span class='ocr_line' id='line_1_35' title="bbox 308 3073 428 3077; baseline 0 0"><span class='ocrx_word' id='word_1_258' title='bbox 308 3073 428 3077; x_wconf 95' lang='lat' dir='ltr'><strong> </strong></span> 
     </span>
    </p>
   </div>
   <div class='ocr_carea' id='block_1_4' title="bbox 147 3144 1812 3551">
    <p class='ocr_par' dir='ltr' id='par_1_7' title="bbox 175 3144 1812 3270">
     <span class='ocr_line' id='line_1_36' title="bbox 175 3144 1812 3201; baseline -0.001 -14"><span class='ocrx_word' id='word_1_259' title='bbox 175 3147 226 3199; x_wconf 71' lang='grc'><strong>*)</strong></span> <span class='ocrx_word' id='word_1_260' title='bbox 255 3146 384 3188; x_wconf 81' lang='lat' dir='ltr'><strong>Haec</strong></span> <span class='ocrx_word' id='word_1_261' title='bbox 415 3150 615 3188; x_wconf 83' lang='lat' dir='ltr'><strong>extrema</strong></span> <span class='ocrx_word' id='word_1_262' title='bbox 643 3159 729 3185; x_wconf 89' lang='lat' dir='ltr'><strong>non</strong></span> <span class='ocrx_word' id='word_1_263' title='bbox 759 3146 1022 3201; x_wconf 85' lang='lat' dir='ltr'><strong>agebantur,</strong></span> <span class='ocrx_word' id='word_1_264' title='bbox 1055 3146 1132 3188; x_wconf 82' lang='lat' dir='ltr'><strong>sed</strong></span> <span class='ocrx_word' id='word_1_265' title='bbox 1157 3144 1531 3200; x_wconf 81' lang='lat' dir='ltr'><strong>praedicebantur</strong></span> <span class='ocrx_word' id='word_1_266' title='bbox 1554 3159 1582 3188; x_wconf 76' lang='lat' dir='ltr'><strong>a</strong></span> <span class='ocrx_word' id='word_1_267' title='bbox 1604 3146 1705 3197; x_wconf 80' lang='lat' dir='ltr'><strong>deo,</strong></span> <span class='ocrx_word' id='word_1_268' title='bbox 1738 3145 1812 3200; x_wconf 84' lang='lat' dir='ltr'><strong>qui</strong></span> 
     </span>
     <span class='ocr_line' id='line_1_37' title="bbox 261 3214 977 3270; baseline -0.001 -13"><span class='ocrx_word' id='word_1_269' title='bbox 261 3230 342 3270; x_wconf 88' lang='lat' dir='ltr'><strong>per</strong></span> <span class='ocrx_word' id='word_1_270' title='bbox 370 3215 631 3257; x_wconf 80' lang='lat' dir='ltr'><strong>machinam</strong></span> <span class='ocrx_word' id='word_1_271' title='bbox 665 3214 977 3258; x_wconf 83' lang='lat' dir='ltr'><strong>descendebat.</strong></span> 
     </span>
    </p>

    <p class='ocr_par' dir='ltr' id='par_1_8' title="bbox 147 3283 1812 3551">
     <span class='ocr_line' id='line_1_38' title="bbox 147 3283 1810 3343; baseline -0.002 -15"><span class='ocrx_word' id='word_1_272' title='bbox 147 3285 225 3340; x_wconf 48' lang='lat' dir='ltr'><strong>ff)</strong></span> <span class='ocrx_word' id='word_1_273' title='bbox 253 3285 551 3343; x_wconf 80' lang='lat' dir='ltr'><strong>Phlegyantis</strong></span> <span class='ocrx_word' id='word_1_274' title='bbox 594 3299 754 3327; x_wconf 93' lang='lat' dir='ltr'><strong>nomen</strong></span> <span class='ocrx_word' id='word_1_275' title='bbox 794 3299 875 3339; x_wconf 86' lang='lat' dir='ltr'><strong>pro</strong></span> <span class='ocrx_word' id='word_1_276' title='bbox 906 3285 1157 3328; x_wconf 83' lang='lat' dir='ltr'><strong>Leontei</strong></span> <span class='ocrx_word' id='word_1_277' title='bbox 1188 3283 1506 3326; x_wconf 85' lang='lat' dir='ltr'><strong>restituendum</strong></span> <span class='ocrx_word' id='word_1_278' title='bbox 1547 3288 1614 3327; x_wconf 82' lang='lat' dir='ltr'><strong>est</strong></span> <span class='ocrx_word' id='word_1_279' title='bbox 1639 3285 1682 3327; x_wconf 89' lang='lat' dir='ltr'><strong>in</strong></span> <span class='ocrx_word' id='word_1_280' title='bbox 1711 3285 1810 3339; x_wconf 83' lang='lat' dir='ltr'><strong>Hy-</strong></span> 
     </span>
     <span class='ocr_line' id='line_1_39' title="bbox 259 3353 1812 3413; baseline -0.003 -15"><span class='ocrx_word' id='word_1_281' title='bbox 259 3355 354 3413; x_wconf 84' lang='lat' dir='ltr'><strong>gini</strong></span> <span class='ocrx_word' id='word_1_282' title='bbox 381 3356 478 3398; x_wconf 82' lang='lat' dir='ltr'><strong>fab.</strong></span> <span class='ocrx_word' id='word_1_283' title='bbox 511 3354 581 3397; x_wconf 83' lang='lat'><strong>62.</strong></span> <span class='ocrx_word' id='word_1_284' title='bbox 640 3356 874 3410; x_wconf 55' lang='lat' dir='ltr'><strong>[regnasse</strong></span> <span class='ocrx_word' id='word_1_285' title='bbox 903 3355 1106 3398; x_wconf 82' lang='lat' dir='ltr'><strong>Ixionem</strong></span> <span class='ocrx_word' id='word_1_286' title='bbox 1148 3360 1280 3409; x_wconf 85' lang='lat' dir='ltr'><strong>atque</strong></span> <span class='ocrx_word' id='word_1_287' title='bbox 1309 3354 1566 3398; x_wconf 83' lang='lat' dir='ltr'><strong>Pirithoum</strong></span> <span class='ocrx_word' id='word_1_288' title='bbox 1607 3355 1653 3397; x_wconf 89' lang='lat' dir='ltr'><strong>in</strong></span> <span class='ocrx_word' id='word_1_289' title='bbox 1695 3353 1812 3395; x_wconf 85' lang='lat' dir='ltr'><strong>Gor-</strong></span> 
     </span>
     <span class='ocr_line' id='line_1_40' title="bbox 260 3421 1811 3482; baseline -0.003 -14"><span class='ocrx_word' id='word_1_290' title='bbox 260 3431 366 3482; x_wconf 80' lang='lat' dir='ltr'><strong>tyne</strong></span> <span class='ocrx_word' id='word_1_291' title='bbox 396 3426 508 3468; x_wconf 90' lang='lat' dir='ltr'><strong>urbe</strong></span> <span class='ocrx_word' id='word_1_292' title='bbox 538 3429 582 3467; x_wconf 88' lang='lat' dir='ltr'><strong>et</strong></span> <span class='ocrx_word' id='word_1_293' title='bbox 610 3426 854 3481; x_wconf 82' lang='lat' dir='ltr'><strong>Magnete,</strong></span> <span class='ocrx_word' id='word_1_294' title='bbox 885 3425 938 3467; x_wconf 85' lang='lat' dir='ltr'><strong>in·</strong></span> <span class='ocrx_word' id='word_1_295' title='bbox 959 3425 1189 3468; x_wconf 82' lang='lat' dir='ltr'><strong>radicibus</strong></span> <span class='ocrx_word' id='word_1_296' title='bbox 1220 3421 1406 3481; x_wconf 78' lang='lat' dir='ltr'><strong>Olympi</strong></span> <span class='ocrx_word' id='word_1_297' title='bbox 1433 3424 1608 3476; x_wconf 82' lang='lat' dir='ltr'><strong>montis,</strong></span> <span class='ocrx_word' id='word_1_298' title='bbox 1640 3423 1697 3465; x_wconf 78' lang='lat' dir='ltr'><strong>ad</strong></span> <span class='ocrx_word' id='word_1_299' title='bbox 1725 3421 1811 3464; x_wconf 86' lang='lat' dir='ltr'><strong>flu·-</strong></span> 
     </span>
     <span class='ocr_line' id='line_1_41' title="bbox 258 3493 1147 3551; baseline -0.001 -13"><span class='ocrx_word' id='word_1_300' title='bbox 258 3509 360 3538; x_wconf 88' lang='lat' dir='ltr'><strong>men</strong></span> <span class='ocrx_word' id='word_1_301' title='bbox 388 3495 589 3539; x_wconf 87' lang='lat' dir='ltr'><strong>Peneum</strong></span> <span class='ocrx_word' id='word_1_302' title='bbox 618 3494 728 3551; x_wconf 83' lang='lat' dir='ltr'><strong>sitis,</strong></span> <span class='ocrx_word' id='word_1_303' title='bbox 769 3493 948 3550; x_wconf 82' lang='lat' dir='ltr'><strong>scripsit</strong></span> <span class='ocrx_word' id='word_1_304' title='bbox 968 3495 1147 3541; x_wconf 79' lang='lat' dir='ltr'><strong>Strabo.</strong></span> 
     </span>
    </p>
   </div>
   <div class='ocr_carea' id='block_1_5' title="bbox 1362 3566 1427 3614">
    <p class='ocr_par' dir='ltr' id='par_1_9' title="bbox 1362 3566 1471 3614">
     <span class='ocr_line' id='line_1_42' title="bbox 1362 3566 1427 3614; baseline -0.009 0"><span class='ocrx_word' id='word_1_305' title='bbox 1362 3566 1427 3614; x_wconf 80' lang='lat'><strong>24</strong></span> 
     </span>
    </p>
   </div>
  </div>
 </body>
</html>
