2170 3866
965 241 1091 302 5⁰9

170 390 317 459 pides
359 389 411 440 in
457 387 757 440 Macedonia
800 387 1080 441 delectatus
1124 405 1240 440 esse
1271 387 1514 451 traditur,
1560 402 1710 454 qnem
1743 384 1868 437 dici-

170 477 257 522 tur
305 470 554 536 quondam
599 470 733 520 inter
776 486 983 521 coenam
1027 470 1284 537 amplexus
1317 470 1674 534 osflilatusque
1728 481 1864 529 esse,

169 556 280 602 tum
313 550 591 600 admirante
625 567 774 617 rege,
822 552 956 617 quod
991 552 1250 601 barbatum
1286 549 1621 612 oscularetur,
1656 562 1867 615 respon-

171 631 311 682 disse
341 637 666 680 venustorum
703 632 849 681 etiam
886 634 1174 692 autumnum
1211 636 1475 680 venustum
1503 645 1616 678 esse

305 711 527 763 πάντων
559 711 741 762 καλῶν
771 728 854 762 τοι
886 707 978 762 καὶ
1009 708 1069 762 τὸ
1101 710 1415 777 μετόπωρον
1449 708 1631 760 καλόν.

175 793 255 846 cf.
277 792 340 845 Τ.
367 793 428 844 11.
449 811 501 859 p.
527 795 641 842 301.
678 792 931 842 Plutarch.
955 793 1061 842 Alc.
1082 809 1124 842 c.
1150 795 1195 840 1.
1262 792 1342 842 Ne
1374 791 1493 841 huic
1528 791 1730 855 quidem
1760 804 1870 841 nar-

174 873 355 924 rationi
400 874 612 922 multum
667 874 858 923 tribuo:
915 873 1102 939 quippe
1145 873 1468 923 manifestum
1517 877 1595 920 est
1651 887 1763 920 eam
1806 885 1872 922 ex

173 970 324 1005 versu
366 953 654 1020 tragoediae
699 953 939 1018 alicuiuS,
984 959 1038 1003 ut
1072 954 1252 1004 multas
1287 953 1409 1003 alias
1446 951 1692 1002 eiusmodi
1725 951 1871 1002 fabu-

173 1036 269 1098 lae,
302 1035 542 1099 originem
578 1034 800 1084 duxisse.

308 1115 538 1175 MireriS,
597 1116 732 1179 quod
778 1131 868 1166 rex
913 1115 1197 1165 liberrimae
1242 1114 1497 1182 potentiae
1542 1127 1714 1162 amans
1755 1126 1872 1161 cum

172 1202 322 1263 poeta
356 1195 656 1260 populorum
679 1196 878 1260 imperii
902 1196 1100 1245 fautore
1135 1197 1429 1246 societatem
1463 1193 1700 1244 iunxerit.
1770 1190 1874 1241 Sed

173 1279 310 1327 idem
354 1276 512 1324 nostri
557 1291 702 1339 reges
739 1276 964 1339 saeculo,
1001 1277 1086 1340 qui
1120 1277 1237 1325 huic
1271 1275 1578 1340 praecessit,
1623 1272 1873 1334 fecerunt,

173 1373 327 1422 quum
362 1354 621 1404 Gallorum
657 1355 927 1419 scriptores
973 1371 1147 1421 regum
1186 1355 1411 1420 imperiis
1447 1354 1661 1404 infestos
1697 1360 1750 1402 et
1780 1367 1873 1403 no-

174 1437 446 1487 vandarum
472 1451 640 1484 rerum
663 1435 871 1500 cupidos
896 1436 1011 1501 ipsi,
1048 1436 1318 1485 dominatui
1344 1435 1455 1500 plus
1479 1451 1638 1499 aequo
1661 1432 1874 1495 adsueti,

172 1522 518 1578 arcesserent,
566 1516 792 1565 colerent
837 1522 986 1580 atque
1020 1516 1401 1565 admirarentur.
1469 1515 1636 1580 Magis
1681 1514 1872 1564 miran-

173 1598 293 1647 dum
329 1603 434 1655 est,
468 1595 602 1660 quod
637 1597 823 1660 patria,
859 1596 910 1644 in
944 1611 1040 1660 qua
1078 1602 1435 1657 consenuerat,
1482 1594 1752 1660 Euripides
1788 1610 1872 1643 ca-

173 1694 290 1727 rere
321 1675 493 1725 voluit.
561 1674 736 1739 Neque
758 1682 940 1737 tamen,
976 1682 1031 1725 ut
1052 1692 1279 1726 caussam
1307 1677 1631 1742 explicemuS,
1668 1675 1729 1723 ad
1752 1689 1871 1739 pro-

174 1758 322 1807 brum
357 1755 528 1805 uxoris
563 1761 614 1804 et
650 1756 812 1806 scelus
850 1756 1277 1821 Cephisophontis
1311 1757 1457 1805 amici
1483 1756 1715 1822 fingenda
1752 1770 1872 1804 con-

172 1837 464 1903 fugiendum
499 1842 592 1896 est,
629 1852 756 1900 quae
790 1837 994 1886 crimina
1029 1844 1137 1886 tum
1174 1837 1524 1902 Aristophanis
1560 1839 1872 1885 ceterorum-

175 1934 274 1984 que
307 1917 586 1982 aequalium
622 1916 820 1965 silentio
859 1923 963 1966 tum
996 1918 1341 1982 epistolarum,
1377 1933 1506 1982 quae
1541 1917 1635 1965 sub
1670 1915 1873 1980 Euripi-

173 1998 254 2047 dis
289 1998 487 2047 nomiue
522 1995 767 2057 feruntur,
803 2003 978 2062 aperto
1011 1998 1296 2047 testimonio
1317 1997 1629 2047 refutantur:
1664 2011 1874 2060 quarum

173 2079 393 2144 scriptor
427 2079 522 2126 etsi
567 2094 666 2127 non
699 2077 966 2143 Euripides
1003 2078 1120 2139 fuit,
1167 2084 1334 2127 tamen
1368 2094 1536 2128 veram
1570 2077 1754 2126 famam
1789 2092 1873 2125 se·-

173 2159 260 2223 qui
303 2157 468 2223 potuit
514 2163 564 2206 et
615 2158 907 2208 melioribus
954 2164 1093 2207 certe
1140 2158 1366 2207 fontibus
1401 2174 1522 2207 usus
1570 2163 1677 2217 est,
1725 2172 1874 2222 quam

174 2244 293 2288 sunt
335 2238 774 2300 grammaticorum
825 2239 1211 2306 Aristophanem
1255 2239 1690 2304 interpretantium
1736 2253 1874 2286 com-

172 2323 357 2368 menta.
425 2318 470 2367 ls
507 2318 654 2382 igitur
689 2324 888 2380 auctor,
933 2318 1157 2382 quisquis
1192 2318 1318 2381 fuit,
1353 2324 1494 2368 certe
1526 2335 1625 2368 non
1659 2322 1873 2384 postpo-

173 2399 364 2448 nendus
411 2398 722 2460 scholiastis,
783 2403 951 2449 narrat
1013 2399 1309 2464 Euripidem
1356 2400 1616 2464 pecuniam
1671 2397 1874 2462 quidem

175 2478 238 2526 ab
279 2477 525 2527 Archelao
570 2479 795 2528 Athenas
829 2479 1033 2527 missam
1068 2480 1388 2543 repudiasse,
1424 2479 1516 2528 sed
1550 2488 1783 2542 rogasse,
1817 2481 1875 2526 ut

176 2557 522 2606 adolescentes
557 2560 798 2622 quosdam
824 2559 1052 2608 Pellaeos
1088 2559 1242 2607 nobili
1277 2559 1388 2608 loco
1422 2564 1567 2608 natos
1603 2574 1665 2607 ex
1701 2558 1874 2606 vincu-

174 2637 237 2686 lis
266 2637 558 2686 dimitteret.
614 2639 834 2701 Quorum
859 2645 1070 2703 patrem,
1108 2655 1257 2703 quum
1284 2640 1450 2704 paullo
1474 2644 1590 2688 ante
1617 2638 1871 2703 squalidus

177 2732 323 2783 opem
370 2717 688 2781 implorasset
733 2719 1140 2779 Atheniensium,
1194 2719 1411 2784 receptis
1458 2719 1603 2779 filiis,
1660 2721 1873 2783 repente
1938 2704 1947 2718 ⁰

175 2796 491 2863 splendidum
527 2799 711 2861 gratias
747 2815 843 2848 non
877 2800 1099 2848 minores
1123 2799 1355 2864 Euripidi
1390 2815 1538 2863 quam
1575 2799 1670 2847 diis
1705 2797 1874 2863 egisse

177 2877 428 2942 simulque
462 2877 665 2926 felicem
700 2878 1017 2943 praedicasse
1053 2879 1333 2937 civitatem,
1382 2896 1510 2944 quae
1555 2879 1680 2928 tales
1717 2878 1874 2927 aleret

173 2957 323 3009 viros.
374 2958 483 3007 Hac
517 2958 672 3022 igitur
704 2959 836 3024 regis
871 2959 1206 3023 generositate
1229 2964 1532 3008 commotum
1557 2959 1872 3024 Euripidem,

175 3053 330 3102 quum
363 3037 612 3097 invitanti,
645 3043 699 3085 nt
734 3038 797 3085 ad
831 3054 887 3087 se
920 3040 1126 3099 veniret,
1160 3041 1587 3106 obtemperasset,
1624 3038 1872 3103 Cephiso-

174 3117 376 3183 phontis
426 3117 572 3165 amici
619 3132 864 3180 nunquam
909 3135 1023 3168 esse
1059 3119 1305 3182 oblitum,
1347 3137 1498 3185 quum
1550 3119 1784 3169 Archelai
1818 3120 1872 3166 et

176 3197 383 3246 clitonis
418 3197 778 3246 consuetudine
805 3200 1004 3262 egregie
1031 3199 1383 3259 delectaretur,
1419 3200 1673 3263 sprevisse
1703 3202 1870 3245 autem

176 3277 525 3343 Aristophanis
548 3283 600 3324 et
622 3277 922 3340 reliquorum
943 3279 1271 3343 malignorum
1290 3280 1556 3328 maledicta
1580 3283 1631 3327 et
1648 3275 1871 3325 vetuisse

177 3353 633 3421 Cephisophontem
671 3355 733 3404 ad
770 3372 827 3405 ea
861 3359 1185 3423 respondere,
1222 3359 1349 3408 dona
1374 3365 1540 3408 autem
1574 3374 1602 3405 a
1629 3371 1749 3422 rege
1780 3354 1872 3403 ob-

175 3432 272 3483 lata
300 3440 351 3484 et
368 3437 612 3485 suadente
625 3435 820 3485 Clitone
848 3445 1052 3501 accepta
1075 3437 1247 3487 amicis
1276 3444 1330 3487 et
1348 3437 1675 3487 familiaribus
1697 3435 1748 3482 in
1776 3448 1866 3498 pa-

174 3512 317 3564 triam
343 3516 555 3565 misisse.
611 3514 1065 3582 Cephisophontem
1088 3531 1297 3568 necesse
1322 3523 1418 3579 est,
1453 3532 1551 3581 quo
1576 3520 1806 3581 tempore
1838 3529 1868 3562 a
