2170 3848
941 271 1021 326 93

142 422 495 474 ercitationem.
564 418 750 468 Contra
801 418 884 467 ubi
935 434 1063 468 nnus
1117 416 1195 465 vel
1243 415 1410 480 plures
1469 415 1691 482 opulenti
1734 432 1816 466 re·-

139 507 315 567 gnent,
349 502 527 550 horum
562 500 813 548 arbitrium
848 514 940 562 pro
975 497 1166 561 legibus
1201 511 1341 557 esse,
1380 497 1732 546 imbecilliores
1765 497 1816 544 vi

144 581 396 640 coerceri,
441 581 594 629 robur
629 585 794 628 autem
842 579 1080 638 civitatis,
1130 577 1361 624 iuvenum
1398 577 1819 625 succrescentium

143 663 335 721 florem,
375 667 426 709 et
459 661 679 725 optimos
715 674 951 722 quosque,
988 656 1118 721 quod
1153 657 1251 704 sint
1284 658 1503 719 tyrannis
1537 656 1723 718 infesti,
1757 656 1821 705 ad

146 740 429 806 exemplum
467 741 601 800 eius,
649 739 732 802 qui
765 754 856 801 per
888 738 1087 785 hortum
1134 737 1386 785 ambulans
1422 753 1611 784 summa
1644 737 1823 785 florum

148 822 311 886 capita
345 821 520 868 baculo
554 821 842 873 decuteret,
893 818 1137 876 interimi3
1184 817 1366 865 nemini
1400 817 1553 864 licere
1586 816 1662 864 vel
1699 816 1821 864 divi-

144 903 229 952 tiis
263 901 368 950 suis
402 900 501 947 frui
536 898 610 946 vel
639 897 850 945 filiarum
874 898 1116 961 virginum
1139 904 1398 946 venustate
1423 897 1666 960 gaudere:
1699 897 1825 945 haec

150 983 280 1031 enim
324 980 482 1028 omnia
530 978 670 1041 quasi
724 979 955 1041 praedam
1005 978 1287 1026 libidinibns
1336 978 1559 1042 exposita
1595 992 1708 1024 esse
1744 980 1825 1040 ty-

149 1074 427 1109 rannorum.
495 1058 588 1106 His
626 1056 889 1120 Euripides
926 1075 1013 1115 ea,
1051 1074 1178 1122 quae
1213 1059 1408 1121 penitus
1445 1057 1606 1104 animo
1642 1057 1826 1103 sentie-

148 1140 261 1199 bat,
307 1137 601 1194 declaravit,
649 1154 744 1200 quo
799 1137 1018 1200 quamvis
1066 1153 1211 1185 nemo
1247 1138 1432 1185 maiore
1478 1153 1590 1184 cum
1625 1152 1716 1185 suo
1750 1137 1826 1185 in·-

150 1219 408 1269 commodo
457 1218 774 1265 acerbitatem
827 1218 1052 1265 licentiae
1097 1218 1349 1281 popularis
1410 1223 1644 1280 expertus
1695 1220 1830 1265 esset

153 1299 298 1364 (quid
346 1298 477 1346 enim
530 1297 875 1361 Aristophanis
920 1298 1244 1360 protervitate
1278 1299 1413 1346 nasci
1445 1296 1701 1345 molestius
1739 1312 1828 1360 po-

152 1379 339 1439 tuit‘z),
400 1394 560 1442 neque
608 1377 866 1441 quisquam
917 1378 1285 1426 ambitiosorum
1333 1377 1587 1425 hominum
1636 1384 1830 1442 pestem

153 1460 309 1523 magis
358 1458 750 1516 abominaretur,
801 1463 967 1505 tamen
1015 1474 1163 1521 parva
1213 1457 1336 1505 haec
1371 1458 1682 1505 incommoda
1718 1473 1832 1505 esse

156 1539 384 1599 ducebat,
421 1543 706 1601 comparata
741 1554 851 1586 cum
888 1538 977 1596 iis,
1014 1553 1140 1600 quae
1173 1537 1332 1586 ferret
1367 1537 1661 1586 dominatus.
1731 1536 1834 1585 Ce-

154 1625 317 1668 terum
353 1634 449 1666 non
482 1618 578 1665 hoc
614 1617 807 1667 referre
842 1618 1101 1676 iudicabat,
1138 1635 1263 1666 unus
1300 1634 1361 1666 an
1388 1618 1556 1683 plnres
1576 1634 1636 1666 an
1659 1632 1833 1665 omnes

156 1701 221 1748 de
257 1699 460 1747 summis
496 1699 646 1746 rebus
685 1699 1040 1756 decernerent,
1095 1698 1182 1745 sed
1219 1714 1340 1762 opes
1377 1715 1437 1746 an
1470 1698 1655 1756 virtus,
1703 1697 1833 1744 arbi-

156 1779 308 1829 trium
366 1795 426 1827 an
473 1779 608 1841 leges
656 1779 922 1840 plurimum
969 1779 1204 1826 valerent.
1284 1779 1452 1842 ltaque
1502 1777 1834 1841 principatum

158 1858 376 1916 Thesei,
427 1859 510 1922 qui
562 1858 752 1922 legibus
801 1874 856 1906 se
901 1874 998 1906 non
1032 1860 1190 1906 minus
1223 1874 1367 1922 qnam
1403 1857 1638 1922 populum
1674 1856 1849 1904 teneri·

161 1939 511 1997 arbitraretur,
549 1939 731 2000 quique
763 1938 1064 2003 persuadere
1098 1939 1283 1986 civibus
1319 1938 1518 1997 mallet,
1568 1952 1714 2000 quam
1750 1950 1835 1984 co-

161 2035 284 2085 gere
319 2019 544 2074 eosdem,
581 2034 608 2065 a
644 2019 868 2082 populari
903 2024 1031 2066 statu
1066 2019 1133 2065 nil
1168 2017 1374 2066 differre
1410 2017 1676 2065 iudicabat.

293 2098 387 2146 His
423 2098 700 2161 disputatis,
739 2093 944 2162 urgente
979 2098 1198 2160 Theseo,
1234 2098 1336 2146 edit
1370 2114 1548 2163 praeco
1582 2097 1836 2146 mandataz

159 2183 327 2228 vetare
360 2178 625 2226 Thebanos
675 2178 923 2241 supplices
973 2180 1130 2244 recipi
1166 2179 1244 2228 vel
1280 2185 1502 2227 mortuos
1537 2178 1668 2238 tolli3
1721 2194 1838 2228 con-

160 2259 368 2308 trarium
403 2258 695 2306 facientibus
730 2259 915 2307 bellum
950 2260 1142 2308 minari.
1216 2260 1343 2308 Hinc
1369 2275 1542 2309 rursus
1579 2259 1639 2306 ad
1675 2259 1839 2307 locum

162 2354 473 2388 communem
508 2339 698 2398 transit,
733 2340 868 2402 pacis
902 2341 1026 2389 bona
1062 2341 1351 2404 praedicans
1387 2341 1722 2402 damnansque
1751 2356 1838 2388 cu-

162 2418 419 2484 piditatem
445 2418 736 2483 imperandi,
764 2436 990 2468 caussam
1019 2420 1275 2469 bellorum.
1313 2421 1504 2479 Solere,
1532 2420 1614 2477 ait,
1643 2420 1840 2483 quando

163 2499 346 2548 bellum
380 2499 430 2547 in
464 2498 866 2548 deliberationem
903 2501 1074 2564 populi
1107 2501 1302 2561 veniat,
1345 2500 1588 2549 neminem
1639 2501 1702 2548 de
1748 2515 1840 2548 suo

165 2578 270 2627 fato
307 2579 551 2643 cogitare,
590 2579 678 2628 sed
714 2581 762 2627 in
800 2579 918 2628 alios
954 2598 982 2628 a
1018 2597 1072 2629 se
1108 2597 1354 2645 quemque
1388 2581 1484 2628 hoc
1518 2579 1843 2629 infortunium

167 2658 454 2708 transferre.
522 2659 666 2721 Quod
715 2661 757 2707 si
802 2676 935 2708 mors
986 2662 1190 2726 singulis
1237 2661 1287 2708 in
1334 2661 1554 2708 ferendis
1590 2660 1842 2724 suffragiis

166 2743 283 2787 ante
316 2738 826 2799 oculosversaretur,
877 2757 1123 2805 nunquam
1168 2741 1392 2790 futurum
1428 2739 1613 2800 fuisse,
1660 2745 1718 2789 ut
1753 2757 1843 2806 po-

167 2819 269 2867 tius
305 2818 545 2867 bellorum
578 2820 750 2868 furore
786 2821 1011 2870 civitates
1048 2822 1270 2885 perirent
1304 2826 1386 2870 aut
1419 2820 1543 2868 aliae
1577 2819 1698 2868 alias
1720 2821 1840 2869 sub-

167 2899 386 2964 igerent,
431 2914 574 2962 quam
609 2900 748 2963 pacis
783 2901 923 2949 bonis
970 2901 1270 2950 dulcissimis
1306 2902 1606 2969 fruerentur.
1671 2900 1845 2951 Veris-

171 2977 296 3027 sima
341 2978 468 3026 haec
514 2984 592 3027 est
638 2982 895 3029 sententia.
967 2980 1069 3030 Sed
1104 2982 1225 3030 dicit
1260 2998 1368 3030 eam
1402 2981 1473 3041 is,
1510 2982 1594 3044 qui
1627 2982 1845 3030 iniustis-

172 3059 293 3106 sima
340 3063 391 3106 et
436 3058 728 3122 postulando
777 3066 829 3108 et
875 3062 1067 3123 agendo
1102 3063 1454 3110 necessitatem
1491 3061 1606 3110 belli
1640 3061 1847 3127 gerendi

169 3138 280 3203 ipse
312 3138 539 3203 imponit.
609 3138 767 3188 Recte
810 3141 959 3205 igitur
1001 3140 1233 3190 Theseus
1285 3158 1380 3190 non
1428 3158 1484 3190 se
1527 3142 1675 3191 huius
1728 3141 1848 3189 belli

171 3217 295 3266 dicit
326 3223 580 3267 auctorem
616 3234 758 3280 esse,
809 3221 898 3268 sed
935 3237 1050 3283 eos,
1104 3222 1188 3285 qui
1235 3222 1394 3270 alieno
1440 3222 1657 3286 populo,
1709 3221 1849 3284 quasi

173 3296 400 3358 subdito,
449 3305 737 3364 arroganter
782 3299 1044 3364 imperent.
1114 3302 1468 3365 Copiosissime
1501 3308 1667 3351 autem
1701 3301 1753 3348 in
1787 3316 1849 3350 eo

172 3377 487 3439 immoratur,
538 3379 669 3443 quod
715 3395 894 3445 praeco
944 3382 1072 3431 dixit
1135 3387 1330 3447 septem
1377 3380 1563 3444 duceS,
1615 3381 1850 3446 quoniam

173 3455 356 3507 fuerint
399 3458 537 3524 impii
586 3458 779 3524 diisque
820 3459 993 3511 infesti
1039 3466 1090 3513 et
1123 3461 1387 3513 manifesta
1421 3462 1712 3513 coelestium
1746 3461 1849 3511 vin-
