2170 3866
346 397 591 450 Adrastus
646 409 769 460 apro
825 409 885 444 ac
930 394 1061 445 leoni
1113 395 1242 445 filias
1277 396 1622 461 despondere,
1664 415 1763 450 uno
1811 405 2042 464 tempore

345 479 472 528 duos
507 475 724 535 exsules,
758 473 988 540 Tydeum
1017 482 1165 541 atque
1199 477 1507 542 Polynicem,
1543 480 1741 545 recepit
1764 480 1899 531 forte
1932 488 2046 532 ante

344 560 483 609 fores
517 572 633 606 suas
668 556 732 605 de
769 557 917 606 cubili
951 557 1188 617 rixantes,
1225 573 1340 606 mox
1375 560 1434 607 iis
1460 557 1706 608 affinitate
1730 576 1901 611 secum
1927 577 2047 612 con-

344 637 530 689 iunctis
565 636 882 686 iureiurando
917 654 974 686 se
1008 638 1272 687 obstrinxit
1308 656 1364 689 se
1410 639 1741 697 effecturum,
1785 647 1842 691 ut
1874 642 1925 691 in
1959 658 2048 706 pa-

344 720 491 768 triam
527 723 740 782 uterque
774 718 1142 767 restitueretur.
1214 719 1307 769 His
1345 720 1557 768 narratis
1593 719 1856 786 Polynices
1893 727 2050 772 testa-

346 804 431 848 tur
482 799 605 847 deos
665 798 871 847 invitum
923 814 990 847 ,se
1040 815 1098 847 ac
1152 801 1456 848 necessitate
1506 808 1733 850 coactum
1781 802 2051 850 carissimis

346 880 607 946 penatibus
643 894 779 927 arma
814 879 1068 939 intulisse,
1117 885 1169 928 et
1205 886 1313 929 orat
1347 887 1589 941 matrem,
1625 887 1682 930 ut
1715 897 1839 946 pace
1874 897 2051 931 recou-

346 961 515 1009 ciliata
563 975 626 1008 ex
675 959 752 1007 his
799 960 1014 1007 miseriis
1068 963 1118 1008 et
1165 976 1220 1008 se
1256 966 1309 1009 et
1344 961 1594 1010 civitatem
1630 962 1821 1027 eripiat.
1890 961 2052 1012 Patri-

316 1041 567 1090 vmonium
614 1039 712 1089 sibi
757 1046 989 1103 repetere
1048 1056 1258 1088 necesse
1293 1056 1434 1089 esse:
1493 1043 1680 1091 etenim
1731 1043 1913 1108 opibus
1966 1042 2053 1107 qui

347 1126 531 1179 careat,
567 1137 681 1169 eum
716 1125 976 1184 potestate
1007 1136 1065 1169 ac
1101 1120 1294 1177 honore
1331 1137 1519 1172 carere.
1643 1140 1665 1155 0

482 1200 1031 1263 Ferox.festinansque
1078 1201 1273 1269 advenit
1307 1201 1572 1264 Eteocles,
1609 1203 1758 1252 modo
1793 1203 1843 1252 in
1880 1202 2053 1268 dispo-

345 1283 522 1332 nendis
548 1280 1154 1345 instruendisque'copiis
1189 1287 1464 1346 occupatus
1511 1299 1786 1347 parumque
1832 1283 1895 1332 ad
1939 1298 2053 1348 gra-

347 1365 468 1414 tiam
505 1361 861 1410 conciliandam
900 1377 1177 1426 propensus
1195 1362 1261 1427 *).
1332 1362 1634 1412 Constitutis
1670 1369 1833 1412 autem
1862 1364 1913 1412 in
1943 1379 2053 1412 mu-

347 1449 436 1493 tuo
474 1447 748 1506 conspectu
783 1440 928 1501 filiis,
972 1441 1220 1505 egregiam
1258 1446 1420 1490 mater
1455 1445 1727 1492 orationem
1762 1443 2052 1506 interponit,

350 1525 492 1573 cuius
527 1537 685 1586 paene
735 1520 927 1583 singula
973 1521 1123 1568 verba
1158 1522 1436 1571 Schillerus
1483 1530 1656 1572 noster
1689 1524 1910 1571 imitatus
1946 1528 2051 1571 est:

349 1604 545 1654 Cohibe
593 1603 864 1666 impetum,
917 1600 1185 1649 Eteocles:
1247 1618 1345 1651 non
1396 1603 1525 1651 enim
1575 1603 1867 1668 praecipitia
1915 1609 2054 1650 recta

348 1689 490 1743 sunt,
538 1683 629 1730 sed
676 1686 902 1728 maturae
949 1680 1061 1729 fere
1109 1683 1325 1730 rationes
1362 1682 1794 1747 prudentissimae.
1863 1682 1932 1731 Et
1963 1698 2055 1731 re-

349 1766 493 1814 mitte
526 1761 693 1810 vultus
730 1760 969 1808 ferociam
1006 1766 1152 1823 atque
1189 1762 1292 1809 irae
1327 1763 1588 1827 spiritum:
1625 1778 1719 1811 non
1756 1762 1888 1811 enim
1923 1761 2053 1811 Gor-

350 1845 492 1911 gonis
529 1846 680 1906 caput
714 1841 919 1888 intueris
956 1840 1164 1888 fratrem
1199 1847 1339 1889 tuum
1375 1859 1628 1890 reversum
1666 1843 1880 1893 intuens.
1949 1841 2054 1891 Tu-

351 1941 449 1989 que
482 1923 724 1983 invicem,
772 1920 1069 1984 PolyniceS,
1118 1921 1310 1970 vultum
1359 1923 1421 1971 ad
1458 1939 1750 1987 germanum
1786 1929 2052 1973 converte:

350 2019 565 2068 namque
612 2009 851 2051 contuens
898 2002 1045 2050 huius
1093 2001 1281 2050 vultum
1329 2002 1638 2051 commodius
1674 2007 1727 2051 et
1769 2003 1881 2068 ipse
1916 2003 2055 2051 dices

351 2091 403 2134 et
434 2085 580 2132 huius
616 2083 765 2132 verba
801 2082 1033 2145 accipies,
1106 2080 1316 2131 Monere
1361 2090 1526 2131 autem
1562 2099 1650 2132 vos
1686 2084 1918 2147 quiddam
1955 2097 2052 2132 non

349 2164 627 2232 insipidum
671 2163 812 2210 volo:
866 2161 1074 2223 Quando
1110 2163 1299 2210 amicus
1337 2163 1514 2226 aliquis
1561 2163 1721 2212 amico
1754 2164 1908 2213 iratus
1942 2178 2055 2212 cum

350 2260 412 2294 eo
464 2244 514 2292 in
560 2248 787 2291 mutuum
835 2241 1129 2305 adspectum
1166 2243 1512 2304 congreditur,
1563 2258 1621 2289 ea
1657 2244 1793 2302 sola,
1842 2257 2052 2305 quorum

350 2323 512 2390 gratia
547 2327 809 2382 venerunt,
846 2321 1166 2368 considerare
1202 2321 1365 2377 decet,
1402 2321 1686 2369 iniuriarum
1719 2327 1883 2370 autem
1915 2322 2053 2387 prio-

351 2421 462 2455 rum
497 2403 799 2452 mentionem
836 2401 1084 2450 omittere.
1151 2400 1296 2449 Prior
1329 2401 1436 2458 tibi,
1473 2399 1756 2464 Polynices,
1792 2402 1929 2450 locu·
1963 2401 2052 2451 de-

350 2487 499 2536 betur
532 2482 757 2533 dicendi:
792 2481 1025 2531 iniuriam
1061 2480 1193 2529 enim
1230 2481 1535 2546 exprobrans
1572 2497 1683 2530 cum
1712 2482 1935 2532 exercitu
1967 2497 2053 2532 ve—

498 2751 605 2804 ἑξῆς
635 2748 833 2799 δεόντως
871 2746 991 2804 λέγοι
1031 2747 1185 2801 ,,Ποτὲ
1214 2746 1296 2802 μὲν
1330 2744 1399 2790 ἐπ’
1430 2741 1555 2805 ἦμαρ
1587 2746 1727 2804 εἶχον,
1759 2743 1839 2792 εἴτ’
1869 2741 1954 2790 οὐκ
1985 2742 2054 2790 εἷ-

497 2837 580 2877 χον
612 2815 712 2863 ἅν.”
770 2821 831 2863 Εἰ
856 2818 944 2876 γὰρ
977 2814 1189 2875 ἀλλήλοις
1216 2813 1521 2876 ῦπεχῶρησαν
1560 2816 1776 2863 ἐνιαυτὸν
1813 2815 1921 2875 παρ’
1960 2815 2054 2861 ἐνι-

499 2889 646 2935 αυτὸν
686 2888 868 2948 ἄρχειν,
911 2888 1097 2941 πάντως
1132 2889 1211 2932 καὶ
1247 2887 1305 2932 τὰ
1338 2886 1581 2943 ἐπιτήδεια
1621 2888 1871 2946 ἐπεφέρετο
1902 2891 2055 2932 Πολυ-

498 2963 667 3017 νείκης.
727 2961 905 3004 Oblitus
947 2976 1060 3019 ergo
1098 2965 1195 3004 erat
1231 2961 1308 3003 hic
1354 2962 1583 3018 privatum
1615 2959 1883 3016 patrimonio
1912 2959 2053 3002 fuisse

498 3033 763 3089 Polynicem
793 3036 837 3075 et
865 3034 966 3088 plus
995 3047 1131 3075 unum
1159 3045 1324 3074 annum
1353 3033 1503 3088 patria
1534 3032 1745 3074 caruisse.

418 3102 468 3160 ἧς)
498 3104 651 3147 Schol.
692 3119 735 3146 v.
778 3101 886 3146 446:
938 3101 1153 3147 κάλλιστα
1197 3105 1448 3158 πεποίηται
1487 3104 1552 3160 τῷ
1594 3101 1794 3160 τραγικῷ
1835 3098 1889 3144 τὸ
1917 3098 2056 3157 πρός-

500 3190 656 3228 ωπον,
701 3171 803 3217 οἷον
842 3175 916 3218 δεῖ
954 3172 1073 3218 εἶναι
1113 3169 1276 3217 ἄδικον
1308 3171 1470 3230 ἄνδρα.
1532 3174 1807 3229 Γιγνώσκων
1833 3167 1948 3228 γὰρ,
1994 3168 2056 3221 ὥς

501 3244 639 3291 οὐδὲν
677 3246 861 3288 δίκαιον
899 3243 988 3300 ἔχει
1027 3243 1194 3299 λέγειν,
1235 3243 1401 3299 ἐπείγει
1439 3242 1527 3299 τὴν
1555 3247 1728 3302 κρίσιν,
1771 3240 1855 3286 τὸν
1883 3239 1932 3284 ἐκ
1971 3241 2056 3297 τῆς

500 3318 815 3370 δικαιολογίας
842 3315 962 3359 κατὰ
991 3313 1155 3360 λεπτὸν
1178 3314 1421 3370 γινόμενον
1443 3314 1622 3371 ἔλεγχον
1639 3313 1887 3369 ἐκφεύγων.
1933 3313 2052 3354 Con-

497 3392 568 3431 tra
596 3386 848 3443 Polynices,
878 3388 997 3443 quod
1025 3386 1207 3431 confidit
1235 3401 1448 3439 caussae,
1478 3386 1616 3431 etiam
1643 3385 1689 3429 in
1718 3384 1872 3428 media
1903 3381 2049 3426 hosti-

496 3473 575 3502 um
605 3462 753 3502 castra
779 3472 828 3501 se
858 3458 1062 3502 conferre
1091 3471 1177 3501 non
1206 3458 1440 3501 dubitavit.
