2124 3860
1059 281 1182 338 314

283 429 513 478 Formam
548 430 710 474 autem
745 426 878 490 quod
912 426 1114 488 attinet,
1150 433 1263 477 sunt
1296 428 1542 478 orationes
1574 429 1690 479 illae
1723 429 1783 479 ad
1817 432 1955 497 leges

256 510 400 557 .artis
445 506 716 571 prudenter
770 509 1103 571 compositae:
1165 508 1552 572 praemittuntur
1595 513 1844 574 prooemia
1892 512 1954 560 ad

282 586 603 650 mitigandum
654 586 818 635 odium
871 590 1331 651 conciliandumque
1390 588 1610 637 favorem
1670 597 1810 656 apta,
1868 608 1953 641 ex-

278 674 528 731 ponuntur
564 681 643 714 res
679 668 942 732 perspicue
976 686 1033 716 ac
1068 669 1414 733 probabiliter,
1461 670 1809 718 confirmantur
1839 687 1954 735 pro-

276 747 412 811 pria,
460 751 749 795 evertuntur
798 749 1077 797 adversaria
1122 750 1303 813 partim
1338 749 1513 797 validis
1547 751 1725 814 partim
1761 751 1955 816 specio-

279 827 347 874 sis
382 828 713 888 argumentis,
762 844 922 892 neque
969 830 1114 877 facile
1151 831 1438 892 quicquam,
1486 830 1614 894 quod
1663 830 1779 878 insit
1813 846 1953 879 caus-

278 922 387 965 sae,
436 908 706 966 omittitur,
743 907 956 972 denique
988 912 1234 973 peroratio
1271 909 1524 957 movendis
1562 911 1736 959 animis
1780 911 1955 959 idonea

275 986 488 1049 additur,
525 1002 686 1050 neque
721 988 831 1036 fere
866 989 1009 1037 deest
1044 990 1290 1037 clausulae
1325 991 1596 1049 sententia,
1647 1007 1771 1055 quae
1806 991 1954 1040 feriat

274 1067 544 1118 auditores,
613 1068 753 1116 Haec
793 1073 956 1116 tamen
1006 1086 1085 1118 ars
1121 1075 1219 1117 tam
1258 1069 1431 1117 callide
1467 1059 1833 1128 dissimulatur,
1879 1075 1952 1132 ut,

271 1147 365 1195 nisi
413 1147 456 1195 si
502 1147 613 1211 quis
664 1147 831 1197 dedita
875 1165 1026 1213 opera
1061 1150 1311 1209 attendat,
1358 1165 1503 1198 nemo
1546 1150 1698 1200 facile
1733 1151 1951 1200 animad-

269 1232 443 1278 vertat.

401 1306 475 1355 Ad
516 1307 960 1371 Clytaemnestram
1007 1310 1175 1359 redeo.
1245 1309 1406 1358 Huius
1457 1324 1654 1374 quoque
1699 1309 1952 1376 ingenium

267 1387 570 1453 probabilius
628 1387 892 1452 Euripides
951 1404 1095 1451 quam
1153 1388 1427 1451 Sophocles
1485 1389 1696 1454 effinxit.
1777 1390 1952 1455 Neque

266 1467 398 1516 enim
435 1468 671 1515 credibile
707 1475 782 1516 est
828 1467 973 1516 ullam
1020 1469 1303 1529 mulierem,
1348 1469 1468 1517 tanti
1502 1468 1595 1516 sibi
1629 1469 1797 1534 flagitii
1832 1487 1949 1520 con-

267 1548 446 1610 sciam,
483 1549 612 1597 omni
647 1564 826 1597 vacare
861 1549 1180 1611 poenitentia,
1217 1550 1334 1611 quin
1370 1550 1515 1597 etiam
1550 1548 1765 1597 ferocire
1799 1556 1972 1617 atque.=

265 1629 394 1677 ultro
427 1629 682 1693 increpare
715 1629 898 1676 liberos
934 1635 1123 1692 patrem
1160 1628 1479 1676 interfectum
1507 1629 1750 1693 lugente8‚
1786 1646 1948 1694 neque

263 1710 382 1757 satis
418 1709 603 1757 habere
651 1724 737 1756 eos
786 1710 934 1757 vitam
982 1709 1136 1756 servis
1182 1709 1491 1756 miseriorem
1527 1709 1710 1772 degere
1744 1726 1772 1758 e
1805 1709 1948 1759 bonis

261 1790 480 1852 paternis
517 1788 704 1837 eiectos
753 1793 900 1852 atque
953 1788 1311 1837 contumeliose
1353 1793 1625 1848 tractatos,
1668 1788 1762 1837 nisi
1797 1789 1946 1837 etiam

261 1869 312 1917 in
347 1869 663 1917 solitudinem
714 1869 954 1934 proiecti,
994 1868 1177 1917 lumine
1213 1869 1330 1916 solis
1367 1868 1565 1931 privati,
1611 1883 1721 1916 cum
1757 1869 1947 1918 crucia-

260 1948 393 1998 tibus
428 1950 798 1998 interficiantur.
869 1950 1060 2009 Quanto
1108 1956 1310 1997 naturae
1349 1949 1592 1996 humanae
1625 1948 1801 1997 melius
1827 1964 1946 1997 con-

260 2030 459 2078 veniunt
509 2046 635 2092 quae
681 2030 822 2078 finxit
859 2029 1152 2092 Euripides,
1205 2029 1335 2076 nolle
1389 2037 1596 2076 matrem
1653 2029 1838 2077 liberos
1885 2029 1945 2077 ab

261 2110 485 2158 adultero
522 2110 751 2169 interfici,
786 2111 1043 2174 ignoscere
1079 2109 1235 2156 dolori
1270 2108 1463 2156 illorum
1493 2110 1762 2158 iustissimo
1782 2125 1945 2174 neque

260 2189 470 2246 scelere,
506 2191 636 2253 quod
672 2190 986 2253 impudenter
1021 2190 1338 2250 commiserit,
1381 2190 1612 2251 gaudere.

395 2269 469 2318 Ad
523 2285 663 2316 sacra
711 2269 804 2316 diis
854 2269 1125 2316 obferenda
1171 2269 1219 2315 in
1267 2270 1465 2316 domum
1517 2268 1695 2316 mulier
1753 2268 1942 2331 squali-

260 2349 370 2397 dam
419 2347 680 2413 splendida
732 2349 914 2408 intrat,
972 2347 1033 2394 ad
1086 2347 1237 2394 altera
1292 2363 1430 2395 sacra
1479 2348 1591 2395 inde
1634 2347 1940 2411 profectura.

259 2429 398 2477 Haec
447 2429 689 2476 meditans
735 2444 762 2475 a
810 2427 981 2476 liberis
1029 2431 1255 2489 tanquam
1302 2427 1503 2475 victima
1546 2443 1698 2490 super
1732 2427 1942 2476 adulteri

259 2525 438 2574 corpus
473 2508 769 2557 immolatur.
840 2508 984 2569 Quod
1019 2506 1133 2553 dum
1169 2507 1255 2568 fit,
1304 2507 1486 2554 chorus
1529 2507 1774 2570 indignam
1812 2509 1941 2571 Aga-

258 2589 535 2637 memnonis
585 2596 796 2636 mortem
842 2589 892 2636 in
938 2594 1154 2634 mentem
1201 2603 1437 2634 revocans
1471 2587 1737 2651 imaginem
1772 2588 1940 2636 caedis

256 2673 486 2732 tanquam
535 2669 810 2732 praesentis
855 2667 1090 2731 depingit,
1157 2668 1441 2715 Audiuntur
1475 2668 1655 2716 deinde
1688 2683 1833 2715 voces
1868 2668 1940 2716 le-

256 2749 346 2797 tali
391 2748 534 2813 plaga
583 2747 818 2808 affectae3
870 2763 986 2796 mox
1030 2747 1176 2795 liberi
1211 2747 1383 2795 matris
1431 2749 1648 2811 respersi
1684 2748 1939 2811 sauguine,

256 2829 395 2891 signo
430 2829 664 2876 victoriae
699 2828 1082 2889 infelicissimae,
1118 2829 1165 2874 in
1193 2843 1390 2875 scenam
1426 2828 1585 2875 animo
1625 2831 1938 2876 consternato

255 2908 493 2966 redeunt,
542 2909 787 2972 simulque
832 2907 1097 2972 patefactis
1146 2909 1349 2956 aedibus
1387 2908 1579 2972 gemina
1613 2905 1940 2957 ostenduntur

255 3002 463 3050 corpora
497 2987 633 3035 humi
669 2995 939 3053 prostrata,
975 2990 1081 3037 iure
1115 2988 1315 3051 quidem
1352 2990 1495 3036 ambo
1531 2986 1810 3043 interfecta,
1847 2985 1935 3033 sed

253 3082 351 3115 non
396 3066 663 3115 liberorum
714 3086 861 3117 mauu
908 3069 1049 3118 matri
1096 3084 1228 3116 mors
1272 3066 1447 3116 inferri
1496 3067 1680 3116 debuit.
1749 3065 1934 3113 Merito

251 3148 402 3212 igitur
435 3147 519 3206 illi,
557 3148 853 3198 trucidatam
886 3167 913 3197 a
949 3166 1004 3198 se
1037 3155 1257 3210 matrem,
1294 3164 1418 3211 quae
1452 3148 1634 3211 genuit,
1673 3144 1934 3206 intuentes,

253 3227 537 3275 vehementi
579 3227 865 3278 afficiuntur
911 3229 1110 3290 dolore,
1159 3235 1211 3276 et
1261 3244 1315 3275 se
1362 3238 1568 3293 propter
1616 3225 1806 3274 facinus
1841 3226 1934 3273 im-

253 3307 388 3371 pium
425 3323 481 3355 ac
530 3307 825 3357 detestabile
870 3311 1093 3358 omnibus
1130 3309 1416 3356 mortalibus
1463 3307 1640 3355 merito
1675 3305 1790 3353 odio
1823 3304 1935 3353 fore

252 3387 550 3452 intelligunt.
617 3388 831 3439 Accusat
866 3391 1073 3438 Orestes
1104 3387 1376 3447 Phoebum,
1413 3387 1496 3450 qui
1530 3385 1755 3445 iusserit,
1790 3400 1932 3432 accu-

256 3470 335 3516 sat
381 3483 632 3530 sororem,
681 3485 808 3533 quae
855 3471 1053 3520 hortata
1100 3468 1191 3517 sit:
1242 3472 1467 3517 versatur
1500 3464 1627 3514 enim
1663 3464 1724 3513 ob
1760 3463 1935 3513 oculos
