2170 3848
936 276 1051 332 lll

290 422 532 475 Videmus
565 423 665 472 iam
699 426 804 471 tres
839 422 978 487 quasi
1013 425 1178 487 partes
1221 419 1348 467 inter
1381 434 1438 468 se
1471 417 1822 478 conflictante8‚

156 520 360 570 quarum
392 494 552 569 prima
589 509 703 552 sunt
734 501 961 568 Spartani
995 502 1231 558 victores,
1284 498 1436 546 altera
1473 498 1674 548 Troiani
1706 499 1823 548 victi

157 586 463 649 subditique,
511 586 656 634 tertia
691 584 810 631 socii
845 581 1121 645 affinesque
1156 578 1522 642 Spartanorum,
1557 579 1823 628 Phthiotae

155 665 263 713 sive
297 665 474 714 domus
510 664 665 713 Pelei.
732 661 858 710 Nam
900 662 993 709 hac
1037 665 1202 707 mente
1236 659 1361 706 haec
1394 675 1421 706 a
1454 665 1600 721 poeta
1635 660 1708 706 sic
1741 659 1823 706 ef—

156 745 272 794 ficta
307 760 436 806 esse,
471 751 528 793 ut
560 743 699 807 quasi
730 742 951 805 gentium
987 740 1336 802 civitatumque
1369 754 1606 804 personas
1639 739 1703 795 ii,
1741 739 1824 801 qui

157 825 510 890 producuntur,
545 837 719 887 gerere
753 821 1051 880 viderentur,
1088 819 1201 867 inde
1224 818 1525 882 intelligitur,
1559 818 1688 882 quod
1716 834 1823 866 sae-

157 905 269 969 pius
304 903 594 969 populorum
627 901 976 963 civitatumque
1023 900 1095 948 sic
1139 899 1261 948 facit
1294 899 1625 959 mentionem,
1676 904 1730 947 ut
1763 900 1823 948 ad

157 985 271 1033 illos
316 985 611 1047 privatorum
662 980 795 1029 facta
845 981 1074 1044 dictaque
1125 996 1236 1029 eum
1286 994 1521 1028 revocare
1573 984 1824 1043 appareat.

157 1064 226 1111 Et
257 1063 471 1110 victores
505 1060 703 1124 quidem
738 1062 997 1125 superbos,
1031 1066 1337 1125 arrogantes,
1370 1059 1578 1107 iniustos
1613 1055 1850 1124 effingit,

154 1157 318 1206 neque
364 1142 523 1190 minus
573 1142 719 1188 sociis
769 1157 912 1204 quam
961 1142 1170 1190 subditis
1213 1141 1422 1202 iniquos.
1494 1139 1825 1204 Impudentis-

157 1223 283 1270 sime
317 1223 446 1270 enim
480 1222 600 1269 facit
635 1220 911 1282 Menelaus,
946 1221 994 1268 iu
1029 1221 1185 1269 aliena
1218 1220 1368 1268 domo
1402 1224 1630 1282 tanquam
1656 1220 1706 1268 in
1741 1234 1827 1267 sua

155 1303 410 1351 dominans
470 1301 712 1363 simulque
756 1302 888 1349 fictis
936 1301 1220 1349 criminibus
1269 1301 1556 1348 innocentes
1591 1300 1825 1348 damnans

155 1382 536 1446 improbissime.
605 1381 766 1429 Huius
811 1381 980 1445 populi
1026 1381 1287 1429 amicitiam
1320 1379 1481 1427 secuti
1513 1378 1714 1427 Pelidae
1746 1380 1826 1427 fe-

156 1463 320 1511 minae
351 1462 603 1526 improbae
637 1462 936 1524 repetendae
970 1477 1143 1509 caussa
1165 1459 1366 1508 'I‘roiam
1394 1464 1694 1519 everterunt,
1729 1475 1826 1524 quo

157 1542 292 1591 facto
326 1542 501 1591 malam
537 1542 818 1589 mercedem
849 1541 964 1588 mali
989 1542 1210 1590 tulerunt
1232 1540 1481 1588 facinoris.
1530 1539 1666 1588 Mala
1697 1540 1824 1588 enim

155 1638 349 1671 merces
381 1622 648 1671 Hermiona
683 1628 778 1678 est,
813 1621 1067 1686 improbae
1100 1620 1272 1669 matris
1306 1621 1528 1683 improba
1550 1619 1666 1680 filia,
1699 1619 1827 1668 mala

156 1718 349 1752 merces
383 1703 575 1767 captiva
610 1701 973 1763 Andromache,
1011 1702 1116 1749 eius
1154 1699 1394 1764 quondam
1431 1700 1522 1747 viri
1555 1715 1707 1757 uxor,
1743 1700 1828 1763 qui

156 1783 498 1832 crudelissime
535 1798 564 1829 a
599 1781 770 1829 Pelide
803 1782 941 1846 ipso,
983 1787 1127 1845 patre
1172 1780 1304 1838 eius,
1354 1780 1436 1843 qui
1478 1779 1529 1828 in
1573 1780 1828 1828 matrimo-

154 1863 291 1912 nium
326 1863 494 1921 duxit,
539 1860 834 1909 interfectus
870 1866 921 1910 et
956 1862 1138 1909 circum
1171 1861 1304 1908 urbis
1357 1861 1550 1908 moenia
1590 1865 1828 1909 tractatus

157 1947 211 1991 et
245 1942 446 1990 canibus
480 1941 856 2004 volucribusque
889 1943 1141 2004 proiectus
1187 1946 1278 1989 est·
1347 1940 1414 1989 Et
1446 1941 1678 1988 Hectoris
1714 1941 1828 2004 qui-

157 2022 270 2071 dem
305 2026 515 2070 mortem
551 2021 743 2084 pridem
779 2021 909 2069 ultus
955 2026 1034 2069 est
1067 2021 1260 2085 Apollo.
1330 2020 1492 2068 Huius
1528 2021 1657 2068 enim
1691 2021 1825 2070 iussu

156 2108 308 2165 atque
357 2100 572 2164 impulsu
634 2101 720 2148 ille
762 2101 813 2148 in
866 2101 1056 2164 templo
1110 2100 1330 2149 eiusdem
1378 2100 1671 2149 interfectus
1718 2105 1825 2161 est3

155 2182 287 2231 idem
346 2181 440 2228 ia'm
501 2180 603 2228 filio
660 2180 767 2228 eius
827 2182 1121 2246 supplicium
1166 2187 1388 2245 paratum
1438 2186 1530 2231 est.
1598 2181 1641 2230 F
1643 2181 1828 2246 ingitur

155 2262 286 2311 enim
311 2260 683 2324 Neoptolemus,
721 2277 872 2324 quum
895 2267 1037 2310 antea
1063 2260 1283 2325 Delphos
1309 2261 1567 2324 profectus
1591 2266 1826 2326 paternae

155 2341 293 2390 necis
338 2357 524 2406 poenas
569 2357 597 2388 a
631 2342 727 2390 deo
776 2343 1073 2406 expetisset,
1125 2343 1223 2390 hoc
1268 2348 1496 2406 tempore
1529 2357 1701 2390 rursus
1738 2357 1825 2390 ex-

154 2421 366 2488 piandae
410 2421 702 2469 temeritatis
747 2437 920 2470 caussa
965 2422 1140 2470 eodem
1189 2423 1533 2470 contendisse:
1579 2422 1662 2469 ubi
1708 2423 1823 2471 dum

155 2506 408 2561 versatur,
454 2501 606 2564 deus,
652 2507 819 2566 spreta
866 2502 1205 2550 satisfactione
1251 2502 1373 2563 eius,
1407 2507 1617 2551 mortem
1655 2503 1702 2549 ei
1734 2519 1827 2566 per

158 2580 389 2630 Orestem
438 2587 576 2630 curat
620 2581 940 2632 inferendam.
1010 2583 1332 2631 Continuatur
1378 2583 1528 2645 igitur
1574 2583 1827 2641 Hectoris,

156 2661 347 2726 pridem
382 2659 619 2721 defuncti,
654 2661 804 2722 ultio,
841 2663 1045 2727 eiusque
1076 2663 1274 2711 ultionis
1307 2679 1422 2727 pars
1458 2662 1601 2710 etiam
1637 2663 1698 2710 ad
1729 2663 1827 2711 An-

158 2741 457 2790 dromachen
502 2743 749 2806 pertinet,
795 2758 939 2806 quam
986 2743 1207 2806 quidem,
1253 2743 1409 2807 priori
1458 2742 1635 2790 marito
1682 2743 1827 2792 unice

158 2820 328 2880 fidam,
365 2822 666 2870 concubinae
701 2822 810 2871 loco
845 2822 1198 2887 Neoptolemus
1250 2824 1400 2872 habet
1442 2822 1657 2872 invitam.
1727 2823 1825 2872 De-

158 2901 359 2949 claravit
389 2906 536 2964 poeta
570 2907 787 2951 mentem
821 2918 956 2951 suam
994 2910 1043 2952 et
1077 2904 1283 2952 Achillis
1318 2904 1565 2951 interitum
1602 2909 1654 2951 et
1677 2905 1826 2969 Asty-

127 2987 130 2990 ”
158 2980 343 3030 anactis
390 2981 533 3044 pueri
576 2997 747 3030 necem
789 2988 840 3031 et
872 2983 1087 3048 reliquas
1122 2984 1495 3032 Andromachae
1527 2984 1828 3033 calamitates

159 3060 328 3110 statim
354 3060 404 3109 in
426 3062 681 3125 prooemio
711 3062 1050 3111 describendo.
1087 3064 1206 3113 Inde
1231 3064 1431 3128 planum
1458 3065 1553 3111 iam
1574 3064 1683 3113 fore
1701 3066 1826 3114 arbi-

157 3145 279 3202 tror,
327 3156 569 3190 summam
615 3156 780 3190 rerum
816 3145 866 3190 in
901 3143 1178 3192 Pelidarum
1215 3145 1390 3192 domus
1423 3144 1625 3192 interitu
1659 3151 1827 3194 osten-

159 3221 322 3270 dendo
355 3222 488 3285 poni,
525 3221 586 3269 ad
622 3237 766 3284 quem
800 3223 899 3284 illa,
935 3224 1283 3288 Spartanorum
1318 3224 1608 3273 societatem
1641 3226 1826 3290 impro-

160 3301 271 3349 bam
319 3317 532 3366 sequens
580 3302 856 3366 malamque
895 3306 1103 3367 gratiam
1138 3320 1229 3370 pro
1263 3305 1444 3353 iniusto
1479 3305 1661 3353 auxilio
1695 3306 1826 3354 acci-

161 3380 328 3446 piens,
375 3381 683 3434 detrudatur.
752 3383 1078 3449 Neoptolemo
1111 3389 1303 3449 partem
1339 3385 1587 3434 actionum
1620 3385 1825 3435 tribuis-

158 3465 238 3509 set
273 3461 564 3527 Euripides,
614 3462 656 3511 si
707 3462 866 3513 locum
901 3464 1144 3515 actionum
1186 3470 1377 3514 mutare
1411 3465 1646 3515 licuisset.
1717 3465 1824 3514 Pri-
