2124 3860
895 283 1013 340 293

1789 384 1809 392 ο

121 434 222 479 stes
245 427 451 495 possit.’'
500 428 722 478 Eandem
745 428 956 480 fabulam
981 442 1150 478 rursus
1175 426 1224 475 in
1242 425 1529 477 Phoenissis
1550 427 1787 493 perstriu-

116 510 200 574 git,
233 509 316 557 ubi
338 508 591 558 Eteoclem
626 509 816 559 induxit
850 512 1032 559 haecce
1068 509 1340 556 dicentem:
1375 508 1539 568 „Hinc
1566 509 1627 556 ad
1652 523 1786 557 moe-

116 590 198 638 nia
224 588 478 653 profectus
505 590 562 636 ad
588 594 775 653 septem
805 597 968 654 portas
989 588 1190 637 totidem
1216 586 1466 635 collocabo
1493 588 1661 649 duces,
1696 603 1784 650 pa-

115 684 198 717 res
231 670 429 733 paribus
477 685 743 733 opponens.
813 669 1074 717 Nomina
1122 671 1330 714 autem
1380 667 1783 731 singulorum

114 764 471 796 recensere
507 749 704 796 multa
741 747 914 795 foret
949 764 1146 806 mora,
1181 746 1480 795 hostibus
1518 747 1577 792 in
1613 746 1781 809 ipsis

113 827 232 876 iam
269 829 600 876 moenibus
633 827 1082 886 haerentibus:
1129 827 1215 875 sed
1252 827 1401 885 abeo,
1437 842 1498 873 ne
1533 826 1592 873 ab
1629 839 1782 889 opere

114 914 310 955 cessent
331 923 500 955 manus
514 902 616 971 *).''
658 906 1061 955 Manifestissime
1083 924 1198 956 vero
1222 908 1271 954 iu
1301 907 1532 954 Electrae
1557 905 1782 953 dramate

111 985 243 1034 ridet
265 1002 387 1048 quae
412 986 577 1050 inepte
605 987 664 1034 ab
694 987 942 1050 Aeschylo
966 989 1161 1036 seniore
1181 988 1371 1036 inventa
1394 985 1590 1034 fabulae
1615 986 1781 1033 insunt

108 1063 314 1113 inferias
349 1066 674 1125 mittentium,
711 1068 794 1116 ubi
827 1083 993 1116 senem
1031 1068 1270 1132 quendam
1303 1067 1605 1131 decrepitum
1643 1063 1780 1128 quasi

109 1142 316 1192 delirum
352 1146 493 1209 fingit
526 1147 800 1196 cincinnum
834 1147 883 1194 in
918 1148 1104 1196 tumulo
1129 1147 1504 1211 Agamemnonis
1529 1146 1780 1193 inventum

110 1223 288 1272 afferre
332 1224 561 1274 Electrae
607 1243 813 1291 eamque
867 1243 1092 1288 monere,
1151 1233 1204 1276 ut
1250 1242 1361 1274 cum
1412 1225 1514 1273 suis
1561 1223 1777 1272 crinibus

111 1311 400 1368 componat:
446 1319 554 1351 nam
591 1308 630 1351 si
663 1307 793 1355 idem
828 1308 892 1355 sit
927 1308 1075 1369 color,
1111 1307 1279 1354 fratris
1314 1306 1377 1353 de
1412 1305 1601 1368 capillis
1633 1303 1774 1351 illum

108 1383 380 1432 cincinnum
429 1382 685 1431 desectum
730 1401 841 1433 esse
887 1386 1076 1434 scilicet
1126 1386 1321 1450 planum
1354 1384 1464 1433 fore
1499 1383 1776 1432 arbitratur.

107 1462 202 1511 Cui
248 1463 470 1511 Electra:
530 1462 663 1524 „Vix
707 1465 909 1511 homine
954 1466 1199 1527 prudente
1246 1465 1391 1529 digna
1435 1464 1683 1526 loqueris,
1732 1461 1774 1510 si

105 1550 241 1591 metu
277 1543 499 1606 Aegisthi
535 1543 658 1590 clam
695 1543 899 1591 fratrem
938 1559 1102 1591 meum
1139 1543 1410 1591 animosum
1445 1544 1493 1592 in
1527 1543 1653 1591 hanc
1681 1558 1773 1608 pu-

105 1626 181 1670 tas
226 1628 405 1671 terram
453 1623 732 1687 profectum
780 1640 906 1674 esse.
994 1623 1212 1688 Capillus
1262 1639 1378 1671 vero
1427 1622 1601 1687 capillo
1650 1637 1773 1686 quo-

103 1703 251 1751 modo
285 1708 544 1767 congruat,
594 1703 718 1750 alter
752 1704 842 1751 viri
877 1704 1094 1751 liberalis
1132 1703 1374 1766 palaestra
1410 1703 1600 1763 cultus,
1647 1700 1772 1749 alter

105 1781 326 1830 mulieris
381 1783 608 1845 pectine‘t
678 1782 744 1829 At
803 1781 1107 1846 impossibile
1153 1770 1256 1830 est!
1329 1781 1502 1830 Multis
1567 1781 1769 1845 insuper

106 1860 273 1908 videas
310 1877 455 1924 pares
480 1876 592 1908 esse
616 1861 833 1924 capillos,
870 1863 952 1925 qui
988 1877 1081 1909 non
1109 1863 1203 1909 sint
1228 1857 1623 1924 consanguinei.'’
1675 1859 1768 1908 His

103 1941 283 1988 auditis
318 1957 466 1988 senex
498 1942 638 1989 etiam
674 1942 957 1991 absurdius:
991 1943 1093 2001 „At
1126 1941 1230 2003 tu,''
1266 1942 1438 2004 inquit,
1468 1939 1766 2005 „vestigium

103 2025 241 2068 tuum
277 2019 428 2067 calcei
463 2021 510 2067 in
548 2019 679 2069 illius
714 2022 918 2084 vestigio
953 2022 1145 2087 ponito,
1198 2027 1253 2070 ut
1298 2022 1478 2086 pedum
1512 2021 1673 2068 forma
1705 2033 1766 2067 an

104 2105 339 2163 congruat
392 2100 672 2164 explores.”
757 2101 908 2163 Quasi
970 2117 1086 2148 vero
1146 2101 1194 2149 in
1258 2101 1362 2149 solo
1413 2101 1535 2149 duro
1586 2099 1765 2164 pedum

98 2179 256 2241 imago
291 2180 618 2244 exprimatur!
655 2186 706 2228 et
741 2182 781 2228 si
805 2182 877 2229 vel
909 2182 1115 2230 maxime
1148 2181 1519 2245 exprimeretur,
1556 2181 1766 2227 duorum

100 2274 442 2323 germanorum
476 2259 647 2321 pedes,
681 2260 768 2307 viri
805 2267 855 2308 et
887 2261 1123 2316 feminae,
1160 2277 1403 2323 nunquam
1440 2265 1552 2308 sunt
1585 2274 1762 2323 aequa-

99 2337 190 2398 les,
226 2338 314 2387 sed
349 2337 597 2386 masculus
634 2346 847 2403 superat.
919 2340 1000 2388 Sic
1038 2341 1312 2400 refutatus,
1361 2341 1763 2389 absurdissimum

101 2418 314 2466 omnium
361 2417 504 2483 fingit
550 2435 728 2479 senex,
779 2419 952 2469 adfore
987 2420 1218 2468 Orestem
1251 2425 1416 2481 veste,
1462 2421 1514 2468 in
1548 2435 1640 2482 qua
1677 2433 1762 2467 ex-

99 2498 286 2561 positus
322 2503 478 2557 esset,
513 2499 764 2558 indutum,
798 2501 927 2547 uude
962 2507 1259 2564 potestatem
1293 2500 1403 2547 fore
1449 2497 1761 2563 agnoscendi.

98 2574 225 2624 Tum
259 2575 478 2625 Electra:
516 2578 659 2639 „Non
693 2586 892 2643 reputas
928 2595 1024 2636 me,
1061 2595 1157 2642 quo
1191 2586 1415 2644 tempore
1450 2579 1609 2626 solum
1651 2593 1758 2625 ver-

98 2655 161 2704 tit
191 2654 412 2714 Orestes,
447 2658 696 2705 etiamtum
731 2664 951 2706 teneram
979 2657 1168 2717 fuisse3
1200 2660 1240 2706 si
1274 2666 1439 2706 autem
1468 2658 1758 2716 texuissem,

97 2734 342 2798 quomodo
374 2735 449 2783 vir
482 2737 654 2785 eadem
689 2746 852 2797 veste,
889 2754 982 2801 qua
1015 2754 1154 2802 puer,
1189 2739 1257 2786 uti
1293 2744 1472 2802 potest,
1505 2738 1595 2785 nisi
1632 2736 1760 2786 forte

97 2830 206 2863 cum
241 2815 347 2878 ipso
394 2830 599 2879 corpore
648 2816 792 2864 simul
839 2823 1066 2865 crescunt
1098 2816 1333 2866 vestes‘3'’
1399 2817 1638 2866 Profecto
1674 2816 1756 2865 illa

95 2894 330 2957 Aeschyli
374 2894 566 2942 inventa
612 2911 805 2943 crassae
849 2903 959 2944 sunt
1005 2897 1328 2959 negligentiae
1361 2898 1649 2961 hebetisque
1682 2897 1755 2945 in-

95 2974 241 3037 genii,
274 2989 432 3037 neque
466 2973 651 3021 sufficit
685 2977 962 3036 excusatio,
998 2977 1126 3042 quod
1164 2978 1348 3028 animos
1383 2977 1550 3025 dicunt
1584 2977 1753 3024 anxios

96 3053 324 3117 curisque
374 3052 636 3117 depressos
689 3055 833 3102 etiam
869 3072 930 3104 ex
963 3057 1096 3104 vanis
1131 3073 1281 3120 saepe
1317 3057 1466 3104 rebus
1498 3073 1636 3120 spem
1671 3072 1751 3104 ca-

94 3138 252 3196 ptare.
321 3133 425 3181 Alia
459 3134 586 3182 enim
621 3149 739 3182 vana
773 3139 919 3199 atque
939 3138 1147 3185 absurda
1182 3142 1319 3196 sunt3
1353 3136 1563 3185 absurda
1587 3141 1751 3184 autem

150 3318 198 3372 ἢ
227 3318 399 3362 Sobel-2
431 3318 720 3375 πεφύλακται
752 3321 834 3373 τὰς
873 3320 1122 3380 ὀνομασίας
1156 3322 1308 3368 αὐτῶν
1340 3327 1505 3378 εἰπεῖν,
1543 3321 1604 3375 ὧέῖ
1637 3335 1747 3377 φησι

231 3389 448 3444 Δίδυμος,
470 3388 546 3433 διὰ
577 3388 627 3433 τό
653 3385 744 3434 ὑπὸ
770 3394 986 3449 Αἰσχύλον
1010 3396 1224 3451 εἰρῆσθαι
1243 3393 1291 3439 ἐν
1309 3400 1405 3448 τοῖς
1424 3393 1539 3441 ἑπτὰ
1555 3393 1628 3438 ἐπὶ
1650 3388 1746 3446 Θή-

234 3458 360 3514 βαιςς
387 3459 445 3503 cf.
471 3460 628 3504 Aesch.
651 3462 771 3518 Sept.
794 3478 831 3505 c.
856 3465 943 3508 Th.
968 3481 1010 3508 v.
1037 3465 1123 3508 375
1147 3480 1266 3521 seqq.
