2124 3860
976 238 1095 294 3⁰1

191 389 414 454 draginta
460 400 608 435 annos
657 387 822 434 natum
855 384 1207 446 barbatumque
1250 383 1298 431 in
1347 383 1568 433 convivio
1603 382 1851 433 osculatus

191 485 304 519 esse
349 474 400 516 et
431 465 685 530 quaerenti
723 464 1000 523 Archelao,·
1040 479 1154 510 num
1189 463 1408 511 amabilis
1443 464 1668 528 Agathou
1703 466 1853 514 etiam

190 564 317 599 nunc
349 547 418 595 illi
461 563 571 594 esse
615 545 889 601 videretur,
935 542 1248 606 respondisse
1292 550 1605 591 venustorum
1641 560 1736 593 non
1769 560 1856 594 ver

192 628 382 689 solum,
445 627 534 674 sed
582 626 728 673 etiam
776 630 1055 670 autumnum
1106 621 1325 684 pulcrum
1374 638 1509 682 esse3
1561 622 1623 671 cf.
1668 624 1854 673 Aelian.

192 707 256 758 V.
286 708 350 755 H.
375 706 505 765 XIII,
526 706 572 752 4.
633 701 879 751 Plutarch.
905 704 1063 765 Amat.
1104 717 1149 764 p.
1178 703 1287 749 320.
1316 703 1474 765 (770.)
1516 708 1567 750 et
1601 703 1853 767 Apophth.

194 803 363 851 regum
401 786 676 846 ducumque
711 799 758 846 p.
788 783 953 826 106-
975 784 1080 830 107.
1108 778 1420 845 (oa-94).

321 866 551 914 Electrae
595 877 768 910 caussa
803 860 927 907 hanc
962 860 1338 923 disputationem
1387 861 1654 926 praemisi,
1710 879 1856 926 quam

193 946 410 996 fabulam
454 959 550 993 una
595 957 707 990 cum
758 940 947 988 Helena
994 946 1042 987 et
1089 941 1402 988 Andromeda
1450 942 1761 994 commissam
1806 944 1858 991 in

193 1030 441 1075 certamen
476 1039 588 1071 esse
622 1038 716 1070 non
751 1021 911 1068 minus
948 1019 1251 1067 confidenter
1285 1019 1593 1082 affirmarim,
1640 1037 1782 1084 quam
1817 1022 1859 1071 si

193 1105 568 1155 didascalia-um
614 1101 895 1150 testimonio
941 1105 1205 1149 constaret.
1289 1100 1648 1148 Andromedam
1695 1107 1860 1150 autem

193 1192 368 1234 octavo
414 1198 537 1231 anno
586 1188 697 1230 ante
746 1180 904 1228 Ranas
950 1179 1294 1240 Aristophanis
1338 1179 1532 1227 doctam
1586 1195 1696 1228 esse
1743 1181 1864 1230 dicit

194 1265 348 1315 schol.
395 1262 643 1325 Aristoph.
695 1260 814 1307 Ran.
852 1275 893 1306 v.
930 1261 1021 1306 53:
1072 1256 1107 1323 ἦ
1153 1255 1254 1322 γὰρ
1310 1256 1630 1324 Ἀνδρομέδα
1687 1258 1863 1325 ὀγδόῳ

192 1342 292 1395 ἔτει
323 1343 596 1409 προῆκται.
667 1339 828 1401 Unde,
865 1354 1013 1402 quum
1050 1337 1210 1386 Ranas
1246 1354 1370 1387 anno
1398 1341 1511 1386 405.
1547 1341 1716 1388 doctas
1752 1356 1864 1389 esse

192 1430 414 1482 constet,
469 1422 832 1471 Andromedam
875 1434 998 1466 anno
1043 1420 1154 1466 412.
1201 1419 1302 1466 sive
1348 1419 1511 1467 hieme
1557 1419 1864 1484 Olympiadis

191 1507 272 1566 91,
306 1506 355 1554 4.
391 1503 700 1552 commissam
737 1516 849 1548 esse
882 1495 1244 1563 intelligitur*).
1305 1499 1511 1547 Accedit
1543 1500 1752 1548 alterum
1786 1505 1864 1549 te-

193 1584 471 1634 stimonium
507 1582 658 1631 schol.
695 1580 843 1629 Arist.
880 1579 997 1628 Avv.
1035 1580 1164 1636 348„
1201 1577 1580 1635 Andromedam..
1616 1594 1712 1642 quo
1737 1585 1863 1628 tem-

191 1680 316 1730 pore
351 1664 478 1713 Aves
514 1663 825 1719 docerentur,
861 1659 892 1705 i.
923 1674 965 1705 e.
1002 1657 1079 1705 Ol.
1105 1660 1186 1717 91,
1210 1661 1255 1706 2.
1292 1657 1613 1723 (anno—114),
1650 1660 1865 1708 nondum

194 1746 353 1794 fuisse
402 1745 587 1792 editam
637 1737 788 1805 (μηδὲ
823 1737 1156 1802 διδαχθείσης
1188 1734 1524 1801 τραγῳδίας).
1598 1737 1705 1785 Una
1752 1753 1865 1787 cum

194 1823 508 1873 Andromeda
563 1821 866 1869 Helenam
923 1819 1113 1866 doctam
1170 1834 1281 1866 esse
1344 1817 1499 1867 schol.
1551 1815 1862 1882 Thesmoph.

195 1919 243 1955 v.
279 1905 422 1951 1012.
461 1901 706 1949 declarat:
756 1896 1159 1948 συνδεδίδακται
1192 1894 1293 1962 γὰρ
1331 1895 1390 1962 (ἦ
1416 1891 1760 1961 Ἀνδρομέδα)
1795 1901 1862 1962 τῇ

188 1975 386 2049 Ἑλένῃ.
458 1981 703 2028 Electram
749 1995 943 2042 quoque
978 1995 1087 2026 cum
1123 1978 1312 2026 Helena
1348 1979 1652 2027 coniunctam
1688 1977 1863 2039 fuisse,

197 2071 247 2114 et
280 2063 475 2128 quidem
510 2062 606 2116 sic,
642 2069 697 2109 ut
730 2060 809 2106 illa
845 2060 891 2106 in
927 2059 1164 2122 principio
1199 2059 1490 2123 tetralogiae
1525 2058 1685 2121 posita
1720 2073 1867 2121 prae-

195 2145 415 2201 cederet,
448 2142 572 2189 haec
603 2147 910 2203 sequeretur,
945 2139 1139 2186 nemine
1172 2138 1384 2198 dicente,
1420 2153 1479 2185 ex
1515 2138 1651 2184 hisce
1685 2137 1866 2201 colligo

194 2223 398 2272 indiciis.
465 2220 776 2268 Praedicitur
810 2218 939 2265 enim
983 2233 1184 2265 novae
1228 2218 1423 2266 illius
1475 2213 1863 2279 Helenae**)

195 2304 435 2353 adventus
470 2300 519 2347 in
553 2300 653 2347 fine
688 2298 919 2347 Electrae
952 2297 1092 2344 hisce
1125 2297 1313 2345 verbis:

324 2408 391 2418 —-
523 2406 591 2416 -—
724 2374 980 2438 Πρωτέως
1014 2373 1114 2439 γὰρ
1150 2371 1206 2425 ἐκ
1241 2374 1424 2438 δόμων

325 2459 439 2528 ἥκει
471 2460 681 2510 λιποῦσ’
717 2457 1009 2522 Αἴγυπτον,
1046 2454 1161 2505 οὐδ’
1195 2448 1362 2520 ἦλθεν
1397 2454 1642 2520 Φρύγας·

332 2534 464 2600 Ζεὺς
497 2540 562 2603 δ’,
597 2537 668 2598 ὡς
703 2535 810 2601 ἔρις
843 2535 1051 2602 γένοιτο
1087 2533 1175 2586 καὶ
1210 2535 1380 2600 φόνος
1414 2537 1637 2601 βροτῶν,

330 2621 552 2672 εἴδωλον
575 2613 786 2685 Ἑλένης
821 2615 1057 2681 ἐξέπεμψ’
1094 2615 1165 2675 εἰς
1188 2609 1362 2666 Ἴλιον.

198 2703 292 2752 His
352 2703 516 2751 verbis
577 2703 638 2750 ad
690 2701 1071 2764 exspectandam
1131 2699 1403 2761 proximam
1450 2695 1666 2744 fabulam
1718 2694 1867 2745 animi

200 2782 457 2831 commode
500 2782 945 2846 praeparabantur,
995 2780 1045 2826 id
1081 2778 1211 2841 quod
1249 2776 1475 2840 profecto
1512 2791 1608 2824 non
1644 2781 1750 2823 erat
1784 2791 1866 2824 su-

198 2861 456 2927 perfluum.
525 2861 681 2909 Nemo
729 2861 859 2909 enim
905 2873 1121 2922 unquam
1167 2857 1230 2905 de
1275 2856 1516 2920 Aegyptia
1563 2855 1646 2902 illa
1680 2853 1866 2903 Helena

253 3066 305 3121 ³¹⁵)
334 3068 475 3108 Recte
506 3066 760 3108 Zirndorfer
789 3067 843 3108 de
874 3067 1073 3108 chronol.
1095 3065 1189 3107 fab.
1213 3062 1361 3119 Eurip.
1388 3078 1431 3118 p.
1455 3062 1526 3104 75.
1553 3066 1639 3104 not.
1657 3061 1697 3104 8.
1742 3059 1868 3113 „Mi-

337 3137 508 3188 nime‚''
547 3137 699 3190 inquit,
740 3150 884 3188 ‚anno
911 3136 1025 3188 413„
1061 3149 1192 3190 quem
1220 3133 1404 3176 Samuel
1431 3133 1600 3176 Petitus
1627 3130 1755 3173 Misc.
1787 3129 1866 3170 111.

336 3222 381 3262 p.
407 3207 504 3248 167.
538 3207 710 3249 statuit:
743 3207 843 3261 quia
871 3214 962 3250 tum
988 3206 1165 3249 dixisset
1187 3201 1303 3248 ὀκτώ
1334 3203 1492 3255 ἔτεσιν,
1523 3208 1571 3244 ut
1589 3217 1631 3243 v.
1655 3215 1700 3257 g.
1722 3199 1863 3241 schol.

327 3277 398 3319 *od
427 3278 553 3331 Vesp.
589 3275 714 3318 1326.
744 3274 857 3319 ἑπτὰ
887 3276 1075 3321 ἔτεσιν.”

225 3346 305 3400 *ἢ
332 3347 559 3401 Aristoph.
601 3347 786 3388 Thesm.
827 3346 931 3390 850:
960 3344 1047 3403 τὴν
1083 3342 1299 3401 καινὴν
1326 3341 1558 3398 Ἑλένην
1586 3338 1868 3395 μιμήσομαιὸ

340 3416 398 3459 cf.
426 3416 665 3461 Fritzschii
691 3422 855 3461 notam.
