2170 3848
921 236 963 294 9

255 386 402 437 Jeues
436 383 639 447 Gesetz,
674 381 761 433 das
794 382 886 432 mit
915 382 1150 432 ebernem
1182 377 1300 428 Stab
1335 377 1415 428 die
1445 378 1790 430 Straubenden

915 461 1098 519 lenket‚

352 544 442 594 Dir
476 544 611 594 nicht
644 539 805 609 gilt's;
851 556 973 589 was
1018 540 1097 588 du
1140 539 1359 598 thum,
1392 554 1518 587 was
1554 539 1655 589 dir
1686 555 1798 604 ge·

818 667 822 672 .
909 619 1094 676 faut,
1130 619 1216 666 ist
1250 618 1517 678 Gesetz,

257 704 375 754 Uud
402 719 463 754 an
488 703 583 753 alle
606 699 968 750 Geschlechter
991 699 1166 764 ergeht
1192 697 1306 746 dein
1331 697 1592 762 giittliches
1607 696 1800 748 Macht·

918 785 1075 837 wort;

356 861 476 911 Waa
522 861 590 909 du
633 858 724 908 mit
754 859 960 922 heiliger
1000 855 1144 907 Hand
1180 856 1389 918 bildest‚
1435 856 1528 906 mit
1567 855 1803 923 heiligem

920 937 1080 986 Mund

261 1019 467 1081 Redest³
501 1019 623 1068 wird
657 1018 752 1066 den
778 1022 1060 1066 erstaunten
1090 1016 1208 1065 Sinn
1234 1015 1518 1080 allmiichtig
1542 1016 1803 1080 bewegen:

361 1099 440 1150 Du
471 1115 565 1148 nur
597 1099 787 1148 merkst
814 1098 951 1147 nicht
984 1096 1081 1145 den
1116 1097 1262 1158 Gott,
1297 1097 1387 1146 der
1420 1096 1498 1144 dir
1532 1095 1600 1145 im
1641 1097 1807 1146 Buseu

922 1178 1120 1242 gebeut‚

266 1256 418 1310 Nicht
451 1257 540 1308 des
567 1257 756 1322 Siegels
783 1257 993 1315 Gewalt,
1031 1257 1116 1306 das
1147 1256 1243 1306 alle
1268 1255 1469 1305 Geister
1490 1255 1567 1304 dir
1594 1255 1806 1321 beuget:

362 1338 574 1389 Einfach
618 1338 767 1403 gehst
812 1338 881 1387 du
928 1338 1027 1387 und
1075 1336 1177 1386 stin
1230 1336 1389 1385 durch
1449 1335 1532 1386 die
1578 1338 1809 1386 eroberte

922 1415 1104 1466 Welt.’'

136 1497 354 1564 Aponini
397 1496 547 1562 igitur
581 1503 634 1547 et
667 1496 863 1547 Baccho
898 1497 1159 1562 gratissimi
1195 1502 1309 1545 sunt
1340 1495 1541 1561 ingenui
1575 1495 1647 1544 ini
1681 1495 1809 1560 (nai-

137 1578 282 1643 ven),
328 1577 549 1638 candidi,
602 1578 806 1643 integri,
860 1576 1150 1641 venustique
1189 1576 1430 1627 homines.
1510 1575 1578 1624 Et
1619 1575 1810 1639 Musae,

139 1675 288 1723 quum
330 1658 628 1707 Harmoniae
667 1659 966 1706 interessent
1002 1657 1212 1720 nuptiis,
1247 1658 1378 1720 quod
1417 1656 1642 1720 pulcrum
1676 1660 1812 1706 esset

138 1739 271 1788 idem
296 1738 441 1787 dulce
466 1754 577 1787 esso
608 1735 662 1800 (ὅ
677 1754 727 1787 τι
752 1736 916 1787 καλὸν
944 1735 1102 1801 φίλου
1136 1732 1258 1798 ἐστί,
1292 1731 1352 1786 τὸ
1387 1735 1435 1786 δ’
1461 1734 1526 1785 ού
1553 1734 1719 1786 καλὸν
1745 1735 1812 1787 οὐ

142 1816 302 1884 φίλον
335 1813 472 1878 ἐστί,
518 1816 793 1881 Theognis)
830 1818 991 1866 divino
1028 1833 1115 1865 ore
1149 1817 1431 1865 cecinerunt
1477 1817 1643 1881 (τοῦτ’
1690 1813 1815 1878 ἔπος

142 1896 430 1948 ἀθανάτων
463 1889 593 1962 ἦλθε
628 1887 718 1946 διὰ
743 1896 1058 1961 στομάτων).
1122 1895 1344 1943 Eandem
1370 1898 1664 1946 sententiam
1689 1899 1812 1949 Bac-

144 1979 267 2028 chae
305 1978 436 2044 apud
471 1978 755 2041 Euripidem
797 1978 1092 2042 profitentur
1125 1972 1179 2038 (ὅ
1209 1991 1259 2024 τι
1295 1973 1460 2026 καλὸν
1497 1975 1658 2042 φίλον
1695 1976 1813 2039 αἰεί,

141 2074 192 2110 v.
223 2057 391 2119 aab),
437 2073 532 2121 qua
577 2056 708 2106 solas
762 2063 923 2106 castas
966 2055 1362 2107 bacchationibus
1397 2061 1536 2108 recte
1569 2058 1815 2111 iuteresse

143 2137 445 2204 significant:

687 2214 777 2268 καὶ
808 2214 909 2282 γὰρ
945 2214 1002 2267 ἐν
1036 2215 1397 2283 βακχεύμασιν

276 2289 391 2348 οὔατ’
425 2295 460 2364 ἥ
492 2313 551 2363 γε
584 2296 819 2363 σώφρων
841 2298 921 2348 -ozi
957 2296 1382 2364 διαφθαρήσεται
1417 2299 1482 2363 (v.
1510 2299 1649 2362 298).

143 2376 322 2428 Musae
363 2379 494 2427 enim
541 2385 591 2428 et
638 2381 862 2429 Bacchae
905 2380 1074 2429 furore
1122 2381 1285 2430 divino
1339 2378 1558 2443 percitae
1600 2379 1818 2442 legibus-

146 2474 244 2522 que
277 2459 497 2520 solutae,
532 2459 648 2508 dum
684 2460 852 2525 pulcra
888 2466 1036 2524 atque
1069 2459 1282 2509 iucunda
1316 2466 1609 2523 sequuntur,
1646 2461 1817 2510 mode-

145 2539 369 2588 rantibus
430 2546 613 2588 motum
661 2540 877 2600 Gratiis,
934 2541 1060 2589 iutra
1107 2542 1231 2589 fines
1285 2539 1482 2588 honesti
1527 2540 1817 2592 consistunt.

148 2618 366 2680 Quarum
400 2623 563 2668 tamen
597 2627 825 2668 vacarent
852 2621 1119 2669 cultoribus
1155 2637 1294 2680 arae,
1331 2619 1373 2668 si
1407 2620 1587 2684 spretis
1622 2620 1818 2683 sapien-

148 2697 281 2746 tibus
326 2699 617 2748 rudissimos
665 2716 884 2764 quosque
934 2706 987 2749 et
1020 2700 1412 2766 simpiicissimos
1456 2701 1504 2748 in
1538 2699 1651 2748 fana
1684 2699 1818 2748 solos

152 2777 481 2827 admitterent.
541 2780 723 2828 Rarum
763 2783 891 2831 enim
915 2797 1070 2846 genus
1099 2788 1175 2829 est
1203 2781 1509 2846 integrorum
1534 2779 1584 2828 in
1619 2779 1820 2828 saeculo

151 2855 346 2915 ferreo,
380 2859 457 2906 ve!
491 2859 687 2922 potius,
722 2861 764 2908 si
802 2862 1050 2909 credimus
1085 2861 1347 2923 theologis,
1381 2859 1567 2908 nullum
1602 2859 1714 2922 fuit,
1759 2875 1822 2908 ex

152 2951 249 3000 quo
296 2937 417 2985 deus
462 2941 732 3002 primorum
782 2942 1031 2989 hominum
1082 2941 1296 3006 peccatis
1330 2942 1546 2988 irascens
1582 2939 1727 2987 iussit
1760 2954 1823 2988 ex

153 3016 274 3065 sede
308 3017 447 3065 beata
481 3036 633 3083 genus
668 3021 943 3070 mortalium
978 3022 1258 3071 universum
1294 3019 1534 3069 exsulare.
1612 3019 1823 3082 Semper

153 3097 311 3156 enim,
349 3114 458 3146 cum
493 3100 680 3148 animus
715 3102 942 3166 cupidine
976 3102 1136 3166 aliqua
1171 3106 1464 3165 occupatur,
1513 3115 1685 3147 sensus
1719 3097 1825 3147 veri

153 3178 376 3242 rectique
418 3179 705 3229 obscuratur
750 3187 800 3230 et
846 3181 1070 3230 fraudem
1117 3181 1264 3230 struit
1306 3179 1510 3229 consilio
1556 3179 1822 3243 appetitus,

153 3260 213 3307 ut
255 3259 540 3322 perturbata
573 3266 735 3309 mente
767 3263 1033 3326 probemus
1083 3278 1208 3325 quae
1241 3262 1427 3324 integra
1461 3259 1823 3308 damnavimus:

155 3336 288 3389 unde
319 3339 408 3400 fit,
459 3345 518 3391 ut
559 3340 770 3392 infantes
812 3342 875 3392 ad
904 3341 1006 3392 vim
1037 3341 1365 3408 iniuriamque
1394 3337 1672 3390 faciendam
1705 3353 1824 3404 pro·
