2170 3866
901 248 1026 305 433

265 393 610 463 Hypsipylen.
680 394 775 446 Illi
809 396 1042 464 quamvis
1075 400 1127 445 et
1160 393 1226 445 ab
1257 394 1419 445 ubere
1457 394 1717 463 Opheltes,

264 475 390 526 Non
421 492 562 535 suus,
600 476 810 526 Inachii
834 478 1009 543 proles
1044 477 1281 541 infausta
1316 474 1564 543 Lycurgi,

258 555 553 623 Dependet,
591 558 832 623 neglecta
868 573 1062 606 comam
1092 573 1189 607 nec
1226 557 1369 606 dives
1406 559 1617 619 amictu,

259 637 490 703 Regales
525 644 701 686 tamen
737 653 826 686 ore
858 645 1034 696 notae,
1071 654 1166 687 nec
1199 653 1397 687 mersus
1433 637 1632 688 acerbis

262 716 464 766 Exstat
498 718 706 767 honos.”
1097 723 1126 759 ‘⁸

131 796 273 847 Hanc
307 814 396 847 rex
432 797 573 846 deam
612 813 723 848 esse
757 801 1071 863 praesentem
1119 804 1298 863 putans
1333 797 1594 863 implorat,
1641 804 1699 849 ut
1734 800 1815 850 siti

131 878 351 927 enecatis
386 884 671 928 succurrat:

259 958 437 1020 „Diva
465 966 652 1025 potens
685 975 980 1018 nemorum;
1013 975 1134 1008 nam
1158 965 1214 1009 te
1247 960 1519 1027 vultusque
1539 958 1814 1029 pudorque

267 1037 485 1087 Mortali
526 1038 591 1087 de
623 1040 789 1106 stirpe
824 1040 1070 1105 negant.''

129 1116 421 1183 Respondet
454 1120 734 1185 Hypsipyle
777 1137 833 1170 se
878 1120 1094 1169 luctibus
1140 1118 1341 1183 quidem
1377 1118 1612 1169 mortales
1647 1123 1811 1170 trans-

128 1214 380 1264 gressam,
416 1201 506 1247 sed
539 1215 634 1248 non
671 1216 784 1248 esse
820 1200 960 1249 deam
998 1200 1064 1264 (v.
1103 1198 1257 1261 wa).
1326 1198 1454 1248 Tum
1491 1199 1716 1263 protinus
1749 1201 1813 1250 ad

130 1277 320 1327 fontem
355 1279 489 1327 ducit
523 1278 774 1343 Langiam‚
815 1281 898 1343 qui
934 1283 1165 1340 „secreta
1201 1279 1292 1327 sub
1328 1278 1534 1329 umbra''
1569 1294 1814 1343 perennes

130 1373 284 1421 aquas
320 1374 519 1406 servare
553 1358 770 1406 solebat:

261 1434 410 1498 δείξω
444 1431 541 1503 μὲν
568 1431 881 1503 Ἀργείοισιν
907 1430 1162 1503 Ἀχελώου
1199 1435 1349 1500 ῥόον.

129 1514 397 1582 Opheltem
420 1518 636 1581 interim,
671 1535 734 1567 ne
761 1527 960 1567 euntem
986 1524 1223 1578 moretur,
1257 1519 1305 1567 in
1332 1519 1552 1581 gramine
1576 1519 1813 1585 deponit:

258 1625 324 1634 —-
488 1625 557 1634 —-
724 1599 912 1659 „simul
937 1599 1255 1658 haerentem,
1289 1614 1356 1646 ne
1389 1598 1548 1647 tarda
1580 1599 1814 1666 Pelasgis

261 1677 390 1727 Dua·
412 1680 576 1742 foret,
616 1678 682 1727 ah
721 1680 998 1727 miserum!
1033 1679 1202 1727 vicino
1238 1679 1432 1743 cespite
1467 1680 1731 1729 alumnum

259 1756 380 1821 (Sic
417 1758 620 1807 Parcae
651 1759 883 1822 voluere)
919 1759 1073 1817 locat,
1104 1759 1331 1825 ponique
1368 1750 1649 1823 negantem

261 1836 499 1887 Floribus
533 1840 762 1903 aggestis
803 1846 854 1887 et
895 1840 1060 1888 amico
1094 1855 1356 1888 murmure
1392 1838 1568 1889 dulces

266 1916 483 1969 Solatur
520 1919 816 1968 lacrimas.’'

128 1999 356 2058 Interim,
392 1999 549 2047 donec
583 2016 672 2047 rex
707 2016 816 2048 cum
851 1999 1132 2064 Hypsipyle
1167 2015 1196 2047 a
1229 1999 1368 2048 fonte
1402 1999 1623 2058 redeant,
1659 1998 1814 2047 comi-

127 2086 204 2129 tes
240 2079 391 2138 illius‚
427 2080 510 2143 qui
547 2081 753 2128 chorum
791 2080 1046 2142 efficiunt,
1085 2095 1310 2142 carmen5
1347 2080 1479 2143 quod
1515 2080 1579 2127 sit
1607 2095 1699 2144 pro
1725 2096 1814 2143 pa-

127 2159 283 2219 rodo,
319 2166 512 2218 canunt,
550 2176 647 2224 quo
684 2161 898 2209 carmine
932 2166 1015 2208 aut
1051 2160 1324 2208 siccitatem
1360 2154 1628 2222 depingere
1665 2158 1813 2222 (Stat.

125 2238 215 2300 lv,
252 2239 574 2302 722—733.)
610 2246 694 2288 aut
726 2240 931 2303 agminis
966 2240 1350 2302 magnitudinem
1386 2239 1668 2302 ducumque
1704 2238 1814 2287 vir—

124 2322 286 2368 tutem
321 2319 608 2383 praedicare
642 2324 930 2384 potuerunt.
1013 2318 1263 2368 Reversus
1310 2318 1553 2367 Adrastus
1602 2319 1814 2383 primum

127 2399 347 2463 exponit,
385 2400 631 2462 quomodo
667 2399 734 2447 sit
984 2455 986 2457 ¹

264 2493 394 2542 „per
432 2477 608 2526 dumos
644 2486 695 2527 et
733 2495 897 2545 opaca
927 2478 1214 2527 virentibus
1253 2477 1444 2526 umbris
1459 2475 1546 2540 *)”

129 2555 192 2605 ad
227 2556 415 2604 fontem
451 2564 773 2621 perventum,
821 2562 999 2622 quanta
1035 2558 1132 2606 sint
1166 2557 1351 2606 laetitia
1388 2557 1567 2605 milites
1602 2556 1690 2604 illo
1725 2572 1812 2604 au-

129 2636 234 2685 dito
270 2643 637 2700 conspectoque
680 2638 873 2699 affecti,
924 2643 1206 2702 quantaque
1255 2636 1527 2700 cupiditate
1576 2636 1718 2686 turba
1752 2635 1812 2684 ad

130 2730 306 2780 aquam
342 2717 567 2765 certatim
601 2719 899 2767 accurrerit:

259 2822 324 2832 ·-
489 2822 556 2831 --
720 2799 962 2865 „iamque
999 2813 1150 2847 amne
1176 2796 1471 2862 propinquo

258 2876 449 2925 Rauca
481 2881 632 2925 sonat
666 2877 819 2925 vallis
851 2893 1193 2943 saxosumque
1221 2877 1428 2942 impulit
1466 2892 1619 2925 aures

176 3007 187 3014 ,
265 2955 536 3005 Murmur.-
575 2955 648 3003 ibi
681 2957 945 3006 exsultans
980 2957 1267 3007 conclamat
1305 2957 1369 3005 ab
1394 2957 1606 3022 agmine
1625 2956 1811 3022 prima,

260 3034 413 3085 Sicut
451 3041 580 3094 erat,
616 3035 810 3084 levibus
843 3038 1030 3086 tollens
1055 3037 1262 3086 vexilla
1297 3037 1542 3102 maniplis

259 3115 452 3181 Argus,
489 3115 1030 3184 Aquaelblongusque
1064 3118 1229 3166 virum
1262 3133 1418 3183 super
1455 3132 1548 3166 ora
1583 3114 1813 3166 cucurrit

266 3194 468 3245 Clamor
504 3194 757 3261 Aquae!”

128 3273 260 3326 Tum
308 3276 492 3340 gratias
537 3290 687 3338 agens
723 3274 1032 3343 Hypsipylae
1080 3274 1226 3326 simul
1260 3291 1500 3341 quaenam
1536 3276 1603 3325 sit
1638 3271 1811 3323 scisci·-

187 3440 238 3495 >Ψ)
266 3441 377 3486 Stat.
410 3443 482 3495 lv,
512 3441 597 3484 79⁸1
625 3454 746 3497 seqq.

195 3510 256 3562 T.
281 3512 344 3564 11.
1421 3515 1486 3562 28
