2150 3866
975 271 1096 330 21⁶5

321 417 494 470 Media
535 419 584 469 in
631 420 757 470 urbe
800 423 851 469 et
892 423 1008 469 ante
1048 418 1198 468 aedes
1231 419 1366 483 regis
1409 433 1492 469 res
1526 431 1698 468 omnes
1731 432 1870 467 com-

187 500 338 552 mode
370 501 450 567 agi
484 500 711 566 potuisse
743 499 988 549 videntur.
1044 497 1114 548 Et
1137 499 1450 562 prooemium
1485 500 1682 565 quidem
1708 514 1738 547 a
1763 496 1868 548 Ve-

188 596 311 631 nere
355 585 520 631 actum
566 596 681 631 esse
723 595 785 630 ex
829 579 1029 644 Hygino
1076 577 1272 643 colligo.
1351 578 1426 629 De
1468 594 1652 642 genere
1705 582 1870 627 autem

187 659 296 710 Nisi
340 676 596 727 regnoque
642 661 746 709 eius
794 658 1056 708 referenda
1098 657 1305 708 fuerunt
1337 658 1445 722 ina,
1493 673 1622 724 quae
1665 656 1870 706 Servius

188 741 424 802 tradidit,
461 757 572 790 cum
606 755 703 804 quo
738 738 1071 803 Apollodorus
1107 743 1160 787 et
1196 738 1464 788 Pausanias
1510 734 1871 802 conspirant*)‚

191 819 356 884 deque
390 821 580 886 origine
612 819 749 869 urbis
796 817 907 880 illa,
952 834 1078 883 quae
1123 823 1175 868 et
1209 818 1341 868 Ciris
1374 824 1546 869 auctor
1579 823 1630 868 et
1664 817 1871 868 Ovidius

187 901 500 950 tradiderunt
514 917 528 949 ε
1629 949 1639 959 ,

322 979 484 1041 „Stat
523 977 767 1045 Megara,
807 978 1006 1028 Actaei
1037 978 1294 1047 quondam
1326 979 1533 1028 munita
1567 978 1744 1028 labore

311 1059 566 1109 Alcathoi
600 1058 1007 1126 Phoebique.-
1044 1058 1172 1108 deus
1204 1058 1637 1127 namqueladfuit
1672 1060 1789 1109 illi.-

331 1138 481 1190 Unde
516 1141 694 1201 etiam,
732 1139 968 1190 citharae
1000 1156 1149 1190 voces
1180 1140 1417 1189 imitatus
1453 1145 1653 1203 acutas,

313 1219 492 1288 Saepe
523 1221 662 1287 lapis
695 1226 941 1287 recrepat
979 1219 1215 1285 Cyllenia
1247 1235 1465 1269 munera
1494 1220 1677 1286 pulsus

317 1299 396 1350 Et
429 1307 658 1350 veterem
690 1302 865 1350 sonitu
899 1300 1094 1350 Phoebi
1123 1306 1350 1350 testatur
1385 1296 1674 1349 honorem„

187 1377 314 1441 (cir.
337 1396 382 1428 v.
407 1382 710 1432 105—109.
747 1380 828 1432 cf.
856 1379 1000 1429 Ovid.
1025 1381 1258 1429 14—16.
1293 1379 1443 1429 Paus.
1471 1379 1603 1442 1,42,
1619 1379 1702 1447 1.).
1738 1377 1871 1431 Tum

184 1474 358 1509 caussa
391 1460 510 1511 belli
544 1466 594 1510 et
627 1477 863 1528 praesens
899 1476 1069 1510 rerum
1114 1465 1276 1510 status
1309 1465 1360 1510 et
1392 1459 1552 1510 fatum
1586 1459 1695 1509 Nisi
1730 1477 1874 1510 enar-

184 1540 333 1589 randa
368 1539 598 1591 fuerunt:

320 1648 384 1658 —
421 1621 619 1682 „Hunc
643 1619 958 1687 (Polyidum)
989 1621 1120 1671 bello
1146 1626 1390 1688 repetens
1420 1620 1701 1687 Gortynius
1724 1620 1873 1671 heros

318 1700 510 1752 Attica
548 1702 772 1752 Cretaea
804 1702 1070 1751 sternebat
1104 1717 1234 1750 rura
1266 1702 1481 1766 sagitta.

316 1778 429 1830 Sed
461 1798 629 1849 neque
663 1788 789 1831 tunc
825 1783 962 1831 cives
994 1798 1162 1849 neque
1194 1787 1321 1831 tunc
1352 1797 1449 1830 rea·
1483 1781 1595 1847 ipse
1627 1786 1840 1831 veretur

318 1860 520 1925 Infesto
555 1861 625 1911 ad
657 1878 829 1911 muros
861 1862 1142 1911 volitantes
1176 1861 1386 1927 agmine
1418 1866 1620 1910 turmas

315 1940 528 1991 Ducere
563 1949 615 1992 et
650 1941 905 1991 indomita
937 1943 1132 1991 virtute
1164 1940 1448 1991 retundere
1480 1948 1695 2005 mentes,

314 2019 636 2088 Responsum
670 2024 914 2089 quoniam
946 2023 1078 2072 satis
1114 2028 1191 2072 est
1224 2023 1517 2071 meminisse
1552 2021 1778 2074 deorum.

324 2099 469 2151 Nam
506 2103 682 2169 capite
717 2120 751 2152 a
783 2119 979 2152 summo
1012 2104 1152 2169 regis
1186 2102 1450 2164 (mirabile
1485 2101 1653 2166 dictu)

321 2180 562 2232 Candida
584 2184 877 2242 caesaries,
898 2183 1169 2247 florebant
1202 2189 1441 2250 tempora
1475 2183 1660 2232 lauro.-

320 2261 398 2311 At
432 2279 610 2313 roseus
643 2263 815 2313 medio
836 2264 1087 2330 fulgebat
1120 2264 1316 2314 vertice
1351 2264 1526 2326 crinis,

321 2341 479 2392 Cuius
513 2360 670 2411 quam
700 2351 915 2394 servata
949 2343 1042 2393 diu
1074 2350 1273 2394 natura
1292 2345 1506 2409 fuisset,

318 2421 448 2472 Tam
477 2426 713 2490 patriam
747 2426 1055 2475 incolumem
1091 2424 1220 2474 Nisi
1249 2440 1570 2491 regnumque
1588 2425 1839 2490 futurum

320 2502 609 2553 Concordes
641 2506 820 2556 stabili
839 2509 1128 2573 firmarunt
1162 2506 1376 2555 numine
1410 2505 1628 2554 Parcae.
1685 2507 1692 2515 “

315 2583 465 2649 Ergo
500 2588 664 2635 omnis
700 2603 822 2636 caro
856 2586 1121 2637 residebat
1157 2601 1285 2635 cura
1322 2585 1548 2652 capillo:

319 2664 508 2714 Aurea
539 2667 776 2717 sollemni
811 2674 1031 2718 comtum
1064 2682 1264 2734 quoque
1282 2665 1458 2733 fibula
1491 2666 1599 2714 ritu

319 2742 589 2811 Mopsopio
621 2749 782 2798 tereti
812 2748 1091 2798 nectebant
1125 2745 1283 2796 dente
1318 2744 1571 2796 cicadae’'

180 2820 308 2890 (cir.
339 2840 384 2873 v.
418 2826 710 2877 114—-128,
735 2828 817 2880 Cf.
843 2827 985 2878 Ovid.
1007 2830 1254 2887 9—10.).
1316 2825 1540 2890 Denique
1575 2840 1719 2874 suum
1749 2838 1868 2873 con-

181 2903 347 2952 silium
382 2903 565 2955 Veneri
599 2908 945 2972 explicandum
978 2908 1092 2969 fuit,
1125 2907 1256 2972 quod
1281 2907 1502 2956 irascens
1527 2904 1649 2956 Niso
1669 2904 1868 2954 favens-

183 2999 281 3047 que
315 2983 470 3033 Minoi
516 2986 654 3035 illum
690 2989 905 3052 perdere
939 2989 1280 3039 constituerat.

313 3065 367 3114 ln
403 3067 580 3116 turrim
616 3068 858 3132 quandam
883 3070 1144 3119 moenibus
1169 3068 1386 3118 additam
1410 3065 1696 3117 ascendisse
1725 3063 1867 3130 Scyl-

242 3253 293 3309 *)
322 3252 498 3308 AP⁰ll·:
534 3252 782 3310 ἐπολέμησε
810 3254 955 3317 στόλῳ
981 3254 1065 3307 τὰς
1092 3254 1284 3312 Ἀθήνας
1310 3252 1391 3298 καὶ
1410 3251 1611 3311 Μέγαρα
1641 3248 1746 3303 εἷλε,
1770 3249 1868 3293 Νί-

327 3337 412 3368 σου
450 3323 774 3383 βασιλεύοντος
811 3329 896 3372 τοῦ
937 3327 1210 3377 Πανδίονος.
1276 3326 1410 3369 Paus.
1440 3326 1477 3379 1,
1507 3323 1579 3374 19,
1607 3321 1660 3363 4:
1700 3318 1746 3371 ἐς
1784 3315 1868 3370 Οὓς

321 3387 469 3451 ἦλθεν
506 3392 531 3440 ὁ
561 3394 779 3447 Λύκιος
815 3395 998 3453 φεύγων
1027 3395 1167 3453 Αἰγέα
1204 3399 1297 3441 κτλ.
1336 3394 1429 3442 ἔστι
1466 3393 1517 3441 δὲ
1545 3389 1742 3439 ὄπισθεν
1779 3390 1867 3435 τοῦ

326 3465 500 3511 Λυκίου
530 3469 586 3512 Ν
593 3468 610 3512 ί
620 3480 725 3512 σου
754 3468 910 3525 μνῆμα
939 3470 1031 3513 κτλ.
