2170 3866
878 273 1004 332 435

97 420 184 472 Sic
228 419 405 471 ludens
450 419 501 470 in
548 419 702 470 herba
735 421 967 486 parvulus
1015 421 1078 470 ad
1113 421 1396 486 speluncam
1432 423 1607 491 anguis
1640 423 1776 489 igna-

95 515 180 551 rus
214 500 442 566 pervenit
475 501 654 549 multos
689 501 954 552 habentem
988 501 1264 552 anfractus:

226 578 330 631 ἀνὰ
363 579 423 631 τὸ
459 579 903 648 δωδεκαμήχανον
937 583 1150 645 ἄντρον.

94 660 303 710 Praeter
337 662 460 711 haec
495 663 714 728 singulae
764 663 1004 727 quaedam
1048 678 1195 712 voces
1230 677 1291 710 ex
1327 662 1423 711 hoc
1457 663 1649 713 cantico
1685 664 1773 715 de·

92 747 321 806 promtae
346 752 617 804 servantur,
647 743 779 791 velut
801 739 1220 806 ἄναδρομαί,
1257 739 1512 808 αὐξήσεις,
1550 743 1772 811 βλαστή-

94 830 228 881 σεις·
275 820 550 885 νεαρός,
585 819 704 872 ἀντὶ
735 826 833 873 τοῦ
866 822 1012 883 νέος·
1061 820 1354 888 ἐκδημία
1389 840 1483 872 non
1530 825 1593 873 de
1628 841 1772 887 pere-

93 902 397 966 grinatione,
443 904 532 951 sed
579 904 643 952 de
676 904 879 952 interitu
915 905 1060 953 dicta.
1131 904 1271 953 Statii
1306 904 1514 953 imitatio
1548 906 1773 954 versibus

93 983 390 1031 599—636.
426 982 570 1030 inest.
640 982 731 1030 His
781 983 961 1032 deinde
1006 983 1233 1032 lamentis
1270 985 1483 1033 narratio
1519 985 1771 1049 subiungi-

94 1065 179 1110 tur
211 1062 448 1110 trimetris
482 1062 690 1121 inclusa3
727 1062 790 1112 cf.
830 1063 951 1113 Stat.
989 1063 1050 1120 V,
1088 1066 1183 1111 547
1217 1079 1388 1127 seqq.:

222 1141 473 1201 „Lustrat
509 1142 717 1191 humum
752 1159 1003 1208 quaerens
1039 1149 1090 1191 et
1126 1150 1252 1192 nota
1292 1142 1543 1192 vocabula
1571 1159 1739 1210 parvo

226 1220 588 1289 Nequicquam
628 1223 971 1287 ingeminum.
1045 1221 1319 1289 Nusquam
1351 1223 1473 1285 ille,
1520 1229 1572 1272 et
1609 1230 1774 1290 prata

929 1309 1169 1351 recentes

221 1380 463 1429 Amisere
496 1386 678 1429 notas:
712 1381 871 1430 viridi
895 1383 1053 1448 piger
1090 1381 1308 1430 accubat
1349 1380 1508 1430 hostis

228 1459 480 1509 Collectus
512 1477 653 1525 gyro,
689 1462 1022 1528 spatiosaque
1056 1463 1244 1527 iugera
1273 1462 1508 1527 complet.

223 1539 451 1589 Horruit
486 1541 675 1605 infelix
709 1542 837 1602 visu,
876 1542 1129 1608 longoque
1159 1541 1480 1607 profundum

223 1619 467 1670 Incendit
504 1622 731 1670 clamore
765 1638 976 1671 nemus:
1019 1638 1116 1670 nec
1149 1623 1367 1670 territus
1399 1621 1508 1682 ille,

222 1700 332 1750 Sed
364 1702 539 1750 iacet”
576 1709 670 1752 etc.

89 1780 277 1843 Quibus
314 1780 442 1830 adde
473 1799 516 1829 v.
553 1785 648 1830 587
684 1797 856 1845 seqq.:

219 1860 475 1927 „Iamque
504 1863 792 1928 pererratis
827 1862 1015 1926 infelia=
1048 1859 1271 1908 Lemnia
1306 1860 1516 1925 campis,

219 1939 380 1989 Liber
414 1949 471 1989 ut
509 1957 681 2007 angue
716 1942 870 1999 locus,
906 1940 1107 1989 modico
1139 1957 1296 2007 super
1334 1956 1526 2004 aggere
1558 1939 1712 2004 longe

221 2020 435 2070 Pallida
468 2022 771 2086 sanguineis
804 2022 1027 2085 infectas
1061 2021 1262 2070 roribus
1295 2020 1478 2069 herbas

219 2101 511 2166 Pro-spicit:
548 2102 648 2151 huc
682 2118 872 2167 magno
910 2116 1111 2151 cursum
1144 2101 1283 2167 rapit
1322 2102 1481 2166 effera
1516 2099 1680 2158 luctu,

218 2182 575 2247 Agnoscitque
608 2183 773 2246 nefas.
849 2181 1141 2247 Terraeque
1177 2182 1317 2230 illisa
1350 2181 1559 2228 nocenti

220 2259 480 2309 Fulminis
513 2262 568 2308 in
604 2278 810 2319 morem,
848 2277 950 2309 non
984 2260 1139 2308 verba
1173 2262 1230 2308 in
1251 2262 1448 2324 sunere
1483 2259 1666 2324 primo,

221 2332 346 2389 Non
413 2340 656 2390 lacrimas
713 2340 886 2392 habet.
980 2339 1279 2405 Ingeminat
1332 2340 1527 2388 misera
1592 2339 1768 2387 oscula

935 2426 1141 2469 tantum

219 2499 541 2558 Incumbens,
578 2502 888 2566 animaeque
908 2497 1102 2565 sugam
1130 2515 1227 2565 per
1255 2498 1480 2547 membra
1505 2503 1767 2563 tepentem

223 2578 442 2640 Quaerit
476 2579 660 2626 hians”
695 2578 876 2643 etc.*).

86 2658 295 2723 Species
340 2664 504 2707 autem
551 2661 770 2725 corporis
818 2658 1033 2725 peremti
1079 2658 1156 2705 his
1202 2657 1364 2705 verbis
1411 2672 1440 2704 a
1475 2655 1631 2705 Statio
1678 2655 1765 2705 de-

85 2739 331 2804 pingitur:

221 2845 287 2854 -—
454 2843 520 2853 -
681 2835 821 2878 „non
855 2834 948 2867 ora
982 2818 1107 2876 loco,
1144 2832 1247 2865 non
1275 2820 1491 2882 pectora
1525 2821 1764 2864 restant.-

217 2897 397 2962 Rapta
433 2897 581 2957 cutis,
614 2900 797 2947 tenuia
828 2915 943 2948 ossa
967 2902 1156 2964 patent
1190 2912 1455 2962 nea-usque
1495 2894 1765 2944 madentes

218 2976 509 3043 Sanguinis
541 2977 702 3026 imbre
736 2980 870 3039 novi,
906 2985 1169 3042 totumque
1203 2977 1258 3024 in
1282 2977 1499 3025 vulnere
1529 2982 1762 3042 corpus.”

218 3058 312 3107 His
349 3057 565 3122 querelis
601 3064 651 3106 et
684 3058 780 3107 hoc
814 3059 1056 3125 adspectu
1091 3056 1373 3105 miserrimo
1403 3056 1638 3106 commoti
1671 3056 1762 3105 dn-

338 3239 528 3281 Miratur
556 3252 771 3281 nemorum
799 3240 1000 3295 strepitus
1029 3245 1103 3281 aut
1132 3238 1257 3280 obvia
1286 3237 1426 3293 carpit

333 3310 417 3350 Aut
442 3308 595 3363 patulo
626 3309 762 3351 trahit
791 3324 861 3352 ore
890 3311 1012 3360 diem,
1042 3308 1316 3363 memorisque
1344 3308 1550 3351 malorum

333 3380 495 3422 Inscius
523 3384 564 3420 et
593 3379 710 3421 vitae
738 3380 912 3423 multum
937 3394 1108 3423 securus
1136 3378 1345 3420 inerrat.''

141 3447 188 3501 *)
221 3448 290 3491 cf.
320 3450 430 3493 stat.
465 3447 573 3491 sav.
603 3448 662 3503 11,
693 3446 736 3502 1,
766 3447 861 3491 182.

1321 3517 1387 3564 28
1404 3515 1435 3548 *
