<?xml version="1.0" encoding="UTF-8"?>
<!DOCTYPE html PUBLIC "-//W3C//DTD XHTML 1.0 Transitional//EN"
    "http://www.w3.org/TR/xhtml1/DTD/xhtml1-transitional.dtd">
<html xmlns="http://www.w3.org/1999/xhtml" xml:lang="en" lang="en">
 <head>
  <title>
</title>
<meta http-equiv="Content-Type" content="text/html;charset=utf-8" />
  <meta name='ocr-system' content='tesseract 3.04.00' />
  <meta name='ocr-capabilities' content='ocr_page ocr_carea ocr_par ocr_line ocrx_word'/>
</head>
<body>
  <div class='ocr_page' id='page_1' title='image "./euripidesrestitu02hartuoft_0323.png"; bbox 0 0 2124 3860; ppageno 0'>
   <div class='ocr_carea' id='block_1_1' title="bbox 922 259 1041 316">
    <p class='ocr_par' dir='ltr' id='par_1_1' title="bbox 922 259 1041 316">
     <span class='ocr_line' id='line_1_1' title="bbox 922 259 1041 316; baseline -0.008 0"><span class='ocrx_word' id='word_1_1' title='bbox 922 259 1041 316; x_wconf 81' lang='lat'><strong>311</strong></span> 
     </span>
    </p>
   </div>
   <div class='ocr_carea' id='block_1_2' title="bbox 126 403 1837 3518">
    <p class='ocr_par' dir='ltr' id='par_1_2' title="bbox 138 403 1837 632">
     <span class='ocr_line' id='line_1_2' title="bbox 142 403 1837 470; baseline -0.001 -14"><span class='ocrx_word' id='word_1_2' title='bbox 142 408 254 456; x_wconf 85' lang='lat' dir='ltr'><strong>vida</strong></span> <span class='ocrx_word' id='word_1_3' title='bbox 311 422 478 456; x_wconf 90' lang='lat' dir='ltr'><strong>rerum</strong></span> <span class='ocrx_word' id='word_1_4' title='bbox 540 403 914 455; x_wconf 77' lang='lat' dir='ltr'><strong>adumbratione</strong></span> <span class='ocrx_word' id='word_1_5' title='bbox 973 411 1078 455; x_wconf 91' lang='lat' dir='ltr'><strong>tum</strong></span> <span class='ocrx_word' id='word_1_6' title='bbox 1140 404 1403 454; x_wconf 83' lang='lat' dir='ltr'><strong>verborum</strong></span> <span class='ocrx_word' id='word_1_7' title='bbox 1468 404 1736 470; x_wconf 75' lang='lat' dir='ltr'><strong>splendore</strong></span> <span class='ocrx_word' id='word_1_8' title='bbox 1785 411 1837 454; x_wconf 87' lang='lat' dir='ltr'><strong>et</strong></span> 
     </span>
     <span class='ocr_line' id='line_1_3' title="bbox 139 486 1835 551; baseline 0 -15"><span class='ocrx_word' id='word_1_9' title='bbox 139 487 506 551; x_wconf 79' lang='lat' dir='ltr'><strong>magnificentia</strong></span> <span class='ocrx_word' id='word_1_10' title='bbox 550 502 667 535; x_wconf 80' lang='lat' dir='ltr'><strong>vere</strong></span> <span class='ocrx_word' id='word_1_11' title='bbox 711 486 866 550; x_wconf 85' lang='lat' dir='ltr'><strong>lyrica</strong></span> <span class='ocrx_word' id='word_1_12' title='bbox 912 487 1044 536; x_wconf 87' lang='lat' dir='ltr'><strong>inter</strong></span> <span class='ocrx_word' id='word_1_13' title='bbox 1089 486 1512 551; x_wconf 86' lang='lat' dir='ltr'><strong>praestantissima</strong></span> <span class='ocrx_word' id='word_1_14' title='bbox 1547 490 1654 548; x_wconf 89' lang='lat' dir='ltr'><strong>est,</strong></span> <span class='ocrx_word' id='word_1_15' title='bbox 1707 501 1835 550; x_wconf 85' lang='lat' dir='ltr'><strong>quae</strong></span> 
     </span>
     <span class='ocr_line' id='line_1_4' title="bbox 138 566 908 632; baseline 0.001 -16"><span class='ocrx_word' id='word_1_16' title='bbox 138 566 286 616; x_wconf 86' lang='lat' dir='ltr'><strong>Musa</strong></span> <span class='ocrx_word' id='word_1_17' title='bbox 322 568 572 632; x_wconf 78' lang='lat' dir='ltr'><strong>Euripidis</strong></span> <span class='ocrx_word' id='word_1_18' title='bbox 616 568 908 631; x_wconf 88' lang='lat' dir='ltr'><strong>procreavit.</strong></span> 
     </span>
    </p>

    <p class='ocr_par' dir='ltr' id='par_1_3' title="bbox 126 644 1833 3518">
     <span class='ocr_line' id='line_1_5' title="bbox 271 644 1831 712; baseline -0.001 -16"><span class='ocrx_word' id='word_1_19' title='bbox 271 648 490 697; x_wconf 80' lang='lat' dir='ltr'><strong>Eventus</strong></span> <span class='ocrx_word' id='word_1_20' title='bbox 514 648 792 696; x_wconf 82' lang='lat' dir='ltr'><strong>certaminis</strong></span> <span class='ocrx_word' id='word_1_21' title='bbox 816 647 1029 712; x_wconf 90' lang='lat' dir='ltr'><strong>primum</strong></span> <span class='ocrx_word' id='word_1_22' title='bbox 1048 645 1265 694; x_wconf 87' lang='lat' dir='ltr'><strong>clamore</strong></span> <span class='ocrx_word' id='word_1_23' title='bbox 1288 644 1612 708; x_wconf 82' lang='lat' dir='ltr'><strong>significatur,</strong></span> <span class='ocrx_word' id='word_1_24' title='bbox 1646 646 1831 696; x_wconf 88' lang='lat' dir='ltr'><strong>deinde</strong></span> 
     </span>
     <span class='ocr_line' id='line_1_6' title="bbox 136 725 1828 793; baseline -0.001 -15"><span class='ocrx_word' id='word_1_25' title='bbox 136 730 198 778; x_wconf 83' lang='lat' dir='ltr'><strong>ab</strong></span> <span class='ocrx_word' id='word_1_26' title='bbox 223 745 321 778; x_wconf 82' lang='lat' dir='ltr'><strong>uno</strong></span> <span class='ocrx_word' id='word_1_27' title='bbox 357 727 670 793; x_wconf 82' lang='lat' dir='ltr'><strong>famulorum,</strong></span> <span class='ocrx_word' id='word_1_28' title='bbox 706 726 788 790; x_wconf 93' lang='lat' dir='ltr'><strong>qui</strong></span> <span class='ocrx_word' id='word_1_29' title='bbox 815 726 1055 786; x_wconf 81' lang='lat' dir='ltr'><strong>interfuit,</strong></span> <span class='ocrx_word' id='word_1_30' title='bbox 1091 725 1254 773; x_wconf 83' lang='lat' dir='ltr'><strong>verbis</strong></span> <span class='ocrx_word' id='word_1_31' title='bbox 1283 725 1561 790; x_wconf 82' lang='lat' dir='ltr'><strong>exponitur.</strong></span> <span class='ocrx_word' id='word_1_32' title='bbox 1626 725 1828 776; x_wconf 89' lang='lat' dir='ltr'><strong>Somnio</strong></span> 
     </span>
     <span class='ocr_line' id='line_1_7' title="bbox 137 804 1827 874; baseline -0.001 -17"><span class='ocrx_word' id='word_1_33' title='bbox 137 810 350 874; x_wconf 88' lang='lat' dir='ltr'><strong>quodam</strong></span> <span class='ocrx_word' id='word_1_34' title='bbox 421 810 624 858; x_wconf 87' lang='lat' dir='ltr'><strong>territus</strong></span> <span class='ocrx_word' id='word_1_35' title='bbox 697 807 965 871; x_wconf 83' lang='lat' dir='ltr'><strong>Aegisthus</strong></span> <span class='ocrx_word' id='word_1_36' title='bbox 1033 806 1314 854; x_wconf 86' lang='lat' dir='ltr'><strong>sacrificare</strong></span> <span class='ocrx_word' id='word_1_37' title='bbox 1372 804 1622 869; x_wconf 84' lang='lat' dir='ltr'><strong>Nymphis</strong></span> <span class='ocrx_word' id='word_1_38' title='bbox 1683 807 1827 856; x_wconf 89' lang='lat' dir='ltr'><strong>insti—</strong></span> 
     </span>
     <span class='ocr_line' id='line_1_8' title="bbox 137 886 1833 948; baseline -0.002 -10"><span class='ocrx_word' id='word_1_39' title='bbox 137 890 253 948; x_wconf 90' lang='lat' dir='ltr'><strong>tuit;</strong></span> <span class='ocrx_word' id='word_1_40' title='bbox 307 890 401 938; x_wconf 91' lang='lat' dir='ltr'><strong>hoc</strong></span> <span class='ocrx_word' id='word_1_41' title='bbox 444 888 664 938; x_wconf 81' lang='lat' dir='ltr'><strong>declarat</strong></span> <span class='ocrx_word' id='word_1_42' title='bbox 716 886 908 935; x_wconf 86' lang='lat' dir='ltr'><strong>Orestis</strong></span> <span class='ocrx_word' id='word_1_43' title='bbox 958 903 1014 936; x_wconf 84' lang='lat' dir='ltr'><strong>se</strong></span> <span class='ocrx_word' id='word_1_44' title='bbox 1046 887 1251 935; x_wconf 88' lang='lat' dir='ltr'><strong>insidias</strong></span> <span class='ocrx_word' id='word_1_45' title='bbox 1288 887 1463 934; x_wconf 88' lang='lat' dir='ltr'><strong>timere</strong></span> <span class='ocrx_word' id='word_1_46' title='bbox 1499 886 1700 948; x_wconf 85' lang='lat' dir='ltr'><strong>dicens,</strong></span> <span class='ocrx_word' id='word_1_47' title='bbox 1751 903 1833 935; x_wconf 89' lang='lat' dir='ltr'><strong>eo-</strong></span> 
     </span>
     <span class='ocr_line' id='line_1_9' title="bbox 136 967 1833 1034; baseline -0.002 -15"><span class='ocrx_word' id='word_1_48' title='bbox 136 971 350 1033; x_wconf 85' lang='lat' dir='ltr'><strong>demque</strong></span> <span class='ocrx_word' id='word_1_49' title='bbox 385 976 434 1018; x_wconf 89' lang='lat' dir='ltr'><strong>et</strong></span> <span class='ocrx_word' id='word_1_50' title='bbox 462 983 639 1034; x_wconf 84' lang='lat' dir='ltr'><strong>preces</strong></span> <span class='ocrx_word' id='word_1_51' title='bbox 677 972 729 1015; x_wconf 90' lang='lat' dir='ltr'><strong>et</strong></span> <span class='ocrx_word' id='word_1_52' title='bbox 763 968 894 1030; x_wconf 90' lang='lat' dir='ltr'><strong>quod</strong></span> <span class='ocrx_word' id='word_1_53' title='bbox 923 975 1038 1016; x_wconf 83' lang='lat' dir='ltr'><strong>exta</strong></span> <span class='ocrx_word' id='word_1_54' title='bbox 1060 968 1264 1032; x_wconf 87' lang='lat' dir='ltr'><strong>inspicit</strong></span> <span class='ocrx_word' id='word_1_55' title='bbox 1299 968 1566 1032; x_wconf 87' lang='lat' dir='ltr'><strong>pertinent.</strong></span> <span class='ocrx_word' id='word_1_56' title='bbox 1638 967 1748 1029; x_wconf 77' lang='lat' dir='ltr'><strong>Qua</strong></span> <span class='ocrx_word' id='word_1_57' title='bbox 1783 969 1833 1017; x_wconf 90' lang='lat' dir='ltr'><strong>in</strong></span> 
     </span>
     <span class='ocr_line' id='line_1_10' title="bbox 135 1047 1829 1113; baseline -0.001 -15"><span class='ocrx_word' id='word_1_58' title='bbox 135 1065 194 1098; x_wconf 84' lang='lat' dir='ltr'><strong>re</strong></span> <span class='ocrx_word' id='word_1_59' title='bbox 239 1066 379 1098; x_wconf 87' lang='lat' dir='ltr'><strong>sacra</strong></span> <span class='ocrx_word' id='word_1_60' title='bbox 423 1049 556 1113; x_wconf 89' lang='lat' dir='ltr'><strong>quod</strong></span> <span class='ocrx_word' id='word_1_61' title='bbox 604 1047 663 1095; x_wconf 90' lang='lat' dir='ltr'><strong>ab</strong></span> <span class='ocrx_word' id='word_1_62' title='bbox 702 1063 762 1096; x_wconf 87' lang='lat' dir='ltr'><strong>eo</strong></span> <span class='ocrx_word' id='word_1_63' title='bbox 810 1048 954 1112; x_wconf 78' lang='lat' dir='ltr'><strong>ipso,</strong></span> <span class='ocrx_word' id='word_1_64' title='bbox 1008 1049 1069 1096; x_wconf 91' lang='lat' dir='ltr'><strong>ad</strong></span> <span class='ocrx_word' id='word_1_65' title='bbox 1122 1065 1267 1112; x_wconf 89' lang='lat' dir='ltr'><strong>quem</strong></span> <span class='ocrx_word' id='word_1_66' title='bbox 1318 1049 1584 1096; x_wconf 87' lang='lat' dir='ltr'><strong>arcendum</strong></span> <span class='ocrx_word' id='word_1_67' title='bbox 1620 1049 1742 1096; x_wconf 88' lang='lat' dir='ltr'><strong>deos</strong></span> <span class='ocrx_word' id='word_1_68' title='bbox 1778 1048 1829 1096; x_wconf 90' lang='lat' dir='ltr'><strong>in</strong></span> 
     </span>
     <span class='ocr_line' id='line_1_11' title="bbox 134 1129 1832 1195; baseline -0.001 -17"><span class='ocrx_word' id='word_1_69' title='bbox 134 1129 370 1179; x_wconf 82' lang='lat' dir='ltr'><strong>auxilium</strong></span> <span class='ocrx_word' id='word_1_70' title='bbox 391 1134 552 1189; x_wconf 76' lang='lat' dir='ltr'><strong>vocat,</strong></span> <span class='ocrx_word' id='word_1_71' title='bbox 584 1129 762 1177; x_wconf 89' lang='lat' dir='ltr'><strong>eodem</strong></span> <span class='ocrx_word' id='word_1_72' title='bbox 795 1129 972 1190; x_wconf 68' lang='lat' dir='ltr'><strong>cultro,</strong></span> <span class='ocrx_word' id='word_1_73' title='bbox 998 1144 1093 1193; x_wconf 91' lang='lat' dir='ltr'><strong>quo</strong></span> <span class='ocrx_word' id='word_1_74' title='bbox 1121 1145 1266 1195; x_wconf 79' lang='lat' dir='ltr'><strong>caesa</strong></span> <span class='ocrx_word' id='word_1_75' title='bbox 1292 1134 1372 1176; x_wconf 90' lang='lat' dir='ltr'><strong>est</strong></span> <span class='ocrx_word' id='word_1_76' title='bbox 1401 1129 1581 1190; x_wconf 86' lang='lat' dir='ltr'><strong>hostia,</strong></span> <span class='ocrx_word' id='word_1_77' title='bbox 1618 1144 1678 1176; x_wconf 91' lang='lat' dir='ltr'><strong>eo</strong></span> <span class='ocrx_word' id='word_1_78' title='bbox 1706 1134 1832 1177; x_wconf 89' lang='lat' dir='ltr'><strong>tem-</strong></span> 
     </span>
     <span class='ocr_line' id='line_1_12' title="bbox 134 1208 1832 1275; baseline -0.001 -17"><span class='ocrx_word' id='word_1_79' title='bbox 134 1210 274 1275; x_wconf 86' lang='lat' dir='ltr'><strong>poris</strong></span> <span class='ocrx_word' id='word_1_80' title='bbox 308 1215 587 1265; x_wconf 87' lang='lat' dir='ltr'><strong>momento,</strong></span> <span class='ocrx_word' id='word_1_81' title='bbox 636 1225 733 1272; x_wconf 93' lang='lat' dir='ltr'><strong>quo</strong></span> <span class='ocrx_word' id='word_1_82' title='bbox 769 1209 1068 1257; x_wconf 85' lang='lat' dir='ltr'><strong>voluntatem</strong></span> <span class='ocrx_word' id='word_1_83' title='bbox 1105 1209 1312 1256; x_wconf 89' lang='lat' dir='ltr'><strong>deorum</strong></span> <span class='ocrx_word' id='word_1_84' title='bbox 1349 1208 1600 1270; x_wconf 79' lang='lat' dir='ltr'><strong>explorat,</strong></span> <span class='ocrx_word' id='word_1_85' title='bbox 1634 1224 1727 1274; x_wconf 87' lang='lat' dir='ltr'><strong>pro</strong></span> <span class='ocrx_word' id='word_1_86' title='bbox 1762 1209 1832 1256; x_wconf 87' lang='lat' dir='ltr'><strong>vi-</strong></span> 
     </span>
     <span class='ocr_line' id='line_1_13' title="bbox 134 1288 1831 1353; baseline -0.002 -14"><span class='ocrx_word' id='word_1_87' title='bbox 134 1291 283 1339; x_wconf 86' lang='lat' dir='ltr'><strong>ctima</strong></span> <span class='ocrx_word' id='word_1_88' title='bbox 327 1290 438 1352; x_wconf 87' lang='lat' dir='ltr'><strong>ipse</strong></span> <span class='ocrx_word' id='word_1_89' title='bbox 485 1290 752 1349; x_wconf 87' lang='lat' dir='ltr'><strong>occiditur,</strong></span> <span class='ocrx_word' id='word_1_90' title='bbox 798 1288 1004 1337; x_wconf 90' lang='lat' dir='ltr'><strong>deorum</strong></span> <span class='ocrx_word' id='word_1_91' title='bbox 1052 1288 1387 1352; x_wconf 88' lang='lat' dir='ltr'><strong>praesentium</strong></span> <span class='ocrx_word' id='word_1_92' title='bbox 1424 1289 1624 1336; x_wconf 89' lang='lat' dir='ltr'><strong>numine</strong></span> <span class='ocrx_word' id='word_1_93' title='bbox 1658 1289 1831 1353; x_wconf 84' lang='lat' dir='ltr'><strong>magis,</strong></span> 
     </span>
     <span class='ocr_line' id='line_1_14' title="bbox 133 1366 1833 1433; baseline 0.001 -17"><span class='ocrx_word' id='word_1_94' title='bbox 133 1385 281 1433; x_wconf 88' lang='lat' dir='ltr'><strong>qnam</strong></span> <span class='ocrx_word' id='word_1_95' title='bbox 318 1366 512 1416; x_wconf 88' lang='lat' dir='ltr'><strong>Orestis</strong></span> <span class='ocrx_word' id='word_1_96' title='bbox 548 1384 711 1428; x_wconf 84' lang='lat' dir='ltr'><strong>manu,</strong></span> <span class='ocrx_word' id='word_1_97' title='bbox 748 1384 909 1432; x_wconf 86' lang='lat' dir='ltr'><strong>poena</strong></span> <span class='ocrx_word' id='word_1_98' title='bbox 935 1384 963 1415; x_wconf 91' lang='lat' dir='ltr'><strong>a</strong></span> <span class='ocrx_word' id='word_1_99' title='bbox 985 1368 1227 1416; x_wconf 89' lang='lat' dir='ltr'><strong>scelerato</strong></span> <span class='ocrx_word' id='word_1_100' title='bbox 1266 1367 1396 1432; x_wconf 82' lang='lat' dir='ltr'><strong>exigi</strong></span> <span class='ocrx_word' id='word_1_101' title='bbox 1421 1367 1634 1420; x_wconf 86' lang='lat' dir='ltr'><strong>videtur.</strong></span> <span class='ocrx_word' id='word_1_102' title='bbox 1691 1369 1833 1418; x_wconf 85' lang='lat' dir='ltr'><strong>Haec</strong></span> 
     </span>
     <span class='ocr_line' id='line_1_15' title="bbox 133 1448 1826 1514; baseline 0.001 -16"><span class='ocrx_word' id='word_1_103' title='bbox 133 1448 316 1498; x_wconf 82' lang='lat' dir='ltr'><strong>similia</strong></span> <span class='ocrx_word' id='word_1_104' title='bbox 362 1449 559 1512; x_wconf 92' lang='lat' dir='ltr'><strong>quidem</strong></span> <span class='ocrx_word' id='word_1_105' title='bbox 597 1453 714 1498; x_wconf 87' lang='lat' dir='ltr'><strong>sunt</strong></span> <span class='ocrx_word' id='word_1_106' title='bbox 747 1449 834 1506; x_wconf 88' lang='lat' dir='ltr'><strong>iis,</strong></span> <span class='ocrx_word' id='word_1_107' title='bbox 883 1464 1011 1511; x_wconf 86' lang='lat' dir='ltr'><strong>quae</strong></span> <span class='ocrx_word' id='word_1_108' title='bbox 1058 1452 1109 1496; x_wconf 90' lang='lat' dir='ltr'><strong>et</strong></span> <span class='ocrx_word' id='word_1_109' title='bbox 1144 1449 1423 1512; x_wconf 82' lang='lat' dir='ltr'><strong>Aeschylus</strong></span> <span class='ocrx_word' id='word_1_110' title='bbox 1461 1455 1511 1496; x_wconf 90' lang='lat' dir='ltr'><strong>et</strong></span> <span class='ocrx_word' id='word_1_111' title='bbox 1546 1448 1826 1514; x_wconf 90' lang='lat' dir='ltr'><strong>Sophocles</strong></span> 
     </span>
     <span class='ocr_line' id='line_1_16' title="bbox 129 1528 1831 1594; baseline 0.001 -17"><span class='ocrx_word' id='word_1_112' title='bbox 129 1529 403 1586; x_wconf 86' lang='lat' dir='ltr'><strong>finxerunt,</strong></span> <span class='ocrx_word' id='word_1_113' title='bbox 439 1530 529 1577; x_wconf 88' lang='lat' dir='ltr'><strong>sed</strong></span> <span class='ocrx_word' id='word_1_114' title='bbox 563 1530 720 1578; x_wconf 91' lang='lat' dir='ltr'><strong>multo</strong></span> <span class='ocrx_word' id='word_1_115' title='bbox 757 1528 1065 1577; x_wconf 89' lang='lat' dir='ltr'><strong>evidentiora</strong></span> <span class='ocrx_word' id='word_1_116' title='bbox 1101 1533 1152 1577; x_wconf 88' lang='lat' dir='ltr'><strong>et</strong></span> <span class='ocrx_word' id='word_1_117' title='bbox 1189 1530 1251 1577; x_wconf 90' lang='lat' dir='ltr'><strong>ad</strong></span> <span class='ocrx_word' id='word_1_118' title='bbox 1285 1529 1584 1577; x_wconf 87' lang='lat' dir='ltr'><strong>movendum</strong></span> <span class='ocrx_word' id='word_1_119' title='bbox 1620 1530 1831 1594; x_wconf 77' lang='lat' dir='ltr'><strong>aptiora.</strong></span> 
     </span>
     <span class='ocr_line' id='line_1_17' title="bbox 130 1609 1830 1673; baseline 0 -15"><span class='ocrx_word' id='word_1_120' title='bbox 130 1609 309 1659; x_wconf 90' lang='lat' dir='ltr'><strong>Omnia</strong></span> <span class='ocrx_word' id='word_1_121' title='bbox 343 1615 512 1658; x_wconf 87' lang='lat' dir='ltr'><strong>autem</strong></span> <span class='ocrx_word' id='word_1_122' title='bbox 551 1616 604 1659; x_wconf 87' lang='lat' dir='ltr'><strong>et</strong></span> <span class='ocrx_word' id='word_1_123' title='bbox 643 1610 874 1658; x_wconf 84' lang='lat' dir='ltr'><strong>sollerter</strong></span> <span class='ocrx_word' id='word_1_124' title='bbox 909 1618 1021 1657; x_wconf 85' lang='lat' dir='ltr'><strong>sunt</strong></span> <span class='ocrx_word' id='word_1_125' title='bbox 1062 1610 1259 1657; x_wconf 83' lang='lat' dir='ltr'><strong>inventa</strong></span> <span class='ocrx_word' id='word_1_126' title='bbox 1287 1614 1339 1658; x_wconf 87' lang='lat' dir='ltr'><strong>et</strong></span> <span class='ocrx_word' id='word_1_127' title='bbox 1377 1615 1689 1673; x_wconf 84' lang='lat' dir='ltr'><strong>exponuntur</strong></span> <span class='ocrx_word' id='word_1_128' title='bbox 1730 1616 1830 1658; x_wconf 87' lang='lat' dir='ltr'><strong>tam</strong></span> 
     </span>
     <span class='ocr_line' id='line_1_18' title="bbox 128 1689 1830 1755; baseline -0.001 -17"><span class='ocrx_word' id='word_1_129' title='bbox 128 1690 395 1755; x_wconf 84' lang='lat' dir='ltr'><strong>perspicue</strong></span> <span class='ocrx_word' id='word_1_130' title='bbox 418 1697 567 1753; x_wconf 82' lang='lat' dir='ltr'><strong>atq-ue</strong></span> <span class='ocrx_word' id='word_1_131' title='bbox 585 1691 803 1754; x_wconf 88' lang='lat' dir='ltr'><strong>copiose,</strong></span> <span class='ocrx_word' id='word_1_132' title='bbox 833 1695 888 1741; x_wconf 84' lang='lat' dir='ltr'><strong>ut,</strong></span> <span class='ocrx_word' id='word_1_133' title='bbox 910 1706 1075 1738; x_wconf 89' lang='lat' dir='ltr'><strong>coram</strong></span> <span class='ocrx_word' id='word_1_134' title='bbox 1094 1706 1174 1737; x_wconf 85' lang='lat' dir='ltr'><strong>res</strong></span> <span class='ocrx_word' id='word_1_135' title='bbox 1205 1690 1492 1753; x_wconf 88' lang='lat' dir='ltr'><strong>conspicere</strong></span> <span class='ocrx_word' id='word_1_136' title='bbox 1515 1693 1566 1737; x_wconf 89' lang='lat' dir='ltr'><strong>et</strong></span> <span class='ocrx_word' id='word_1_137' title='bbox 1596 1690 1738 1754; x_wconf 84' lang='lat' dir='ltr'><strong>quasi</strong></span> <span class='ocrx_word' id='word_1_138' title='bbox 1768 1689 1830 1738; x_wconf 87' lang='lat' dir='ltr'><strong>iis</strong></span> 
     </span>
     <span class='ocr_line' id='line_1_19' title="bbox 127 1769 1831 1834; baseline 0 -16"><span class='ocrx_word' id='word_1_139' title='bbox 127 1770 373 1818; x_wconf 87' lang='lat' dir='ltr'><strong>interesse</strong></span> <span class='ocrx_word' id='word_1_140' title='bbox 407 1771 550 1818; x_wconf 91' lang='lat' dir='ltr'><strong>nobis</strong></span> <span class='ocrx_word' id='word_1_141' title='bbox 578 1770 850 1818; x_wconf 86' lang='lat' dir='ltr'><strong>videamur.</strong></span> <span class='ocrx_word' id='word_1_142' title='bbox 912 1770 986 1817; x_wconf 85' lang='lat' dir='ltr'><strong>Ea</strong></span> <span class='ocrx_word' id='word_1_143' title='bbox 1012 1786 1124 1817; x_wconf 92' lang='lat' dir='ltr'><strong>cum</strong></span> <span class='ocrx_word' id='word_1_144' title='bbox 1151 1769 1328 1834; x_wconf 87' lang='lat' dir='ltr'><strong>plausu</strong></span> <span class='ocrx_word' id='word_1_145' title='bbox 1355 1775 1404 1817; x_wconf 90' lang='lat' dir='ltr'><strong>et</strong></span> <span class='ocrx_word' id='word_1_146' title='bbox 1430 1770 1632 1829; x_wconf 72' lang='lat' dir='ltr'><strong>laetitia,</strong></span> <span class='ocrx_word' id='word_1_147' title='bbox 1662 1776 1717 1817; x_wconf 90' lang='lat' dir='ltr'><strong>ut</strong></span> <span class='ocrx_word' id='word_1_148' title='bbox 1742 1785 1831 1834; x_wconf 89' lang='lat' dir='ltr'><strong>par</strong></span> 
     </span>
     <span class='ocr_line' id='line_1_20' title="bbox 131 1849 1828 1914; baseline 0.001 -16"><span class='ocrx_word' id='word_1_149' title='bbox 131 1855 226 1912; x_wconf 86' lang='lat' dir='ltr'><strong>est,</strong></span> <span class='ocrx_word' id='word_1_150' title='bbox 249 1851 586 1914; x_wconf 86' lang='lat' dir='ltr'><strong>accipiuntur;</strong></span> <span class='ocrx_word' id='word_1_151' title='bbox 616 1850 824 1899; x_wconf 85' lang='lat' dir='ltr'><strong>Orestes</strong></span> <span class='ocrx_word' id='word_1_152' title='bbox 850 1856 1017 1898; x_wconf 91' lang='lat' dir='ltr'><strong>autem</strong></span> <span class='ocrx_word' id='word_1_153' title='bbox 1042 1850 1151 1914; x_wconf 90' lang='lat' dir='ltr'><strong>ipse</strong></span> <span class='ocrx_word' id='word_1_154' title='bbox 1178 1866 1234 1898; x_wconf 93' lang='lat' dir='ltr'><strong>ac</strong></span> <span class='ocrx_word' id='word_1_155' title='bbox 1258 1849 1474 1913; x_wconf 91' lang='lat' dir='ltr'><strong>Pylades</strong></span> <span class='ocrx_word' id='word_1_156' title='bbox 1499 1851 1691 1898; x_wconf 87' lang='lat' dir='ltr'><strong>reversi</strong></span> <span class='ocrx_word' id='word_1_157' title='bbox 1722 1859 1828 1899; x_wconf 89' lang='lat' dir='ltr'><strong>tan-</strong></span> 
     </span>
     <span class='ocr_line' id='line_1_21' title="bbox 131 1930 1828 1994; baseline 0.001 -15"><span class='ocrx_word' id='word_1_158' title='bbox 131 1946 278 1994; x_wconf 85' lang='lat' dir='ltr'><strong>quam</strong></span> <span class='ocrx_word' id='word_1_159' title='bbox 305 1931 520 1979; x_wconf 85' lang='lat' dir='ltr'><strong>victores</strong></span> <span class='ocrx_word' id='word_1_160' title='bbox 546 1930 795 1994; x_wconf 83' lang='lat' dir='ltr'><strong>Olympici</strong></span> <span class='ocrx_word' id='word_1_161' title='bbox 822 1946 1036 1978; x_wconf 88' lang='lat' dir='ltr'><strong>coronae</strong></span> <span class='ocrx_word' id='word_1_162' title='bbox 1060 1931 1250 1979; x_wconf 87' lang='lat' dir='ltr'><strong>honore</strong></span> <span class='ocrx_word' id='word_1_163' title='bbox 1274 1931 1335 1977; x_wconf 89' lang='lat' dir='ltr'><strong>ab</strong></span> <span class='ocrx_word' id='word_1_164' title='bbox 1372 1930 1571 1978; x_wconf 81' lang='lat' dir='ltr'><strong>Electra</strong></span> <span class='ocrx_word' id='word_1_165' title='bbox 1599 1930 1828 1980; x_wconf 86' lang='lat' dir='ltr'><strong>afficiun-</strong></span> 
     </span>
     <span class='ocr_line' id='line_1_22' title="bbox 131 2010 1830 2075; baseline 0 -16"><span class='ocrx_word' id='word_1_166' title='bbox 131 2015 225 2062; x_wconf 87' lang='lat' dir='ltr'><strong>tur.</strong></span> <span class='ocrx_word' id='word_1_167' title='bbox 282 2010 505 2075; x_wconf 88' lang='lat' dir='ltr'><strong>Corpore</strong></span> <span class='ocrx_word' id='word_1_168' title='bbox 538 2010 789 2059; x_wconf 82' lang='lat' dir='ltr'><strong>interfecti</strong></span> <span class='ocrx_word' id='word_1_169' title='bbox 823 2011 872 2058; x_wconf 92' lang='lat' dir='ltr'><strong>in</strong></span> <span class='ocrx_word' id='word_1_170' title='bbox 901 2011 1066 2058; x_wconf 92' lang='lat' dir='ltr'><strong>medio</strong></span> <span class='ocrx_word' id='word_1_171' title='bbox 1103 2011 1269 2075; x_wconf 88' lang='lat' dir='ltr'><strong>posito</strong></span> <span class='ocrx_word' id='word_1_172' title='bbox 1315 2016 1463 2074; x_wconf 87' lang='lat' dir='ltr'><strong>atque</strong></span> <span class='ocrx_word' id='word_1_173' title='bbox 1495 2011 1699 2060; x_wconf 87' lang='lat' dir='ltr'><strong>arbitrio</strong></span> <span class='ocrx_word' id='word_1_174' title='bbox 1728 2012 1830 2059; x_wconf 82' lang='lat' dir='ltr'><strong>vir-</strong></span> 
     </span>
     <span class='ocr_line' id='line_1_23' title="bbox 130 2091 1830 2156; baseline 0.002 -19"><span class='ocrx_word' id='word_1_175' title='bbox 130 2091 258 2154; x_wconf 84' lang='lat' dir='ltr'><strong>ginis</strong></span> <span class='ocrx_word' id='word_1_176' title='bbox 280 2093 542 2156; x_wconf 83' lang='lat' dir='ltr'><strong>permisso,</strong></span> <span class='ocrx_word' id='word_1_177' title='bbox 577 2092 727 2151; x_wconf 84' lang='lat' dir='ltr'><strong>haec,</strong></span> <span class='ocrx_word' id='word_1_178' title='bbox 766 2091 990 2154; x_wconf 81' lang='lat' dir='ltr'><strong>quamvis</strong></span> <span class='ocrx_word' id='word_1_179' title='bbox 1026 2092 1256 2139; x_wconf 84' lang='lat' dir='ltr'><strong>invidiam</strong></span> <span class='ocrx_word' id='word_1_180' title='bbox 1292 2098 1553 2151; x_wconf 82' lang='lat' dir='ltr'><strong>vereatur,</strong></span> <span class='ocrx_word' id='word_1_181' title='bbox 1588 2093 1830 2155; x_wconf 90' lang='lat' dir='ltr'><strong>probante</strong></span> 
     </span>
     <span class='ocr_line' id='line_1_24' title="bbox 130 2170 1829 2236; baseline 0.001 -18"><span class='ocrx_word' id='word_1_182' title='bbox 130 2170 307 2233; x_wconf 74' lang='lat' dir='ltr'><strong>fratre,</strong></span> <span class='ocrx_word' id='word_1_183' title='bbox 343 2188 665 2236; x_wconf 88' lang='lat' dir='ltr'><strong>quaecunque</strong></span> <span class='ocrx_word' id='word_1_184' title='bbox 699 2173 748 2219; x_wconf 92' lang='lat' dir='ltr'><strong>in</strong></span> <span class='ocrx_word' id='word_1_185' title='bbox 785 2173 964 2231; x_wconf 76' lang='lat' dir='ltr'><strong>vivum,</strong></span> <span class='ocrx_word' id='word_1_186' title='bbox 1002 2172 1043 2219; x_wconf 88' lang='lat' dir='ltr'><strong>si</strong></span> <span class='ocrx_word' id='word_1_187' title='bbox 1079 2173 1276 2235; x_wconf 87' lang='lat' dir='ltr'><strong>quaudo</strong></span> <span class='ocrx_word' id='word_1_188' title='bbox 1306 2178 1449 2233; x_wconf 60' lang='lat' dir='ltr'><strong>„metu</strong></span> <span class='ocrx_word' id='word_1_189' title='bbox 1485 2172 1641 2220; x_wconf 83' lang='lat' dir='ltr'><strong>libera</strong></span> <span class='ocrx_word' id='word_1_190' title='bbox 1677 2177 1829 2232; x_wconf 88' lang='lat' dir='ltr'><strong>esset,</strong></span> 
     </span>
     <span class='ocr_line' id='line_1_25' title="bbox 127 2251 1827 2316; baseline 0.001 -17"><span class='ocrx_word' id='word_1_191' title='bbox 127 2251 322 2315; x_wconf 89' lang='lat' dir='ltr'><strong>pridem</strong></span> <span class='ocrx_word' id='word_1_192' title='bbox 371 2251 631 2300; x_wconf 86' lang='lat' dir='ltr'><strong>effundere</strong></span> <span class='ocrx_word' id='word_1_193' title='bbox 668 2253 848 2314; x_wconf 87' lang='lat' dir='ltr'><strong>probra</strong></span> <span class='ocrx_word' id='word_1_194' title='bbox 889 2253 1167 2316; x_wconf 80' lang='lat' dir='ltr'><strong>cupiverat,</strong></span> <span class='ocrx_word' id='word_1_195' title='bbox 1219 2253 1267 2300; x_wconf 90' lang='lat' dir='ltr'><strong>iu</strong></span> <span class='ocrx_word' id='word_1_196' title='bbox 1303 2258 1555 2300; x_wconf 86' lang='lat' dir='ltr'><strong>mortuum</strong></span> <span class='ocrx_word' id='word_1_197' title='bbox 1603 2252 1827 2303; x_wconf 85' lang='lat' dir='ltr'><strong>effundit.</strong></span> 
     </span>
     <span class='ocr_line' id='line_1_26' title="bbox 126 2331 1830 2396; baseline 0 -17"><span class='ocrx_word' id='word_1_198' title='bbox 126 2331 204 2379; x_wconf 87' lang='lat' dir='ltr'><strong>Ea</strong></span> <span class='ocrx_word' id='word_1_199' title='bbox 239 2336 406 2380; x_wconf 90' lang='lat' dir='ltr'><strong>tamen</strong></span> <span class='ocrx_word' id='word_1_200' title='bbox 440 2347 602 2393; x_wconf 86' lang='lat' dir='ltr'><strong>neque</strong></span> <span class='ocrx_word' id='word_1_201' title='bbox 627 2347 775 2378; x_wconf 80' lang='lat' dir='ltr'><strong>saeva</strong></span> <span class='ocrx_word' id='word_1_202' title='bbox 811 2348 971 2394; x_wconf 86' lang='lat' dir='ltr'><strong>neque</strong></span> <span class='ocrx_word' id='word_1_203' title='bbox 997 2333 1180 2380; x_wconf 87' lang='lat' dir='ltr'><strong>atrocia</strong></span> <span class='ocrx_word' id='word_1_204' title='bbox 1207 2338 1338 2392; x_wconf 73' lang='lat' dir='ltr'><strong>suut,</strong></span> <span class='ocrx_word' id='word_1_205' title='bbox 1375 2334 1465 2381; x_wconf 87' lang='lat' dir='ltr'><strong>sed</strong></span> <span class='ocrx_word' id='word_1_206' title='bbox 1500 2334 1632 2392; x_wconf 78' lang='lat' dir='ltr'><strong>talia,</strong></span> <span class='ocrx_word' id='word_1_207' title='bbox 1669 2332 1830 2396; x_wconf 82' lang='lat' dir='ltr'><strong>qualia</strong></span> 
     </span>
     <span class='ocr_line' id='line_1_27' title="bbox 126 2411 1828 2476; baseline 0.001 -16"><span class='ocrx_word' id='word_1_208' title='bbox 126 2411 277 2460; x_wconf 86' lang='lat' dir='ltr'><strong>hodie</strong></span> <span class='ocrx_word' id='word_1_209' title='bbox 313 2412 518 2476; x_wconf 84' lang='lat' dir='ltr'><strong>quilibet</strong></span> <span class='ocrx_word' id='word_1_210' title='bbox 543 2427 735 2467; x_wconf 85' lang='lat' dir='ltr'><strong>eorum,</strong></span> <span class='ocrx_word' id='word_1_211' title='bbox 770 2413 854 2474; x_wconf 91' lang='lat' dir='ltr'><strong>qui</strong></span> <span class='ocrx_word' id='word_1_212' title='bbox 890 2428 946 2460; x_wconf 88' lang='lat' dir='ltr'><strong>se</strong></span> <span class='ocrx_word' id='word_1_213' title='bbox 982 2413 1093 2475; x_wconf 87' lang='lat' dir='ltr'><strong>pios</strong></span> <span class='ocrx_word' id='word_1_214' title='bbox 1130 2421 1520 2476; x_wconf 81' lang='lat' dir='ltr'><strong>mansuetusque</strong></span> <span class='ocrx_word' id='word_1_215' title='bbox 1546 2414 1717 2462; x_wconf 84' lang='lat' dir='ltr'><strong>haberi</strong></span> <span class='ocrx_word' id='word_1_216' title='bbox 1742 2430 1828 2461; x_wconf 76' lang='lat' dir='ltr'><strong>vo-</strong></span> 
     </span>
     <span class='ocr_line' id='line_1_28' title="bbox 128 2491 1828 2559; baseline 0.001 -20"><span class='ocrx_word' id='word_1_217' title='bbox 128 2491 252 2553; x_wconf 85' lang='lat' dir='ltr'><strong>lunt,</strong></span> <span class='ocrx_word' id='word_1_218' title='bbox 276 2492 319 2538; x_wconf 90' lang='lat' dir='ltr'><strong>si</strong></span> <span class='ocrx_word' id='word_1_219' title='bbox 342 2493 501 2539; x_wconf 88' lang='lat' dir='ltr'><strong>minus</strong></span> <span class='ocrx_word' id='word_1_220' title='bbox 523 2491 731 2550; x_wconf 81' lang='lat' dir='ltr'><strong>diceret,</strong></span> <span class='ocrx_word' id='word_1_221' title='bbox 758 2499 895 2540; x_wconf 86' lang='lat' dir='ltr'><strong>certe</strong></span> <span class='ocrx_word' id='word_1_222' title='bbox 915 2493 1142 2540; x_wconf 85' lang='lat' dir='ltr'><strong>sentiret.</strong></span> <span class='ocrx_word' id='word_1_223' title='bbox 1179 2492 1463 2553; x_wconf 71' lang='lat' dir='ltr'><strong>„Occubuit</strong></span> <span class='ocrx_word' id='word_1_224' title='bbox 1493 2494 1576 2556; x_wconf 88' lang='lat' dir='ltr'><strong>qui</strong></span> <span class='ocrx_word' id='word_1_225' title='bbox 1599 2509 1828 2559; x_wconf 82' lang='lat' dir='ltr'><strong>magnum</strong></span> 
     </span>
     <span class='ocr_line' id='line_1_29' title="bbox 128 2571 1830 2637; baseline 0 -17"><span class='ocrx_word' id='word_1_226' title='bbox 128 2572 435 2620; x_wconf 85' lang='lat' dir='ltr'><strong>Graecorum</strong></span> <span class='ocrx_word' id='word_1_227' title='bbox 470 2571 820 2633; x_wconf 87' lang='lat' dir='ltr'><strong>imperatorem</strong></span> <span class='ocrx_word' id='word_1_228' title='bbox 872 2573 1152 2631; x_wconf 81' lang='lat' dir='ltr'><strong>interfecit3</strong></span> <span class='ocrx_word' id='word_1_229' title='bbox 1213 2589 1367 2634; x_wconf 79' lang='lat' dir='ltr'><strong>regno</strong></span> <span class='ocrx_word' id='word_1_230' title='bbox 1417 2589 1530 2621; x_wconf 83' lang='lat' dir='ltr'><strong>cum</strong></span> <span class='ocrx_word' id='word_1_231' title='bbox 1576 2574 1675 2621; x_wconf 80' lang='lat' dir='ltr'><strong>vita</strong></span> <span class='ocrx_word' id='word_1_232' title='bbox 1720 2574 1830 2637; x_wconf 88' lang='lat' dir='ltr'><strong>ipse</strong></span> 
     </span>
     <span class='ocr_line' id='line_1_30' title="bbox 129 2652 1828 2716; baseline 0 -16"><span class='ocrx_word' id='word_1_233' title='bbox 129 2659 305 2700; x_wconf 85' lang='lat' dir='ltr'><strong>exutus</strong></span> <span class='ocrx_word' id='word_1_234' title='bbox 329 2655 408 2698; x_wconf 90' lang='lat' dir='ltr'><strong>est</strong></span> <span class='ocrx_word' id='word_1_235' title='bbox 442 2652 525 2713; x_wconf 89' lang='lat' dir='ltr'><strong>qui</strong></span> <span class='ocrx_word' id='word_1_236' title='bbox 554 2668 644 2699; x_wconf 91' lang='lat' dir='ltr'><strong>nos</strong></span> <span class='ocrx_word' id='word_1_237' title='bbox 664 2653 812 2699; x_wconf 89' lang='lat' dir='ltr'><strong>orbos</strong></span> <span class='ocrx_word' id='word_1_238' title='bbox 839 2652 1084 2712; x_wconf 80' lang='lat' dir='ltr'><strong>reddidit3</strong></span> <span class='ocrx_word' id='word_1_239' title='bbox 1122 2653 1206 2716; x_wconf 88' lang='lat' dir='ltr'><strong>qui</strong></span> <span class='ocrx_word' id='word_1_240' title='bbox 1248 2653 1377 2700; x_wconf 87' lang='lat' dir='ltr'><strong>nulla</strong></span> <span class='ocrx_word' id='word_1_241' title='bbox 1407 2653 1585 2700; x_wconf 87' lang='lat' dir='ltr'><strong>iniuria</strong></span> <span class='ocrx_word' id='word_1_242' title='bbox 1623 2653 1828 2700; x_wconf 82' lang='lat' dir='ltr'><strong>lacessi-</strong></span> 
     </span>
     <span class='ocr_line' id='line_1_31' title="bbox 126 2732 1828 2798; baseline 0.001 -18"><span class='ocrx_word' id='word_1_243' title='bbox 126 2736 208 2780; x_wconf 85' lang='lat' dir='ltr'><strong>tus</strong></span> <span class='ocrx_word' id='word_1_244' title='bbox 226 2736 367 2796; x_wconf 86' lang='lat' dir='ltr'><strong>patre</strong></span> <span class='ocrx_word' id='word_1_245' title='bbox 385 2746 443 2778; x_wconf 87' lang='lat' dir='ltr'><strong>ac</strong></span> <span class='ocrx_word' id='word_1_246' title='bbox 469 2732 759 2795; x_wconf 87' lang='lat' dir='ltr'><strong>patrimonio</strong></span> <span class='ocrx_word' id='word_1_247' title='bbox 784 2748 873 2780; x_wconf 93' lang='lat' dir='ltr'><strong>nos</strong></span> <span class='ocrx_word' id='word_1_248' title='bbox 896 2734 1124 2798; x_wconf 79' lang='lat' dir='ltr'><strong>privavit.</strong></span> <span class='ocrx_word' id='word_1_249' title='bbox 1145 2749 1306 2795; x_wconf 84' lang='lat' dir='ltr'><strong>neque</strong></span> <span class='ocrx_word' id='word_1_250' title='bbox 1326 2734 1468 2781; x_wconf 86' lang='lat' dir='ltr'><strong>beate</strong></span> <span class='ocrx_word' id='word_1_251' title='bbox 1495 2734 1614 2781; x_wconf 75' lang='lat' dir='ltr'><strong>vixit</strong></span> <span class='ocrx_word' id='word_1_252' title='bbox 1641 2738 1693 2780; x_wconf 88' lang='lat' dir='ltr'><strong>et</strong></span> <span class='ocrx_word' id='word_1_253' title='bbox 1720 2732 1828 2781; x_wconf 86' lang='lat' dir='ltr'><strong>fru—</strong></span> 
     </span>
     <span class='ocr_line' id='line_1_32' title="bbox 129 2811 1829 2875; baseline 0.001 -15"><span class='ocrx_word' id='word_1_254' title='bbox 129 2817 263 2860; x_wconf 88' lang='lat' dir='ltr'><strong>ctum</strong></span> <span class='ocrx_word' id='word_1_255' title='bbox 311 2811 575 2860; x_wconf 13' lang='lat' dir='ltr'><strong>scelerum*</strong></span> <span class='ocrx_word' id='word_1_256' title='bbox 594 2813 808 2861; x_wconf 83' lang='lat' dir='ltr'><strong>moriens</strong></span> <span class='ocrx_word' id='word_1_257' title='bbox 836 2815 1018 2862; x_wconf 88' lang='lat' dir='ltr'><strong>amisit.</strong></span> <span class='ocrx_word' id='word_1_258' title='bbox 1075 2814 1336 2875; x_wconf 78' lang='lat' dir='ltr'><strong>Quomodo</strong></span> <span class='ocrx_word' id='word_1_259' title='bbox 1364 2814 1493 2862; x_wconf 88' lang='lat' dir='ltr'><strong>enim</strong></span> <span class='ocrx_word' id='word_1_260' title='bbox 1523 2815 1669 2862; x_wconf 88' lang='lat' dir='ltr'><strong>beate</strong></span> <span class='ocrx_word' id='word_1_261' title='bbox 1692 2813 1829 2873; x_wconf 77' lang='lat' dir='ltr'><strong>vixit,</strong></span> 
     </span>
     <span class='ocr_line' id='line_1_33' title="bbox 129 2892 1828 2957; baseline 0 -17"><span class='ocrx_word' id='word_1_262' title='bbox 129 2893 231 2957; x_wconf 83' lang='lat' dir='ltr'><strong>qui,</strong></span> <span class='ocrx_word' id='word_1_263' title='bbox 266 2898 501 2955; x_wconf 87' lang='lat' dir='ltr'><strong>corrupta</strong></span> <span class='ocrx_word' id='word_1_264' title='bbox 533 2892 689 2939; x_wconf 84' lang='lat' dir='ltr'><strong>aliena</strong></span> <span class='ocrx_word' id='word_1_265' title='bbox 716 2909 870 2941; x_wconf 89' lang='lat' dir='ltr'><strong>uxore</strong></span> <span class='ocrx_word' id='word_1_266' title='bbox 904 2894 1208 2957; x_wconf 88' lang='lat' dir='ltr'><strong>impudicam</strong></span> <span class='ocrx_word' id='word_1_267' title='bbox 1245 2895 1356 2957; x_wconf 84' lang='lat' dir='ltr'><strong>ipse</strong></span> <span class='ocrx_word' id='word_1_268' title='bbox 1392 2894 1576 2941; x_wconf 90' lang='lat' dir='ltr'><strong>ducere</strong></span> <span class='ocrx_word' id='word_1_269' title='bbox 1606 2898 1828 2953; x_wconf 72' lang='lat' dir='ltr'><strong>coactus,</strong></span> 
     </span>
     <span class='ocr_line' id='line_1_34' title="bbox 126 2973 1829 3039; baseline -0.001 -17"><span class='ocrx_word' id='word_1_270' title='bbox 126 2979 328 3036; x_wconf 85' lang='lat' dir='ltr'><strong>turpem</strong></span> <span class='ocrx_word' id='word_1_271' title='bbox 369 2988 423 3019; x_wconf 89' lang='lat' dir='ltr'><strong>se</strong></span> <span class='ocrx_word' id='word_1_272' title='bbox 447 2988 559 3019; x_wconf 87' lang='lat' dir='ltr'><strong>esse</strong></span> <span class='ocrx_word' id='word_1_273' title='bbox 593 2978 642 3019; x_wconf 90' lang='lat' dir='ltr'><strong>et</strong></span> <span class='ocrx_word' id='word_1_274' title='bbox 674 2974 806 3035; x_wconf 84' lang='lat' dir='ltr'><strong>turpi</strong></span> <span class='ocrx_word' id='word_1_275' title='bbox 830 2991 985 3023; x_wconf 82' lang='lat' dir='ltr'><strong>uxore</strong></span> <span class='ocrx_word' id='word_1_276' title='bbox 1013 2976 1086 3023; x_wconf 90' lang='lat' dir='ltr'><strong>uti</strong></span> <span class='ocrx_word' id='word_1_277' title='bbox 1111 2975 1449 3039; x_wconf 82' lang='lat' dir='ltr'><strong>intelligebat3</strong></span> <span class='ocrx_word' id='word_1_278' title='bbox 1488 2974 1569 3036; x_wconf 90' lang='lat' dir='ltr'><strong>qui</strong></span> <span class='ocrx_word' id='word_1_279' title='bbox 1594 2973 1829 3037; x_wconf 77' lang='lat' dir='ltr'><strong>dignitate</strong></span> 
     </span>
     <span class='ocr_line' id='line_1_35' title="bbox 127 3052 1829 3119; baseline -0.002 -17"><span class='ocrx_word' id='word_1_280' title='bbox 127 3053 395 3102; x_wconf 81' lang='lat' dir='ltr'><strong>destitutus</strong></span> <span class='ocrx_word' id='word_1_281' title='bbox 430 3059 533 3100; x_wconf 84' lang='lat' dir='ltr'><strong>erat</strong></span> <span class='ocrx_word' id='word_1_282' title='bbox 551 3052 640 3111; x_wconf 77' lang='lat' dir='ltr'><strong>sic,</strong></span> <span class='ocrx_word' id='word_1_283' title='bbox 663 3059 718 3100; x_wconf 89' lang='lat' dir='ltr'><strong>ut</strong></span> <span class='ocrx_word' id='word_1_284' title='bbox 738 3059 789 3101; x_wconf 89' lang='lat' dir='ltr'><strong>et</strong></span> <span class='ocrx_word' id='word_1_285' title='bbox 807 3054 916 3119; x_wconf 91' lang='lat' dir='ltr'><strong>ipse</strong></span> <span class='ocrx_word' id='word_1_286' title='bbox 944 3055 1373 3119; x_wconf 86' lang='lat' dir='ltr'><strong>Clytaemnestrae</strong></span> <span class='ocrx_word' id='word_1_287' title='bbox 1394 3055 1468 3103; x_wconf 80' lang='lat' dir='ltr'><strong>vir</strong></span> <span class='ocrx_word' id='word_1_288' title='bbox 1493 3053 1829 3118; x_wconf 86' lang='lat' dir='ltr'><strong>appellaretur</strong></span> 
     </span>
     <span class='ocr_line' id='line_1_36' title="bbox 127 3133 1826 3198; baseline -0.002 -15"><span class='ocrx_word' id='word_1_289' title='bbox 127 3140 180 3183; x_wconf 90' lang='lat' dir='ltr'><strong>et</strong></span> <span class='ocrx_word' id='word_1_290' title='bbox 227 3134 370 3182; x_wconf 88' lang='lat' dir='ltr'><strong>liberi</strong></span> <span class='ocrx_word' id='word_1_291' title='bbox 406 3133 838 3196; x_wconf 84' lang='lat' dir='ltr'><strong>Clytaemnestrae</strong></span> <span class='ocrx_word' id='word_1_292' title='bbox 871 3136 1040 3194; x_wconf 82' lang='lat' dir='ltr'><strong>liberi3</strong></span> <span class='ocrx_word' id='word_1_293' title='bbox 1077 3136 1158 3198; x_wconf 89' lang='lat' dir='ltr'><strong>qui</strong></span> <span class='ocrx_word' id='word_1_294' title='bbox 1197 3134 1381 3198; x_wconf 78' lang='lat' dir='ltr'><strong>ingenii</strong></span> <span class='ocrx_word' id='word_1_295' title='bbox 1416 3136 1555 3183; x_wconf 89' lang='lat' dir='ltr'><strong>bonis</strong></span> <span class='ocrx_word' id='word_1_296' title='bbox 1594 3144 1826 3182; x_wconf 85' lang='lat' dir='ltr'><strong>naturae-</strong></span> 
     </span>
     <span class='ocr_line' id='line_1_37' title="bbox 127 3212 1828 3279; baseline -0.002 -17"><span class='ocrx_word' id='word_1_297' title='bbox 127 3231 224 3279; x_wconf 86' lang='lat' dir='ltr'><strong>que</strong></span> <span class='ocrx_word' id='word_1_298' title='bbox 274 3230 447 3263; x_wconf 88' lang='lat' dir='ltr'><strong>carens</strong></span> <span class='ocrx_word' id='word_1_299' title='bbox 482 3214 531 3262; x_wconf 90' lang='lat' dir='ltr'><strong>iu</strong></span> <span class='ocrx_word' id='word_1_300' title='bbox 567 3212 744 3262; x_wconf 87' lang='lat' dir='ltr'><strong>divitiis</strong></span> <span class='ocrx_word' id='word_1_301' title='bbox 780 3217 916 3263; x_wconf 79' lang='lat' dir='ltr'><strong>vanis</strong></span> <span class='ocrx_word' id='word_1_302' title='bbox 966 3233 1021 3264; x_wconf 87' lang='lat' dir='ltr'><strong>se</strong></span> <span class='ocrx_word' id='word_1_303' title='bbox 1057 3216 1304 3278; x_wconf 88' lang='lat' dir='ltr'><strong>fluxisque</strong></span> <span class='ocrx_word' id='word_1_304' title='bbox 1338 3216 1590 3264; x_wconf 64' lang='lat' dir='ltr'><strong>iactabat?</strong></span> <span class='ocrx_word' id='word_1_305' title='bbox 1653 3213 1828 3274; x_wconf 88' lang='lat' dir='ltr'><strong>Neque</strong></span> 
     </span>
     <span class='ocr_line' id='line_1_38' title="bbox 127 3291 1825 3361; baseline -0.004 -18"><span class='ocrx_word' id='word_1_306' title='bbox 127 3294 357 3343; x_wconf 81' lang='lat' dir='ltr'><strong>adultera</strong></span> <span class='ocrx_word' id='word_1_307' title='bbox 401 3294 486 3342; x_wconf 89' lang='lat' dir='ltr'><strong>illo</strong></span> <span class='ocrx_word' id='word_1_308' title='bbox 533 3294 732 3342; x_wconf 78' lang='lat' dir='ltr'><strong>felicior</strong></span> <span class='ocrx_word' id='word_1_309' title='bbox 768 3293 894 3357; x_wconf 76' lang='lat' dir='ltr'><strong>suit,</strong></span> <span class='ocrx_word' id='word_1_310' title='bbox 947 3313 1073 3361; x_wconf 88' lang='lat' dir='ltr'><strong>quae</strong></span> <span class='ocrx_word' id='word_1_311' title='bbox 1119 3296 1337 3361; x_wconf 75' lang='lat' dir='ltr'><strong>virgineo</strong></span> <span class='ocrx_word' id='word_1_312' title='bbox 1372 3296 1650 3361; x_wconf 89' lang='lat' dir='ltr'><strong>praeditum</strong></span> <span class='ocrx_word' id='word_1_313' title='bbox 1690 3291 1825 3339; x_wconf 78' lang='lat' dir='ltr'><strong>vultu</strong></span> 
     </span>
     <span class='ocr_line' id='line_1_39' title="bbox 129 3373 1828 3439; baseline -0.002 -17"><span class='ocrx_word' id='word_1_314' title='bbox 129 3389 275 3436; x_wconf 85' lang='lat' dir='ltr'><strong>quam</strong></span> <span class='ocrx_word' id='word_1_315' title='bbox 311 3375 441 3424; x_wconf 86' lang='lat' dir='ltr'><strong>virili</strong></span> <span class='ocrx_word' id='word_1_316' title='bbox 474 3374 673 3437; x_wconf 80' lang='lat' dir='ltr'><strong>ingenio</strong></span> <span class='ocrx_word' id='word_1_317' title='bbox 721 3375 879 3424; x_wconf 86' lang='lat' dir='ltr'><strong>virum</strong></span> <span class='ocrx_word' id='word_1_318' title='bbox 913 3376 1101 3425; x_wconf 87' lang='lat' dir='ltr'><strong>habere</strong></span> <span class='ocrx_word' id='word_1_319' title='bbox 1134 3375 1346 3436; x_wconf 84' lang='lat' dir='ltr'><strong>maluit‚&#39;</strong></span> <span class='ocrx_word' id='word_1_320' title='bbox 1397 3392 1460 3424; x_wconf 83' lang='lat' dir='ltr'><strong>ex</strong></span> <span class='ocrx_word' id='word_1_321' title='bbox 1511 3391 1606 3439; x_wconf 91' lang='lat' dir='ltr'><strong>quo</strong></span> <span class='ocrx_word' id='word_1_322' title='bbox 1641 3373 1828 3420; x_wconf 91' lang='lat' dir='ltr'><strong>liberos</strong></span> 
     </span>
     <span class='ocr_line' id='line_1_40' title="bbox 133 3451 1829 3518; baseline -0.002 -16"><span class='ocrx_word' id='word_1_323' title='bbox 133 3455 330 3518; x_wconf 87' lang='lat' dir='ltr'><strong>peperit</strong></span> <span class='ocrx_word' id='word_1_324' title='bbox 373 3457 424 3503; x_wconf 89' lang='lat' dir='ltr'><strong>iu</strong></span> <span class='ocrx_word' id='word_1_325' title='bbox 471 3456 671 3505; x_wconf 89' lang='lat' dir='ltr'><strong>choreis</strong></span> <span class='ocrx_word' id='word_1_326' title='bbox 720 3455 976 3506; x_wconf 80' lang='lat' dir='ltr'><strong>dumtaxat</strong></span> <span class='ocrx_word' id='word_1_327' title='bbox 1021 3458 1266 3518; x_wconf 87' lang='lat' dir='ltr'><strong>decoros,</strong></span> <span class='ocrx_word' id='word_1_328' title='bbox 1315 3462 1538 3505; x_wconf 84' lang='lat' dir='ltr'><strong>ceterum</strong></span> <span class='ocrx_word' id='word_1_329' title='bbox 1585 3451 1829 3502; x_wconf 74' lang='lat' dir='ltr'><strong>imbelles.</strong></span> 
     </span>
    </p>
   </div>
  </div>
 </body>
</html>
