2124 3860
855 257 977 314 349

205 477 318 530 εἴθε
351 495 415 546 με
445 479 727 547 πυρφόρος
760 480 975 546 αἰθέρος
1007 481 1170 549 ἀστὴρ

206 587 271 598 -
436 590 502 597 -
678 558 981 624 ἐξολέσειεν·

208 639 275 691 οὐ
308 639 410 706 γὰρ
446 639 514 691 ἔτ’
549 641 829 694 ἀθανάταν
862 644 1037 709 φλόγα
1069 643 1306 695 λεύσσειν

205 719 347 772 ἐστὶν
380 720 496 786 ἐμοὶ
530 722 706 787 φίλον,
742 722 813 783 ὡς
944 752 1006 761 -
1171 751 1235 761 ..-

205 802 507 869 λαιμότμητ’
542 805 640 870 ἄχη
675 803 961 868 δαιμόνων,
998 801 1185 855 αἰόλαν

206 881 419 934 νέκυσιν
454 880 539 934 ἔπι
571 885 809 948 πορείαν.

205 965 343 1014 Haec
375 965 610 1014 finiuntur
653 969 825 1016 matris
858 967 1096 1027 adventu,
1132 982 1285 1030 quae,
1322 981 1433 1014 cum
1467 981 1641 1015 caussa
1673 966 1741 1018 sit

74 1046 311 1112 perniciei
357 1046 513 1106 filiae,
564 1046 632 1094 nil
678 1048 771 1095 nisi
818 1047 984 1095 inanes
1020 1063 1187 1095 secum
1229 1046 1392 1095 adfert
1435 1048 1660 1110 querelas
1672 1047 1739 1112 *),

73 1127 230 1176 Simul
262 1142 318 1175 se
351 1127 460 1192 ipsa
492 1134 716 1189 accusat,
753 1129 883 1190 quod
911 1127 1171 1176 insolentia
1210 1127 1352 1187 elata,
1386 1126 1583 1176 ferente
1606 1126 1740 1177 forte

73 1207 346 1263 occasione,
383 1206 623 1255 Nereidas
658 1207 958 1256 lacessierit:

204 1285 575 1347 „Muliebre
603 1288 962 1352 ingenium,
982 1286 1392 1352 prolubium,
1420 1285 1740 1335 occasio?

70 1365 188 1415 Inde
221 1366 392 1414 imbris
426 1367 579 1415 instar
612 1367 790 1415 molem
826 1366 1064 1415 malorum
1099 1383 1125 1414 a
1162 1367 1253 1414 diis
1296 1367 1565 1415 immissam
1600 1382 1738 1416 essex

202 1444 399 1507 „Cum
431 1447 741 1496 minxerit
777 1448 1180 1496 coelestium
1215 1447 1450 1495 molem
1484 1445 1693 1495 mihi?

70 1525 252 1576 Contra
286 1525 518 1591 Cepheus
555 1543 651 1576 non
677 1545 731 1576 se
758 1529 968 1576 otiosum
997 1533 1330 1592 spectatorem
1355 1527 1614 1591 praebere,
1649 1528 1740 1577 sed

69 1606 288 1655 exercitu
310 1607 523 1655 adducto
548 1608 760 1656 belluam
785 1610 834 1657 in
861 1609 1099 1672 virginem
1121 1606 1434 1656 invadentem
1465 1623 1527 1655 ex
1547 1607 1737 1655 insidiis

68 1702 389 1750 aggressurus
424 1692 503 1736 est
517 1683 614 1751 **).
681 1688 854 1752 Itaque
885 1690 1098 1752 primum
1132 1703 1363 1746 uxorem,
1414 1688 1737 1750 impotentem

68 1767 321 1815 mulierem
357 1771 407 1814 et
439 1767 670 1815 secundis
704 1769 910 1832 perinde
934 1774 1079 1831 atque
1104 1768 1320 1816 adversis
1345 1767 1491 1815 rebus
1518 1766 1736 1815 ferendis

66 1847 331 1910 imparem,
375 1852 570 1908 monet,
617 1854 670 1896 ut
705 1848 867 1897 missis
900 1848 1128 1898 lamentis
1163 1848 1361 1896 domum
1397 1864 1452 1897 se
1484 1847 1736 1896 conferat:

198 1962 234 1987 „
259 1925 469 1976 Multa·
511 1928 768 1994 iniquo,
813 1929 1078 1987 mulier,
1128 1929 1344 1976 animo
1381 1927 1514 1976 sibi
1559 1927 1735 1976 mala

862 2024 989 2056 aaa·
1006 2025 1108 2056 ere
1140 2012 1210 2056 in
1243 2008 1464 2063 malie,

203 2087 464 2150 Quibus
512 2094 767 2138 natura
807 2105 1023 2155 prava
1071 2089 1310 2153 magia,
1360 2103 1547 2154 quam
1584 2088 1736 2151 fors

860 2175 978 2217 aut
997 2171 1071 2232 f⁰
1090 2175 1315 2228 ντιιηα,
1365 2166 1635 2232 obfuit.”

65 2247 255 2297 Deinde
288 2262 316 2295 a
340 2246 547 2307 Phineo‚-
578 2248 730 2297 fratre
755 2264 863 2307 suo,
898 2248 1173 2311 eodemque
1193 2248 1390 2313 virginis
1413 2245 1736 2312 sponso*²‘⁴‘)‚

63 2327 313 2394 postulat,
373 2331 430 2376 ut
489 2328 551 2376 ad
607 2328 910 2376 liberandam
958 2328 1320 2376 Andromedam
1367 2328 1635 2376 exercitum
1684 2334 1737 2377 et

65 2409 174 2472 ipse
205 2408 416 2456 adducat
461 2413 513 2456 et
558 2409 840 2457 certaminis
875 2409 1147 2473 periculum
1182 2409 1502 2457 communiter
1534 2408 1735 2457 subeat:

197 2486 408 2549 „Nisi
481 2488 641 2554 quid
695 2490 1021 2553 facultas
1102 2495 1220 2536 tua
1286 2488 1469 2536 tulat
1548 2487 1734 2536 nobis

855 2585 929 2634 op
945 2585 973 2617 e
984 2565 1087 2619 m.”

65 2647 138 2711 lbi
170 2647 321 2694 homo
355 2646 563 2704 infidus,
613 2649 812 2712 ignavus
859 2649 1160 2711 timidusque
1195 2647 1360 2695 nescio
1393 2647 1508 2711 quid
1543 2647 1622 2696 vel
1655 2663 1731 2697 re-

65 2728 258 2794 ligionis
304 2726 382 2776 vel
426 2727 728 2778 difficultatis
762 2730 1031 2794 praetexit,
1080 2743 1225 2792 quam
1272 2726 1442 2776 officio
1487 2743 1578 2777 suo
1612 2727 1733 2777 dicit

65 2809 263 2858 obstare
278 2824 293 2855 ε

117 3004 166 3058 >¹³)
196 3002 326 3046 ovid.
355 3003 464 3045 Met.
494 3001 601 3050 691:

587 3075 790 3130 „genitor
819 3075 1014 3132 lugubris
1044 3081 1084 3116 et
1116 3088 1259 3117 amens

346 3145 488 3185 Mater·
517 3145 652 3197 adest,
686 3146 806 3187 ambo
836 3147 993 3195 miseri,
1023 3145 1097 3186 scd
1127 3145 1278 3187 iustius
1306 3145 1421 3189 ille.’'

89 3213 166 3268 Μ)
194 3214 412 3256 Lucianus
442 3216 471 3256 l.
503 3216 561 3256 l.:
606 3210 634 3269 ἢ
670 3210 694 3259 ὁ
727 3212 936 3270 Κηφεύς,
975 3212 1188 3272 καθάπερ
1220 3215 1379 3273 δέλεαρ
1409 3215 1602 3273 προθεὶς
1643 3211 1729 3270 τὴν

201 3283 355 3342 κόρην,
386 3283 652 3329 ἀπέκτεινεν
682 3283 836 3339 ἐπιών,
865 3284 1060 3342 λοχήσας
1087 3283 1200 3340 μετὰ
1229 3290 1398 3343 πολλῆς
1425 3284 1687 3341 δυνάμεωςς

63 3355 170 3408 Μ)
200 3355 405 3410 Αμοιιοιι.
434 3356 491 3406 ιι,
523 3355 563 3407 1,
596 3353 637 3396 4.
