2170 3848
1144 230 1265 286 17⁰

387 393 511 442 quae
556 391 652 425 uon
693 375 888 438 possint
937 377 1128 426 ostendi
1173 377 1464 441 praesentia.
1531 378 1850 429 Simulacrum
1884 379 2038 429 Athe-

387 473 472 507 nas
506 455 744 520 reportari
792 457 996 520 primum
1033 461 1139 505 est:
1192 457 1337 505 huius
1377 457 1451 505 rei
1490 473 1664 508 caussa
1698 465 1927 523 suscepta
1960 464 2038 508 est

385 535 653 598 navigati03
697 535 842 583 huius
884 536 1063 585 laboris
1110 536 1268 599 pretio
1321 544 1369 584 et
1402 537 1572 584 morbo
1605 538 1839 588 liberatur
1870 543 1923 588 et
1956 554 2038 587 so-

384 630 547 664 rorem
581 614 760 679 recipit
794 615 1027 675 Orestes3
1071 617 1168 665 hoc
1202 616 1368 664 volens
1404 615 1553 663 Diana
1589 618 1649 665 ad
1683 616 1873 667 'l'auros
1908 618 2037 683 lphi-

383 695 576 759 geniam
609 695 957 755 transtulerat3
1002 697 1049 744 in
1082 696 1176 744 hac
1211 711 1264 743 re
1299 695 1577 744 necessario
1613 697 1831 761 epilogus
1862 698 2036 746 immo-

382 780 534 824 ratur.

511 854 678 902 Rebus
726 853 875 918 igitur
925 854 1132 917 cognitis
1165 852 1333 902 Thoas
1369 858 1418 902 et
1452 854 1647 918 equites
1683 859 1736 904 et
1768 870 1939 905 navem
1975 854 2036 904 ad

382 932 752 999 persequendos
786 933 931 980 simul
979 939 1107 981 terra
1142 934 1357 995 marique
1391 934 1612 997 hospites
1646 950 1860 1000 propere
1893 934 2038 984 emit-

382 1015 465 1076 tit,
498 1012 696 1061 famulis
729 1018 889 1060 autem
924 1012 1207 1073 sacerdotiS‚
1246 1019 1297 1060 nt
1331 1014 1567 1075 consciis,
1599 1029 1782 1078 poenas
1813 1015 2039 1064 minatur.

382 1094 535 1142 Cuius
590 1093 709 1140 iram
754 1091 1090 1155 impetumque
1136 1091 1358 1140 Minerva
1412 1093 1739 1141 interveniens
1795 1092 2038 1158 reprimit,

380 1172 619 1236 simulque
653 1186 850 1219 cursum
888 1170 1055 1219 Oresti
1091 1189 1177 1218 sno
1214 1179 1384 1233 rogatu
1421 1188 1449 1219 a
1483 1172 1712 1237 Neptuno
1746 1187 2035 1221 concessum

378 1268 491 1302 esse
537 1250 743 1300 nuntiat.
823 1249 949 1298 Tum
997 1251 1190 1312 Oresti,
1253 1267 1457 1313 quorum
1502 1252 1833 1301 institutorum
1880 1251 2036 1300 Athe-

378 1331 629 1381 niensibus
665 1335 835 1378 auctor
868 1346 980 1378 esse
1014 1331 1219 1392 debeat,
1272 1331 1489 1394 quamvis
1538 1332 1632 1379 iam
1681 1331 1854 1396 procul
1901 1329 2034 1379 navi-

377 1411 525 1475 ganti,
560 1410 808 1474 praecipit.
876 1409 1054 1458 Partim
1090 1411 1217 1459 enim
1255 1410 1438 1459 cultum
1465 1409 1587 1458 deae
1610 1410 1907 1460 Brauroniae
1931 1410 2036 1458 sive

387 1488 739 1553 Ταυροπόλου
790 1489 1140 1538 instituendum
1173 1505 1312 1548 esse,
1360 1491 1538 1554 partim
1577 1490 1734 1555 legem
1771 1489 2033 1554 Areopagi,

375 1588 469 1635 qua
502 1570 810 1619 absolvantur
843 1570 1120 1633 quicunque
1153 1570 1286 1632 paria
1321 1569 1453 1617 nacti
1489 1571 1589 1617 sint
1623 1569 1883 1634 suffragia,
1919 1584 2032 1616 san·

377 1651 614 1700 ciendam.
682 1647 903 1711 Denique
954 1647 1161 1695 feminas
1198 1647 1412 1717 Graecas
1463 1666 1491 1697 a
1524 1649 1750 1697 Thoante
1781 1647 2034 1697 dimitten-

376 1731 464 1780 das
499 1743 612 1776 case
645 1727 806 1788 docet,
842 1730 892 1775 et
926 1728 1061 1776 iubet
1095 1743 1177 1775 eas
1211 1726 1340 1774 idem
1368 1728 1710 1786 ministerium,
1744 1742 1840 1791 quo
1873 1726 2035 1777 adhue

374 1812 500 1860 inter
534 1809 767 1857 barbaros
800 1807 999 1855 functae
1026 1807 1139 1866 sint,
1175 1808 1300 1855 inter
1323 1807 1510 1854 Atticos
1535 1807 1701 1855 facere
1723 1821 1945 1855 reversas
1961 1803 2030 1867 ¹⁸).

375 1891 469 1940 His
514 1888 689 1937 auditis
734 1891 992 1950 postquam
1029 1885 1195 1934 Thoas
1243 1902 1298 1934 se
1331 1886 1533 1934 deorum
1580 1886 1813 1934 voluntati
1843 1884 2032 1950 paritu-

373 1986 487 2020 rum
519 1983 631 2017 esse
665 1967 785 2014 dixit
817 1966 1161 2028 facturumque
1195 1981 1511 2028 quaecunque
1534 1965 1754 2014 Minerva
1787 1964 2031 2026 iussisset,

373 2050 498 2098 haec
547 2063 602 2095 se
649 2045 879 2094 comitem
922 2046 1114 2093 itineris
1164 2044 1330 2093 Oresti
1379 2045 1487 2093 fore
1543 2045 1799 2108 ipsamque
1844 2043 2031 2092 sororis

373 2144 492 2177 suae
525 2126 836 2175 simulacrum
883 2126 928 2173 in
961 2125 1131 2173 urbem
1180 2140 1316 2172 suam
1365 2124 1685 2172 deducturum
1733 2138 1845 2171 esse
1886 2121 2029 2186 polli-

374 2211 542 2265 cetur3
578 2206 758 2254 chorus
793 2209 955 2253 autem
991 2205 1154 2252 fausta
1174 2196 1599 2268 proficiscentibus
1624 2207 1902 2267 precatur:-
1920 2200 2027 2265 qui-

374 2289 466 2337 bus
501 2286 644 2333 dictis
679 2299 849 2332 omnes
885 2284 1156 2332 discedunt.

505 2365 700 2413 Primus
737 2362 999 2427 Euripides
1035 2363 1161 2411 hanc
1187 2362 1436 2410 materiam
1462 2361 1778 2410 concinnasse
1803 2360 2025 2410 videtur·

372 2446 565 2499 Aulidev
587 2443 744 2505 enim,
789 2460 882 2492 non
918 2442 1094 2491 Tauris
1129 2446 1295 2505 gestas
1329 2458 1410 2490 res
1446 2441 1718 2504 Aeschylus
1752 2446 1902 2503 atque
1934 2439 2036 2489 So-.

368 2526 573 2594 phocles
621 2528 1007 2588 composuerant.
1095 2521 1277 2570 Contra
1325 2520 1589 2585 Sophocli,
1639 2537 1751 2569 cum
1797 2519 2027 2568 Electrae

369 2622 627 2672 personam
664 2603 939 2665 effingeret,
975 2601 1223 2667 Iphigenia
1259 2601 1505 2664 Euripidis
1540 2601 1601 2648 ob
1636 2600 1803 2647 oculos
1831 2603 2027 2647 versata

371 2703 484 2736 esse
503 2685 706 2745 videtur,
742 2683 979 2747 siquidem
1009 2689 1143 2730 recte
1179 2680 1390 2728 Schoell.
1426 2680 1499 2742 (in
1523 2679 1674 2742 Soph.
1694 2679 1792 2727 vita
1817 2694 1864 2741 p.
1884 2675 2023 2740 254.)

370 2771 483 2831 post
508 2763 585 2812 Ol.
610 2765 689 2824 90,
716 2766 763 2812 2.
801 2764 931 2810 illam
965 2762 1174 2809 fabulam
1211 2760 1440 2822 scriptam
1477 2775 1589 2806 esse
1623 2757 1897 2821 suspicatus
1932 2759 2024 2805 est.

369 2846 579 2895 Secutus
612 2849 690 2891 est
723 2841 1007 2906 Euripidem
1045 2840 1302 2903 Polyidus,
1349 2839 1412 2886 de
1446 2854 1542 2902 quo
1577 2837 1748 2886 retulit
1779 2836 2024 2885 Aristote-

370 2926 443 2974 les
470 2924 605 2972 Poet.
644 2939 685 2970 c.
726 2924 806 2978 16,
845 2924 891 2969 6.
920 2927 970 2970 et
998 2923 1076 2981 17,
1105 2921 1274 2967 4-5.
1356 2917 1514 2966 Huius
1563 2918 1626 2966 de
1674 2917 1891 2965 dramate
1937 2928 2023 2963 ex·-

425 3132 475 3187 >l²)
503 3132 603 3173 Hoc
635 3129 894 3171 mulieribus
932 3127 1039 3183 ipsis
1067 3141 1094 3169 a
1122 3127 1326 3170 Minerva
1363 3126 1565 3169 mandari
1603 3129 1645 3168 et
1672 3137 1725 3166 ex
1750 3122 2022 3176 reliquorum

509 3201 815 3243 mandatorum
854 3198 1137 3240 similitudine
1177 3201 1220 3239 et
1257 3212 1310 3239 ex
1347 3197 1427 3252 iis,
1468 3210 1580 3251 quae
1619 3193 1811 3236 feminae
1839 3204 2022 3246 respon-

510 3272 625 3323 dent,
654 3269 936 3325 intelligitur:
1266 3325 1272 3331 ·
1350 3313 1357 3318 ,

621 3339 912 3397 δράσομεν
942 3333 1147 3388 οὕτως,
1177 3332 1246 3386 ὥς
1277 3333 1340 3379 σύ
1370 3333 1649 3384 κελεύεις.

512 3411 742 3454 Minervae
771 3409 890 3452 euim
916 3409 1056 3453 verba
1083 3407 1409 3451 interciderunt.
