2170 3866
923 269 1048 330 527

142 425 264 487 dos,
313 428 368 474 ut
415 436 594 488 parum
629 421 786 484 absit,
830 420 951 486 quin
997 421 1048 470 in
1078 417 1465 468 ostentationem
1501 418 1682 468 abeant
1710 431 1843 482 quae

147 505 213 556 de
246 505 375 554 vitae
408 519 531 553 suae
563 502 790 551 instituto
823 500 1046 551 Achilles
1083 498 1304 562 exponit.
1371 497 1762 561 Verumtamen,
1796 499 1844 549 si

144 573 265 652 quid
312 571 573 650 peccatum
608 587 715 644 est,
758 583 812 632 id
858 581 1142 631 continetur
1175 595 1266 640 eo,
1313 580 1445 644 quod
1484 581 1651 645 ipsum
1685 579 1752 630 de
1783 595 1844 630 se

143 667 273 716 fecit
306 666 427 715 talia
459 663 852 729 praedicantem,
887 660 1080 725 qualia,
1116 661 1158 709 si
1191 660 1270 709 vel
1301 660 1730 725 Clytaemnestrae
1762 659 1846 709 vel

145 745 290 796 chori
309 747 412 794 'bre
444 743 908 808 pronuntiarentur,
953 741 1182 790 molestia
1218 746 1462 791 carerent.
1529 741 1643 791 Hoc
1675 747 1845 790 autem

146 828 252 892 egit
284 826 585 890 Euripides,
629 828 713 884 ut,
758 840 911 888 quum
945 822 1146 872 Atridas
1182 825 1241 869 ut
1274 822 1525 871 ambitioni
1558 837 1616 870 ac
1651 820 1846 870 libidini

145 913 379 973 parentes
426 910 652 954 notasset
696 907 748 953 et
797 904 1219 969 Agamemnonem
1264 902 1511 967 imprimis
1562 902 1846 952 effinxisset

146 1003 323 1053 parum
372 985 711 1035 sufficientem
757 984 902 1045 moli,
951 999 1102 1048 quam
1146 983 1388 1048 regnandi
1431 983 1614 1032 ductus
1649 981 1845 1046 cupidi-

147 1075 252 1116 tate
285 1066 626 1131 suscepisset,
671 1064 753 1114 his
788 1081 851 1113 ex
884 1064 1092 1113 adverso
1127 1068 1337 1128 poneret
1370 1079 1635 1128 personam
1668 1062 1846 1113 Achil-

145 1147 207 1196 lis
241 1148 532 1196 instructam
566 1146 628 1194 iis
673 1146 966 1206 virtutibuS,
1013 1144 1193 1208 quibus
1240 1143 1325 1208 qui
1366 1143 1556 1209 pollent
1600 1143 1695 1192 soli
1727 1157 1846 1193 con-

146 1229 375 1277 stantiam
409 1242 626 1287 servare,
661 1226 759 1274 soli
793 1225 888 1274 sibi
923 1225 1130 1288 aliisque
1162 1228 1304 1272 recte
1331 1225 1580 1287 imperare
1618 1229 1848 1287 possunt,

145 1313 200 1356 et
230 1307 561 1371 principatum
595 1321 769 1354 revera
805 1305 1062 1364 obtinent,
1095 1320 1194 1353 non
1226 1303 1401 1368 populi
1435 1302 1713 1369 suffragiis,
1750 1302 1846 1353 sed

145 1392 322 1437 natura
354 1386 568 1450 imperio
611 1384 840 1450 praediti.

277 1465 466 1515 Merito
512 1464 627 1513 talis
690 1465 780 1512 viri
825 1469 1063 1528 tanquam
1110 1465 1193 1514 dei
1228 1463 1465 1512 auxilium
1515 1465 1578 1514 ab
1625 1463 1848 1526 afflictis,

146 1545 232 1612 qui
276 1545 471 1595 insidiis
517 1545 877 1594 sceleratorum
916 1545 1396 1605 circumveniuntur,
1444 1544 1506 1592 ad
1541 1560 1702 1609 genua
1735 1545 1846 1596 eius

144 1634 378 1691 tanquam
448 1641 584 1674 aram
643 1623 1075 1688 confugientibus,
1146 1625 1462 1690 imploratur.
1562 1625 1630 1674 Et
1689 1626 1848 1675 multo

146 1723 294 1771 quam
329 1705 417 1767 dii,
453 1721 581 1770 quos
614 1705 791 1769 vulgus
827 1704 1007 1767 credit,
1042 1707 1312 1771 sapientior
1346 1711 1440 1755 est.
1508 1705 1736 1767 „Idem,''
1770 1707 1848 1756 in·

148 1787 282 1852 quit,
316 1802 382 1848 „a
415 1802 497 1834 me
541 1784 890 1851 impetrabitis,
937 1787 1040 1834 sive
1074 1787 1421 1852 supplicabitis
1458 1787 1581 1835 mihi
1614 1788 1719 1836 sive
1751 1787 1848 1836 mi-

150 1883 246 1916 nus
282 1865 678 1928 supplicabitis.'’
733 1865 903 1929 Itaque
924 1881 1023 1915 non
1049 1867 1209 1916 solum
1245 1867 1545 1917 abstinentia
1575 1871 1719 1916 tanta
1752 1871 1849 1930 est,

148 1954 205 1999 ut
237 1948 530 1997 adolescens
563 1946 771 2012 virginis
806 1947 1049 2010 adspectu
1082 1948 1259 1997 dolore
1289 1947 1529 1997 confusae
1552 1964 1729 1997 carere
1761 1964 1848 1998 ve-

148 2030 231 2089 lit,
267 2027 356 2077 sed
392 2027 543 2076 etiam
577 2026 913 2091 generositate
945 2033 1106 2087 tanta,
1142 2034 1199 2076 ut
1233 2028 1414 2091 pudori
1450 2027 1722 2091 decorique
1754 2028 1851 2077 mi-

148 2125 373 2158 serorum
408 2107 542 2155 ultro
578 2107 807 2155 consulat
819 2123 835 2166 3
885 2106 1018 2156 idem
1053 2109 1267 2172 denique
1300 2114 1435 2158 tanta
1466 2108 1758 2173 prudentia,
1792 2114 1851 2159 ut

147 2189 356 2239 consilio
390 2186 530 2252 prius
564 2203 711 2252 quam
743 2188 789 2236 vi
817 2203 900 2235 res
935 2192 1152 2237 tractare
1188 2190 1464 2238 constituat
1482 2204 1647 2253 neque
1672 2204 1850 2254 pacem

147 2274 202 2320 et
235 2267 556 2318 concordiam
587 2273 782 2316 temere
814 2268 1148 2332 interpellare.

280 2349 424 2398 Haec
459 2348 647 2412 excipit
672 2347 856 2397 chorus
892 2348 1119 2397 omnibus
1140 2348 1364 2398 numeris
1390 2348 1850 2415 praestantissimus
1897 2409 1899 2411 V

147 2430 383 2493 idemque
399 2430 550 2478 rebus
582 2429 1093 2479 convenientissimus,
1141 2428 1309 2493 Imago
1336 2430 1633 2494 exprimitur
1649 2429 1848 2493 nuptia-

149 2524 260 2558 rum
292 2507 525 2557 Thetidis
546 2508 954 2569 laetissimarum,
992 2509 1217 2556 cantibus
1248 2509 1526 2568 Musarum,
1565 2509 1851 2573 epulatione

149 2588 388 2648 deorum,
433 2587 693 2638 saltatione
725 2588 999 2637 Nereidum
1042 2589 1325 2639 illustrium.
1396 2588 1522 2636 Cum
1556 2589 1651 2638 hac
1685 2589 1850 2637 festo-

152 2684 264 2718 rnm
298 2667 488 2716 laetitia
522 2669 720 2718 miseria
756 2669 1075 2733 componitur
1110 2668 1425 2732 Iphigeniae,
1468 2685 1615 2733 quam
1650 2670 1847 2733 nuptia-

150 2750 261 2797 rum
295 2748 502 2811 obtentu
548 2751 837 2798 arcessitam
875 2749 1059 2798 Graeci
1107 2749 1169 2797 ad
1218 2765 1352 2797 aram
1386 2765 1478 2813 pro
1512 2749 1710 2798 victima
1744 2754 1849 2798 tra·

152 2829 282 2878 cturi
325 2833 440 2877 sunt
487 2844 545 2875 ac
591 2827 826 2879 iuvencae
867 2831 1026 2879 instar
1073 2829 1340 2894 iugulaturi
1385 2830 1572 2896 regiam
1606 2830 1848 2893 virginem

150 2909 435 2974 principum
480 2908 696 2957 virorum
729 2911 1054 2960 matrimoniis
1091 2910 1407 2961 destinatam.
1476 2909 1637 2959 Simul
1672 2909 1848 2959 laudes

151 2988 363 3038 Achillis
399 2988 778 3051 praedicantur,
823 2991 965 3040 cuius
1001 2996 1216 3055 quantae
1251 2995 1422 3040 essent
1453 2990 1657 3039 futurae
1691 2990 1848 3039 virtu-

151 3075 231 3118 tes
275 3075 559 3131 quantaque
605 3069 792 3131 gloria,
845 3071 1025 3136 Apollo
1075 3071 1324 3135 quondam
1371 3087 1485 3120 cum
1530 3069 1752 3120 Chirone
1794 3074 1849 3120 et

153 3148 416 3197 Centauris
449 3147 500 3195 in
536 3147 948 3212 splendidissimis
983 3151 1158 3200 matris
1192 3151 1376 3216 nuptiis
1408 3151 1607 3200 cecinit.

287 3227 508 3293 Sperans
568 3227 906 3292 Agamemnon
964 3230 1122 3280 licere
1180 3232 1275 3280 sibi
1318 3232 1472 3280 filiam
1513 3232 1734 3294 ignaram
1783 3228 1846 3278 ab

154 3308 324 3371 ignara
348 3314 507 3356 matre
521 3307 584 3356 ad
605 3323 764 3370 sacra,
792 3326 920 3374 quae
936 3310 1174 3376 nuptialia
1197 3311 1355 3375 fingit,
1379 3311 1645 3370 abducere,
1668 3308 1849 3358 fraude

154 3388 352 3438 detecta
386 3387 711 3438 convincitur.
779 3390 1158 3441 Accusationem
1185 3396 1328 3455 parat
1350 3406 1491 3453 uxor,
1525 3390 1723 3454 virginis
1758 3403 1848 3438 ore
