2170 3866
898 269 1022 329 573

90 419 187 469 hus
230 416 465 467 Sillacem
512 415 730 469 ministri
776 418 911 484 regis
953 420 1093 469 iussu
1139 418 1412 471 invitarunt
1451 420 1517 471 ad
1550 422 1793 474 accuban-

92 499 247 560 dum,
280 498 426 548 Iason
459 502 654 560 autem,
687 498 869 548 tradita
903 499 987 549 uni
1021 500 1087 550 de
1120 500 1284 550 mimis
1318 499 1532 551 Penthei
1562 517 1796 567 persona,

94 579 344 645 corripuit
378 584 532 643 caput
567 578 738 628 Crassi
773 584 826 628 et
860 596 972 629 cum
1005 580 1220 629 fanatica
1267 581 1494 647 corporis
1526 579 1796 634 iactatione

95 660 316 709 carmina
349 659 435 707 illa
468 658 640 708 furens
681 675 964 723 canensque
999 660 1223 726 peregit:

230 736 467 805 φέρομεν
501 734 554 799 ἐξ
588 739 755 803 ὄρεος,
776 734 923 792 ἕλικα
956 738 1216 804 νεότομον

230 816 317 870 ἐπὶ
349 816 610 885 μέλαθρα,
645 818 918 885 μακαρίαν
950 820 1149 887 θήραν,
1699 864 1708 875 ,

97 900 280 965 quibus
314 916 487 950 omnes
533 901 770 951 oblectati
810 907 939 953 sunt.
1008 902 1175 965 Quum
1209 915 1330 951 vero
1362 915 1490 965 quae
1522 905 1799 967 sequuntur

99 981 383 1032 alternatim
420 997 534 1030 cum
570 981 722 1030 choro
758 990 1102 1033 cantarentur:

236 1059 319 1121 τίς
353 1056 673 1126 ἐφόνευσενς

235 1137 367 1207 ἐμὸν
399 1137 531 1206 ἐμὸν
563 1140 624 1192 τὸ
658 1139 818 1208 γέρας
852 1169 918 1179 -

102 1222 173 1271 ibi
207 1225 441 1273 exsiliens
476 1223 885 1284 Pomaxaethres,
919 1222 1005 1288 qui
1037 1239 1135 1273 una
1168 1223 1425 1286 coenabat,
1464 1223 1802 1291 apprehendit

102 1309 283 1368 caput,
318 1304 457 1367 quasi
493 1304 589 1352 sibi
621 1304 717 1352 ista
751 1291 947 1365 dicere,
985 1320 1132 1368 quam
1166 1303 1255 1365 illi,
1290 1305 1459 1370 potius
1494 1306 1802 1358 conveniret.

103 1383 216 1433 Rex
259 1390 425 1432 autem
459 1383 623 1431 laetus
657 1383 790 1432 hunc
825 1383 1025 1447 quidem
1060 1385 1222 1449 patrio
1257 1400 1400 1434 more
1433 1386 1595 1449 auxit,
1639 1383 1803 1437 Iasoni

103 1469 271 1513 autem
305 1463 546 1512 talentum
579 1463 786 1527 largitus
822 1463 952 1514 est.''

239 1542 406 1592 Etiam
443 1559 506 1592 ex
538 1542 900 1592 imitationibus
936 1547 1119 1608 quanta
1152 1543 1310 1593 fuerit
1333 1543 1590 1610 Euripidis
1625 1550 1803 1598 aucto-

102 1623 225 1675 ritas
268 1623 579 1688 intelligitur.
658 1622 930 1672 Maximam
979 1625 1282 1688 tragicorum
1324 1631 1519 1689 partem
1562 1627 1658 1676 iam
1690 1627 1803 1679 vivo

103 1703 351 1768 Euripide
385 1702 536 1751 huius
570 1703 779 1766 vestigia
814 1704 1082 1768 pressisse,
1130 1709 1237 1753 tum
1271 1721 1426 1770 genus
1461 1707 1659 1756 dicendi
1692 1712 1801 1758 tum

105 1784 388 1834 nniversam
424 1783 697 1832 carminum
734 1790 894 1833 artem
916 1784 1212 1848 imitantem,
1245 1785 1611 1852 Aristophanes
1630 1791 1802 1840 osten-

106 1863 182 1914 dit
213 1863 357 1913 hisce
389 1863 555 1912 verbis
591 1864 740 1924 (Ran.
774 1866 913 1924 99.):

239 1944 447 1994 οὔκουν
481 1941 612 2009 ἕτερ’
649 1941 751 1994 ἔστ’
786 1941 1028 1996 ἐνταῦθα
1059 1942 1404 2009 μειρακύλλια

235 2022 539 2090 τραγῳδίας
571 2028 839 2077 ποιοῦντα
871 2028 1023 2077 πλεῖν
1055 2025 1089 2093 ἢ
1123 2024 1292 2090 μύρια

239 2104 549 2171 Εὐριπίδου
583 2108 737 2158 πλεῖν
769 2106 803 2174 ἢ
838 2106 1036 2175 σταδίῳ
1073 2106 1365 2171 λαλίστερα.

106 2186 219 2236 Usu
252 2188 382 2236 enim
419 2188 554 2236 venit
585 2188 708 2238 illud
740 2189 961 2239 Horatii:
1012 2189 1209 2254 Decipit
1243 2189 1497 2253 exemplar
1528 2189 1660 2240 vitiis
1694 2190 1807 2241 imi·

105 2267 279 2338 tabile.
362 2267 602 2316 Ceterum
649 2285 798 2332 quam
842 2269 1054 2318 difficile
1100 2269 1254 2318 fuerit
1296 2270 1570 2319 iunioribus
1617 2288 1646 2321 a
1678 2271 1806 2322 tanti

106 2347 202 2396 viri
235 2347 461 2411 potentia
493 2363 549 2395 se
583 2348 634 2397 in
668 2348 950 2398 libertatem
981 2350 1249 2407 vindicare,
1282 2350 1627 2416 Aristophanis
1648 2353 1806 2417 ipsius

104 2427 335 2491 exemplo
373 2427 670 2488 ostenditur,
720 2429 805 2492 qui
838 2445 951 2477 cum
987 2430 1036 2479 in
1070 2429 1320 2478 contrario
1354 2445 1570 2494 poeseos
1617 2447 1806 2497 genere

107 2506 412 2568 elaboraret,
465 2506 791 2557 imitationem
839 2509 975 2558 illius
1024 2509 1150 2558 adeo
1182 2525 1279 2558 nou
1313 2509 1474 2574 potuit
1519 2511 1704 2572 vitare,
1750 2515 1808 2561 ut

107 2584 777 2651 Εὐριπιδαριστοφανίζων
821 2604 848 2636 a
885 2588 1091 2638 Cratino
1125 2589 1465 2652 appellaretur
1510 2595 1563 2640 et
1609 2591 1670 2639 ab
1716 2590 1807 2641 illo

108 2667 430 2734 potissimum
466 2683 523 2716 se
555 2668 795 2717 didicisse
829 2669 1043 2717 rotundo
1080 2686 1167 2718 ore
1199 2670 1338 2734 loqui
1384 2669 1497 2735 ipse
1530 2670 1804 2721 fatereturz

109 2746 270 2796 schol.
304 2747 526 2796 Platonis
562 2747 726 2798 Clark.
775 2766 821 2813 p.
856 2751 969 2798 330.
1018 2749 1200 2798 Belum
1240 2743 1629 2816 Ἀριστοφάνης
1673 2747 1806 2803 ἐκω-

110 2825 341 2896 μῳδεῖτο
388 2822 475 2877 ἐπὶ
519 2832 593 2894 τῷ
634 2828 894 2880 σκώπτειν
936 2825 1035 2895 μὲν
1068 2822 1391 2898 Εὐριπίδην,
1435 2833 1712 2898 μιμεῖσθαι
1753 2830 1804 2885 δ’

108 2906 292 2960 αὐτόν.
364 2908 638 2973 Κρατῖνος
671 2912 748 2972 (in
782 2910 1012 2975 Pytine):

239 3017 308 3028 -
372 2987 425 3039 τί
458 2986 516 3040 δὲ
553 2989 656 3050 σύ,·
687 2989 897 3055 κομψός
929 3007 1008 3049 τις
1042 2987 1218 3055 ἔροιτο
1252 2990 1465 3059 θεατής,

237 3066 680 3136 ὗπολεπτολόγος,
705 3070 1132 3138 γνωμοδιώκτης,
1148 3070 1805 3138 εύριπιδαριστοφανίζων.

103 3148 197 3204 καὶ
228 3148 390 3210 αὐτὸς
422 3148 480 3202 δὲ
520 3148 913 3218 ἐξομολογεῖται
946 3152 1188 3220 Σκήναις
1234 3151 1804 3220 καταλαμβανούσαις·

235 3231 445 3298 χρῶμαι
477 3229 582 3298 γὰρ
617 3231 790 3284 αὐτοῦ
822 3236 924 3285 τοῦ
957 3233 1220 3299 στόματος
1251 3235 1325 3305 τῷ
1360 3232 1690 3302 στρογγύλῳ,

231 3304 365 3373 τοὺς
393 3307 528 3373 νοῦς
560 3311 610 3364 δ’
644 3311 942 3378 ἀγοραίους
972 3305 1137 3382 ἧττον
1175 3313 1211 3382 ἢ
1244 3317 1444 3377 ’κεῖνος
1476 3314 1633 3366 ποιῶ.

102 3391 184 3444 Cf.
207 3393 392 3461 Bergk.
416 3395 571 3446 Arist.
598 3394 778 3460 fragm.
809 3413 861 3463 p.
887 3398 1002 3448 254.
1080 3395 1310 3447 Sordidis
1345 3397 1603 3448 sententiis
1644 3391 1803 3460 magis
