2170 3866
1125 304 1254 364 5311

337 466 467 505 esse.
536 450 727 501 Omnes
762 447 895 502 enim
930 448 1086 504 habet
1119 466 1384 514 numeros,
1431 467 1597 519 neque
1640 457 1740 507 ulla
1773 462 1914 508 caret
1945 458 2047 509 vir-

341 541 536 594 tutum,
583 532 965 597 quibuscunque
1000 533 1338 599 amplissimae
1375 533 1724 586 Demosthenis
1761 534 2045 588 Ciceronis-

339 627 437 678 que
483 613 737 663 orationes
783 620 986 663 ornatae
1036 619 1169 666 sunt.
1254 613 1379 675 Quis
1415 615 1565 679 igitur
1602 616 1876 677 dubitabit,
1927 619 2047 683 quin

338 694 477 742 ferro
513 699 564 741 et
597 692 821 743 hostium
856 694 1046 760 impetu
1093 693 1355 743 violentius
1401 700 1652 759 expugnet
1701 697 1901 747 dicendi
1934 699 2050 748 vis?

345 773 413 822 Et
449 775 804 837 Agamemnon,
840 773 884 822 si
921 773 1182 838 quicquam
1218 775 1268 823 in
1306 789 1368 823 eo
1405 774 1548 823 liberi
1582 776 1776 825 arbitrii
1803 778 2047 844 reliquum

343 861 507 911 esset,
558 869 654 900 non
689 859 866 919 posset
901 867 996 901 non
1033 854 1187 903 filiam
1225 871 1439 904 servare.
1511 855 1636 904 Nam
1671 857 1884 906 fractum
1934 871 2048 908 eum

341 933 517 981 dolore
568 942 621 981 et
667 934 1018 990 misericordia
1070 949 1183 983 esse
1241 934 1390 984 facile
1437 935 1743 999 intelligitur.
1825 937 1929 986 Sed
1965 938 2050 1002 qui

342 1013 536 1079 pridem
567 1027 665 1061 non
689 1013 943 1079 imperare
970 1013 1203 1073 subditis,
1234 1016 1326 1064 sed
1352 1031 1534 1080 parere
1557 1017 1890 1080 consueverit,
1926 1031 2050 1084 quo·

344 1094 494 1141 modo
530 1093 643 1141 fieri
678 1099 879 1159 potest,
931 1100 986 1142 ut
1036 1094 1078 1142 is
1113 1095 1458 1145 vehementius
1504 1094 1639 1144 filiae
1683 1097 1916 1162 precibus
1963 1102 2050 1147 aut

341 1174 512 1222 uxoris
549 1172 656 1233 ira,
696 1189 842 1238 quam
878 1174 1069 1224 invidia
1101 1177 1355 1240 armisque
1390 1176 1720 1225 multitudinis
1756 1177 2051 1226 moveatur?

341 1254 439 1316 Qui
475 1268 538 1302 ne
572 1253 840 1318 tranquillo
877 1255 1080 1318 quidem
1115 1256 1241 1304 mari
1277 1272 1478 1305 cursum
1512 1257 1760 1318 tenuerit,
1794 1257 2048 1321 quomodo

340 1340 512 1398 potest
557 1333 751 1398 sperari
814 1349 927 1382 eum
978 1335 1137 1383 ventis
1190 1337 1481 1400 urgentibus
1541 1336 1833 1386 obnisurum
1893 1338 2049 1387 unda-

340 1429 555 1478 rumque
590 1415 834 1478 impetum
872 1417 1253 1479 aspernaturum
1292 1416 1446 1464 esse?
1482 1415 1651 1479 ltaque
1682 1417 1854 1480 paucis
1882 1418 2048 1476 dictis,

342 1495 522 1558 quibus
570 1494 891 1557 desperatam
936 1508 1103 1542 rerum
1151 1494 1486 1544 conditionem
1531 1511 1770 1559 suamque
1806 1497 2046 1560 ignaviam

344 1574 621 1640 significat,
672 1573 890 1638 turpiter
922 1573 1080 1638 fugit,
1130 1574 1226 1622 hac
1260 1590 1359 1623 una
1391 1576 1441 1624 in
1475 1590 1532 1623 re
1568 1575 1872 1634 laudandus,
1913 1575 2047 1639 quod

343 1655 598 1719 patienter
643 1653 830 1702 tolerat
871 1668 1000 1716 quae
1035 1659 1230 1702 mutare
1265 1655 1454 1718 nequit.
1523 1654 1702 1720 Ingens
1738 1655 1869 1703 enim
1903 1654 2049 1705 furor

341 1735 570 1799 quidam,
605 1733 655 1782 id
692 1732 824 1797 quod
861 1733 1086 1782 Achilles
1122 1750 1319 1799 quoque
1353 1739 1596 1795 testatur,
1633 1734 1775 1798 quasi
1811 1735 2049 1784 divinitus

342 1813 627 1873 immissus,
665 1813 933 1862 exercitum
971 1814 1253 1862 universum
1289 1815 1492 1877 invasit,
1531 1814 1839 1880 flagrantque
1875 1830 2049 1865 omnes

343 1894 577 1959 cupidine
612 1893 886 1942 ulciscendi
923 1891 1306 1956 contumeliam,
1352 1895 1559 1944 finiendi
1604 1895 1867 1943 mulierum
1913 1894 2048 1960 rapi-

342 1989 467 2033 nas,
503 1974 706 2023 delendi
741 1973 1012 2034 barbaroS,
1061 1974 1238 2038 opibus
1273 1973 1534 2038 gloriaque
1568 1972 1782 2040 patriam
1818 1975 2049 2039 augendi.

343 2055 437 2103 His
473 2055 744 2104 intellectis
779 2054 1027 2118 simulque
1062 2055 1366 2103 necessitate
1399 2055 1643 2104 moriendi
1666 2057 1879 2120 cognita,
1913 2055 2049 2120 lphi-

343 2134 488 2199 genia
535 2135 644 2199 ipsa
689 2134 786 2183 iam
835 2135 1000 2183 minus
1047 2139 1242 2199 patrem
1293 2151 1440 2198 quam
1486 2135 1646 2184 fatum
1697 2151 1840 2184 suum
1886 2151 1916 2184 a
1951 2135 2047 2184 diis

344 2214 648 2263 destinatum
697 2221 929 2274 accusat,
978 2220 1033 2263 et
1079 2214 1336 2279 paullatim
1371 2215 1421 2263 in
1445 2228 1567 2263 ‘eam
1601 2216 1808 2264 vertitur
1842 2220 2046 2265 senten-

345 2294 497 2353 tiam,
543 2300 597 2340 ut
631 2308 724 2356 pro
767 2295 1018 2342 exercitus
1063 2294 1270 2341 victoria
1317 2295 1609 2356 patriaeque
1643 2295 1799 2357 gloria
1833 2299 2043 2343 mortem

347 2372 551 2422 fortiter
586 2373 684 2421 sibi
709 2372 1099 2421 occumbendum
1135 2387 1251 2420 esse
1285 2371 1538 2421 decernat.
1607 2372 1709 2421 Sed
1731 2374 1873 2422 initio
1897 2373 2044 2422 dolor

346 2469 524 2502 recens
561 2453 782 2516 querelis
819 2453 1111 2504 effunditur.
1182 2451 1383 2500 Cantico
1419 2453 1570 2516 igitur
1603 2459 1750 2502 utens
1787 2453 1926 2516 virgo
1949 2452 2045 2501 ini-

344 2535 586 2598 quitatem
633 2531 859 2582 fortunae
894 2534 1001 2581 sive
1056 2532 1263 2581 deorum
1312 2531 1556 2597 deplorat.
1638 2533 1904 2597 conspirat
1948 2533 2047 2582 hoc

349 2629 550 2662 carmen
587 2629 698 2661 cum
735 2614 891 2662 choro
926 2613 1114 2675 altero,
1162 2617 1403 2676 quatenus
1440 2612 1646 2662 libidine
1678 2613 1876 2662 Paridis
1910 2610 2048 2662 aliis·

348 2709 447 2758 que
497 2693 778 2756 longinquis
835 2709 1006 2742 rerum
1069 2692 1261 2741 caussis
1305 2693 1369 2740 ad
1414 2691 1616 2741 domum
1660 2691 2046 2756 Agamemnonis

350 2773 716 2837 pertinentibus
749 2773 1006 2822 interitum
1040 2772 1329 2837 Iphigeniae
1363 2773 1528 2836 parari
1562 2773 1800 2821 ostendit.

487 2854 566 2902 Ex
610 2853 1003 2919 demagogornm
1033 2853 1445 2911 aemulationibus
1485 2857 1592 2901 tum
1625 2851 1930 2916 reipublicae
1954 2851 2043 2900 ad-

351 2933 768 2982 ministrationem
799 2938 905 2982 tum
940 2932 1250 2996 singulorum
1299 2941 1488 2982 sortem
1534 2932 1758 2997 pendere
1802 2933 2043 2980 videmus.

347 3012 647 3062 obtrectans
682 3014 1040 3076 Agamemnoni
1075 3018 1127 3062 et
1157 3014 1585 3077 praestantissimo
1612 3012 1791 3076 cuique
1811 3011 2043 3076 Ulysses,

346 3093 590 3141 societate
637 3108 749 3141 cum
793 3099 906 3142 vate
938 3093 1088 3151 inita,
1138 3092 1279 3140 illum
1323 3091 1536 3157 imperio
1583 3091 1802 3156 spoliare
1853 3090 2040 3140 studet.

345 3172 510 3221 Huius
554 3173 746 3222 ambitu
795 3173 1034 3222 effectum
1070 3177 1178 3229 est,
1225 3177 1282 3220 ut
1314 3172 1459 3221 furor
1491 3171 1818 3220 multitudinis
1853 3171 1916 3218 ad
1949 3184 2042 3233 po-

345 3251 584 3301 scendam
631 3253 875 3301 victimam
920 3254 1299 3310 incenderetur,
1334 3252 1475 3300 cuius
1509 3251 1696 3300 furoris
1731 3265 1795 3299 ne
1827 3249 2041 3314 Myrmi-

344 3330 502 3380 dones
547 3331 750 3397 quidem
798 3333 1005 3382 Achillis
1041 3336 1273 3397 expertes
1309 3336 1438 3382 sunt.
1514 3332 1686 3395 ltaque
1731 3330 1842 3387 hic,
1890 3344 2041 3394 quum

342 3411 661 3462 dissuaderet
693 3408 1081 3462 immolationem
1114 3418 1169 3461 et
1199 3417 1413 3461 mortem
1446 3411 1651 3476 virginis
1690 3409 1789 3459 sibi
1820 3407 2040 3474 despon-

342 3501 429 3542 sae
461 3491 839 3559 deprecaretur,
871 3492 1107 3544 conviciis
1130 3493 1429 3557 proscissus,
1465 3491 1607 3555 quasi
1632 3491 1784 3540 homo
1810 3489 2034 3549 uxoriuS,
