2170 3848
1190 249 1273 306 48

397 415 474 465 τῃ
507 399 589 461 τῷ
621 412 656 445 υ
676 392 748 461 ἱῷ
782 393 853 455 ὥς
884 392 1114 460 πολεμίῳ
1147 392 1216 445 δι’
1251 394 1495 459 ἄγνοιαν.
1552 394 1631 448 Cf.
1663 396 1846 449 Matth.
1881 414 1931 464 p.
1953 399 2065 450 121.
2151 385 2156 392 ’

398 478 687 541 Tetigerunt
719 476 925 525 eandem
959 477 1212 525 materiam
1240 476 1467 542 Apollod.
1493 475 1554 533 Il,
1580 479 1628 528 8.
1664 481 1717 528 et
1744 477 1953 528 Pausan.
1978 477 2066 540 lv,

396 560 443 606 3.
470 574 520 620 p.
549 558 661 607 286.
729 555 952 604 Imitatus
1001 562 1079 604 est
1125 562 1175 604 et
1208 556 1334 604 hanc
1368 556 1668 619 tragoediam
1704 563 1756 606 et
1788 557 2065 607 Temenum

395 636 583 685 Ennius
595 672 610 696 ,
659 651 863 700 quarum
908 635 1235 686 imitationum
1283 636 1560 702 fragmenta
1595 642 1647 685 et
1677 635 1786 701 ipsa
1818 653 1849 685 a
1881 637 2065 687 criticis

393 715 601 764 confusa
635 720 762 766 sunt.

525 795 723 860 Prologi
757 795 989 855 materia,
1036 810 1180 858 quem
1217 811 1243 843 a
1278 795 1591 859 Cresphonte
1636 799 1797 843 actum
1833 809 1945 843 esse
1978 811 2064 844 ne-

392 890 535 923 cesse
569 880 675 932 est,
720 875 799 924 his
845 875 973 922 inest
1007 874 1189 937 Hygini
1223 876 1416 924 verbis:
1483 876 1642 935 „Cum
1679 891 1771 938 qua
1808 874 2064 940 (Merope)

388 953 759 1018 Polyphontes,
806 955 971 1003 occiso
1001 954 1344 1019 Cresphonte,
1389 971 1598 1018 regnum
1633 956 1906 1019 occupavit.
1977 955 2065 1004 Fi-

388 1034 508 1083 lium
532 1040 693 1083 autem
713 1034 819 1081 eius
834 1032 1068 1081 infantem
1081 1033 1292 1099 Merope
1307 1042 1482 1092 mater,
1519 1050 1663 1098 quem
1681 1051 1741 1083 ex
1754 1035 2065 1100 Cresphonte

387 1114 621 1173 habebat,
652 1113 889 1161 absconse
918 1113 979 1161 ad
1005 1113 1251 1179 hospitem
1280 1115 1327 1162 in
1347 1114 1590 1162 Aetoliam
1615 1115 1878 1164 mandavit.
1916 1114 2063 1164 Hunc

387 1191 721 1258 Polyphontes
764 1193 972 1240 maxima
1021 1209 1129 1242 cum
1178 1194 1421 1242 industria
1466 1195 1733 1257 quaerebat
1793 1209 2063 1257 aurumque

386 1273 731 1338 pollicebatur,
764 1272 806 1320 si
842 1272 951 1335 quis
987 1288 1099 1322 eum
1137 1279 1380 1322 necasset.
1446 1273 1542 1336 Qui
1577 1281 1841 1338 postquam
1875 1273 1936 1322 ad
1962 1289 2061 1337 pu-

385 1354 554 1403 berem
590 1358 800 1400 aetatem
835 1352 981 1411 venit,
1019 1353 1152 1418 capit
1186 1354 1459 1413 consilium,
1496 1357 1549 1402 ut
1571 1359 1872 1417 exsequatur
1904 1353 2060 1419 patris

387 1437 438 1481 et
483 1431 691 1480 fratrum
740 1433 999 1482 mortem.”
1067 1431 1283 1482 Veniens
1324 1433 1476 1498 igitur
1510 1432 1848 1498 Cresphontes
1883 1432 1943 1481 ad
1979 1448 2059 1481 re-

384 1511 517 1576 giam
553 1511 877 1577 Polyphontis
928 1514 993 1562 de
1024 1529 1207 1577 genere
1241 1529 1359 1572 suo,
1407 1514 1471 1562 de
1503 1514 1632 1562 vitae
1665 1513 1864 1562 casibus
1898 1513 2061 1576 deque

384 1606 560 1641 caussa
605 1592 840 1641 adventus
890 1594 1134 1658 exposuit.
1202 1592 1444 1642 Memoria
1476 1594 1677 1642 tenebat
1707 1593 1886 1652 verba,
1933 1607 2059 1656 quae

383 1671 553 1720 dicens
587 1678 747 1721 mater
779 1674 941 1738 ipsum
974 1674 1159 1739 hospiti
1193 1672 1366 1723 Aetolo
1400 1672 1708 1722 educandum
1742 1672 2058 1723 commenda-

381 1756 548 1802 verat:
686 1814 691 1821 .

512 1828 609 1880 τὸν
641 1829 808 1883 παῖδά
841 1848 933 1895 μοι
965 1831 1111 1883 τόνδ’
1145 1829 1301 1894 ἀξίως
1324 1823 1648 1897 ‘H9a2250v9

512 1909 665 1978 ἡμῶν
697 1927 751 1962 τε
785 1911 983 1976 θρέψαι
1011 1913 1079 1977 *).

382 1991 680 2056 Speculatus
714 1993 820 2041 loca
855 1993 1060 2042 recessit
1093 1992 1398 2054 adolescens,
1434 1991 1851 2058 opportunitatem
1874 1991 1949 2042 rei
1972 2008 2054 2059 ge-

382 2073 568 2122 rendae
603 2078 995 2137 exspectaturus.

511 2152 701 2201 Prodiit
748 2153 928 2202 deinde
976 2151 1185 2216 Merope
1230 2151 1401 2200 territa
1435 2165 1635 2199 rumore
1670 2165 1842 2215 sparso
1878 2149 2054 2210 filium,

382 2248 529 2296 quem
579 2233 764 2295 hospiti
810 2232 1120 2281 educandum
1172 2231 1402 2287 tradidit,
1452 2247 1481 2277 a
1519 2230 1824 2294 Polyphonte
1869 2230 2055 2294 quaeri,

381 2313 604 2377 praemio
641 2313 891 2376 proposito
927 2312 1248 2376 amplissimo,
1289 2312 1331 2358 si
1366 2309 1475 2373 quis
1510 2309 1861 2359 interfecisset.
1917 2309 2057 2359 Misit

383 2407 552 2441 senem
587 2391 953 2452 internuntium,
991 2392 1073 2456 qui
1107 2407 1161 2440 re
1194 2391 1448 2456 explorata
1482 2390 1546 2437 de
1579 2390 1679 2437 vita
1704 2395 1753 2438 et
1775 2389 2056 2439 conditione

382 2471 489 2520 eius
526 2488 582 2520 se
616 2472 880 2520 certiorem
912 2473 1118 2521 faceret.
1168 2469 1370 2518 Talibus
1405 2470 1634 2517 lamentis
1670 2469 1786 2517 dum
1816 2468 2055 2517 familiam

383 2552 618 2609 concitat,
652 2552 865 2616 parodus
902 2552 1176 2612 conficitur,
1211 2551 1290 2599 cui
1323 2550 1558 2614 deinceps
1591 2549 1781 2612 plenior
1817 2547 2054 2612 Meropes

383 2633 538 2680 oratio
574 2633 910 2695 subiungitur,
957 2648 1050 2696 qua
1086 2646 1313 2680 caussam
1348 2630 1533 2678 doloris
1567 2629 1731 2678 fusius
1768 2627 2053 2677 mulieribus

382 2709 708 2760 familiaribus
745 2712 986 2775 explicat:
1639 2700 1641 2702 ³

515 2790 799 2857 „Neque
845 2797 1103 2841 terram
1163 2791 1457 2838 iniicere
1504 2802 1708 2853 neque
1755 2793 2055 2836 cruenta

1139 2869 1535 2918 convestire
1570 2881 1863 2932 corpora

521 2948 699 2998 Mihi
733 2951 947 2999 licuit
982 2966 1199 3017 neque
1243 2951 1535 2999 miserae
1570 2948 1803 3005 laver-e
1837 2945 2050 2993 lacru-

1139 3047 1280 3079 mae
1322 3047 1347 3078 s
1367 3029 1575 3078 als-um
1609 3025 2051 3091 sanguinem.”

382 3106 675 3174 „Corpora”
709 3109 842 3169 dicit,
878 3127 975 3160 non
1009 3108 1283 3175 „corpus’'=
1327 3125 1436 3158 nam
1471 3108 1559 3156 filii
1594 3120 1789 3172 quoque
1823 3103 1922 3153 duo
1957 3122 2052 3156 una

383 3205 495 3238 cum
532 3195 673 3253 patre
707 3190 935 3239 trucidati
971 3195 1126 3241 erant.

438 3357 487 3410 ἦ)
517 3357 701 3416 Fragm.
734 3358 836 3400 dub.
868 3357 936 3400 16.
