2202 3892
1137 239 1261 296 24⁰

492 381 524 433 ὅ
556 381 784 441 πλοῦτος
817 378 1185 447 ἀνθρώποισιν
1218 380 1281 433 αἵ
1305 384 1352 434 τ’
1384 383 1522 450 ἄγαν
1553 387 1770 456 τρυφαί,

490 461 644 513 πενία
678 459 735 511 δὲ
769 459 1033 528 δύστηνον
1065 461 1177 530 μέν,
1211 462 1324 529 ἀλλ’
1359 461 1504 529 ὅμως
1534 465 1714 534 τρέφει

491 543 780 607 μοχθοῦντ’
814 540 1011 607 ἀμείνω
1045 542 1201 596 τέκνα
1232 541 1323 595 καὶ
1357 544 1650 613 δραστήρια

493 693 536 752 ὦ
568 699 917 767 παγκάκιστοι
947 700 1039 753 καὶ
1070 699 1130 755 τὸ
1165 702 1365 756 δοῦλον
1399 705 1464 756 οὐ
1496 706 1639 777 λόγῳ

487 778 693 849 ἔχοντες
702 822 717 846 ,
753 779 883 833 ἀλλὰ
915 787 982 849 τῇ
1014 783 1144 852 τύχῃ
1177 783 1497 852 κεκτημένοι.

484 941 563 1003 τίς
598 942 644 994 δ’
681 940 788 993 ἔστι
821 941 1016 1004 δοῦλος
1047 946 1148 996 τοῦ
1179 947 1371 996 θανεῖν
1403 947 1659 1020 ἄφροντις
1693 941 1862 1012 ὥν;*)

352 1023 541 1074 Habuit
570 1024 723 1088 igitur
755 1024 880 1073 haec
914 1040 1118 1074 caussae
1151 1026 1280 1075 actio
1302 1027 1436 1076 hunc
1460 1032 1707 1088 eventum,
1739 1032 1794 1076 ut
1815 1025 2027 1075 Alexan-

355 1105 447 1153 der
479 1105 527 1153 in
561 1105 763 1153 domum
797 1120 826 1152 a
848 1103 1045 1153 Priamo
1070 1106 1395 1170 reciperetur,
1431 1113 1678 1171 sperante,
1699 1107 1836 1157 illum
1862 1107 2026 1156 animo

353 1201 453 1235 non
487 1184 650 1233 minus
683 1200 827 1248 quam
862 1199 1072 1249 corpore
1106 1186 1368 1250 probatum
1402 1186 1492 1235 iri:

480 1263 672 1331 χρόνος
706 1261 764 1314 δὲ
793 1261 945 1325 δείξει
979 1264 1044 1324 6’,
1081 1253 1123 1331 ᾧ
1156 1264 1416 1332 τεκμηρίῳ
1448 1262 1645 1330 μαθὼν

485 1342 519 1410 ἢ
551 1343 778 1410 χρηστὸν
812 1345 941 1395 ὄντα
971 1342 1242 1411 γνώσομαί
1276 1344 1332 1396 σε’
1365 1347 1414 1410 γ’
1447 1344 1481 1412 ἢ
1510 1343 1695 1397 κακόν.

351 1426 543 1491 Quibus
578 1426 724 1475 dictis
758 1442 906 1489 quum
941 1441 1032 1475 rex
1064 1427 1399 1476 Alexandrum
1433 1427 1562 1476 intro
1596 1442 1766 1476 secum
1789 1426 2024 1476 abduxis-

351 1512 448 1569 set,
482 1506 833 1570 interpositum
865 1509 941 1554 est
976 1521 1175 1555 carmen
1207 1507 1347 1567 illud,
1387 1523 1483 1570 quo
1517 1523 1685 1556 veram
1717 1506 2024 1557 nobilitatem

352 1588 536 1637 chorus
580 1602 678 1635 non
724 1590 825 1634 tam
872 1586 920 1634 in
952 1585 1188 1635 natalium
1223 1586 1516 1652 splendore,
1567 1603 1713 1652 quam
1757 1588 1810 1638 in
1839 1587 2024 1636 virtute

349 1667 562 1732 positam
598 1681 711 1715 esse
745 1665 945 1715 docuit:

1076 1752 1184 1810 στρ.
1221 1738 1284 1795 α’.

479 1822 876 1890 περισσόμνθος
910 1820 941 1874 ὁ
972 1821 1147 1890 λόγος,
1182 1822 1451 1891 εὐγένειαν
1484 1824 1529 1876 εἰ

481 1904 722 1971 βρότειον
754 1902 1133 1970 εὐλογήσομεν·
1168 1904 1227 1957 τὸ
1260 1905 1363 1972 γὰρ
1396 1905 1558 1958 πάλαι

480 1984 572 2037 καὶ
603 1985 833 2050 πρῶτον,
870 1982 945 2034 ὅτ’
980 1980 1288 2051 ἐγενόμεθα,
1324 1987 1412 2039 διὰ
1446 1987 1494 2039 δ’
1528 1981 1732 2052 ἔκρινεν

479 2064 515 2116 οἳ
546 2069 775 2116 τεκοῦσα
807 2069 876 2131 γᾶ
910 2065 1156 2129 βροτούς,
1192 2065 1383 2130 ὁμοίαν

478 2143 630 2212 χθὼν
663 2145 861 2197 ἅπασιν
897 2142 1259 2208 ἐξεπαίδευσεν

482 2229 626 2290 ὄψιν,
660 2225 802 2277 ἴδιον
836 2224 996 2277 οὐδὲν
1029 2220 1231 2292 ἔχομεν,

476 2307 571 2374 μία
605 2305 662 2358 δὲ
693 2305 831 2373 γονὰ
863 2306 923 2358 τό
956 2308 1000 2356 τ’
1036 2305 1244 2372 εὐγενὲς

478 2386 570 2440 καὶ
601 2386 662 2439 τὸ
697 2385 970 2453 δυςγενές·
1003 2386 1152 2453 νόμῳ
1187 2383 1245 2438 δὲ
1277 2387 1487 2450 γαῦρον

479 2465 610 2521 αὐτὸ
642 2467 846 2534 κραίνει
875 2467 1082 2535 χρόνος.

1013 2546 1242 2610 ἄντιστρ.
1280 2540 1345 2597 α’.

477 2627 537 2680 τὸ
572 2627 841 2695 φρόνιμον
874 2625 1109 2693 εὐγένεια
1139 2625 1230 2678 καὶ
1260 2626 1320 2677 τὸ
1356 2626 1575 2678 συνετὸν
1608 2617 1651 2693 ᾧ

477 2707 605 2771 θεὸς
639 2708 876 2773 δίδωσιν,
914 2708 1011 2774 οὐχ
1044 2707 1076 2759 ὁ
1108 2709 1337 2767 πλοῦτος
1400 2743 1439 2751 -
1481 2737 1524 2761 υ
1564 2743 1603 2752 -

483 2790 584 2842 οὐκ
617 2788 758 2841 ἔστιν
791 2787 850 2841 ἐν
883 2790 1128 2842 κακοῖσιν
1162 2785 1411 2854 εὐγένεια,

477 2873 603 2937 παρ’
638 2870 893 2936 ἀγαθοῖσι
931 2870 979 2921 δ’
1022 2905 1063 2915 -
1104 2898 1146 2923 υ
1187 2905 1228 2914 -
1270 2899 1312 2923 υ
1354 2870 1571 2936 ἀνδρῶν
1602 2871 1708 2943 κτλ.
1725 2870 1822 2934 **).

402 3042 451 3096 ³l)
480 3043 667 3100 Fragm.
695 3045 782 3087 inc.
809 3049 926 3102 trag.
958 3045 1056 3088 116.

373 3112 450 3167 ssss)
481 3113 662 3155 Erravit
702 3114 796 3157 sine
838 3116 976 3158 dubio
1014 3115 1300 3168 WelckeruS‚
1338 3114 1411 3157 his
1445 3113 1599 3157 verbis
1623 3115 1783 3168 putans
1807 3106 2018 3153 virtutem

486 3183 545 3224 ab
572 3182 642 3236 iis,
672 3184 747 3238 qui
774 3185 964 3242 ignobili
993 3190 1136 3229 essent
1163 3188 1264 3228 loco
1283 3187 1389 3239 nati,
1419 3182 1682 3227 abiudicari.
1736 3180 2018 3223 Contrarium

488 3251 607 3295 enim
648 3254 756 3297 dicit
783 3260 932 3311 poeta.
990 3256 1119 3312 Quod
1149 3254 1270 3297 idem
1297 3255 1368 3297 vir
1397 3255 1551 3297 doctus
1579 3254 1688 3295 duos
1717 3251 1878 3292 choros
1902 3249 2018 3292 inter

488 3337 537 3366 se
575 3328 747 3368 certare
789 3330 833 3370 et
861 3327 1104 3370 contrarias
1132 3327 1369 3369 sententias
1396 3324 1638 3369 defendere
1664 3320 1905 3366 arbitratus
1933 3323 2015 3371 est,
