2170 3848
1155 289 1237 347 4⁰

352 455 497 507 quam
541 443 597 489 ut
645 436 815 488 novies
858 436 1070 486 formam
1121 432 1406 502 Τημενίσιν
1437 450 1500 485 ex
1538 434 1852 502 Τημενίδαις
1894 436 2029 504 apud

352 519 623 569 Stobaeum
657 518 968 583 depravatam
1006 534 1117 567 esse
1150 516 1268 566 mihi
1302 517 1646 581 persuadeam.
1711 518 2031 567 Feminarum

353 614 532 648 nomen
566 597 626 645 ad
663 598 868 646 chorum
902 596 1216 647 referendum
1252 612 1365 645 esse
1398 595 1619 656 videtur,
1654 614 1799 662 quem
1834 613 1896 647 ex
1929 595 2032 646 Te-

353 676 487 726 meni
532 677 718 726 familia
765 676 1042 726 confectum
1090 677 1251 725 fuisse
1286 676 1507 725 coniicio.
1577 675 1850 727 Potuerunt
1884 677 2032 726 etiam

352 756 588 806 mulieres
623 772 684 806 ex
719 756 959 805 Temenio
995 757 1227 806 oriundae
1263 756 1558 819 significari,
1595 757 1726 820 quod
1760 762 1870 805 erat
1891 755 2033 821 oppi-

353 836 522 885 dulum
558 837 804 900 Argolidis
850 843 1012 886 terrae
1058 852 1216 901 prope
1249 835 1460 884 Lernam
1496 835 1645 896 situm
1667 873 1682 895 ,
1728 835 1967 884 munitum
2003 850 2034 882 a

352 912 591 977 Temeno,
627 915 935 965 Doriensium
972 916 1073 964 sive
1107 915 1481 964 Heraclidarum
1516 915 1661 978 duce,
1698 931 1758 964 eo
1791 921 2034 979 tempore,

351 1009 450 1062 quo
484 1011 593 1044 cum
630 997 845 1045 Achaeis
871 1002 1018 1061 atque
1045 994 1327 1054 Tisameno,
1365 994 1556 1044 Orestis
1584 996 1704 1055 filio,
1738 995 1924 1044 bellum
1947 1009 2034 1057 ge-

351 1073 512 1132 rebat.
580 1075 654 1123 Ibi
691 1082 851 1125 castra
886 1075 1194 1123 Doriensium
1231 1074 1401 1123 stativa
1436 1075 1594 1138 posita
1629 1081 1794 1133 erant,
1831 1090 1893 1123 ex
1925 1072 2036 1138 qui-

350 1151 442 1201 bus
476 1154 849 1217 proficiscentes
883 1155 1137 1220 perpetuis
1169 1154 1499 1204 invasionibus
1532 1155 1708 1204 hostes
1733 1153 2036 1220 fatigabaut3

353 1232 419 1281 cf.
451 1232 657 1283 Pausan.
687 1235 750 1297 11,
777 1239 854 1284 38.
885 1252 935 1300 p.
966 1237 1077 1284 200.

485 1303 623 1376 Quae
658 1314 720 1363 de
744 1314 954 1363 Temeni
990 1315 1177 1373 liberis,
1211 1314 1450 1380 imprimis
1485 1315 1548 1364 de
1582 1314 1684 1363 filia
1710 1314 1816 1363 eius
1839 1312 2036 1378 Hyrne-

352 1391 537 1454 thone,
590 1411 618 1442 a
654 1394 897 1443 Pausania
923 1394 984 1454 ΙΙ,
1019 1397 1097 1454 19,
1132 1397 1177 1443 1.
1211 1396 1294 1454 28,
1319 1397 1365 1444 3.
1401 1399 1450 1443 et
1485 1393 1774 1443 Dioscoride
1809 1391 2034 1456 (Anthol.

353 1472 505 1536 epigr.
531 1472 614 1524 Xl.
647 1488 694 1522 n.
719 1475 829 1521 195.
858 1491 906 1539 p.
932 1476 1042 1523 375.
1073 1473 1285 1538 IacobS.)
1339 1474 1608 1523 memoriae
1656 1478 1770 1522 sunt
1816 1472 2034 1539 prodita,

353 1565 414 1599 ea
446 1552 646 1601 minime
681 1554 924 1617 quadrare
957 1555 1005 1603 in
1033 1554 1180 1603 huius
1207 1554 1490 1618 tragoediae
1525 1553 1758 1618 reliquias
1793 1553 1912 1601 satis
1939 1552 2035 1602 iam

351 1628 641 1695 intelligitur
687 1648 749 1681 ex
793 1633 886 1694 iis,
934 1649 1060 1697 quae
1093 1632 1385 1682 Welckerus
1424 1634 1664 1698 exposuit.
1735 1633 1846 1682 Hoc
1878 1632 2036 1697 magis

352 1708 412 1757 fit
442 1710 639 1773 planum
665 1711 872 1760 adiectis
901 1712 959 1759 iis
987 1712 1293 1778 fragmentis,
1313 1728 1452 1777 quae,
1481 1728 1629 1776 quum
1658 1714 1707 1761 in
1723 1712 2036 1776 Cresphonte

352 1787 516 1838 locum
564 1806 662 1840 non
697 1791 934 1850 habeant,
984 1793 1044 1840 ad
1095 1792 1221 1840 hanc
1269 1777 1570 1856 tragoediam
1619 1791 1886 1841 reiicienda
1921 1808 2036 1842 esse

354 1872 605 1919 ostensuri
641 1887 835 1931 sumus,
886 1887 983 1935 quo
1029 1870 1203 1919 eodem
1249 1871 1359 1919 loco
1403 1871 1549 1920 Ennii
1583 1872 1904 1921 imitationem
1939 1886 2036 1921 non

353 1948 519 1998 minus
567 1950 627 1998 ad
663 1950 900 2011 Temeni,
954 1966 1099 2013 quam
1137 1950 1199 1998 ad
1237 1949 1562 2015 Cresphontis
1608 1950 1825 2000 fabulam
1876 1952 2035 2018 perti-

355 2029 524 2078 nuisse
559 2030 862 2079 docebimus.
2062 2028 2065 2030 ⁵

487 2109 787 2159 Divisionem
850 2109 998 2174 igitur
1051 2108 1378 2173 Peloponnesi
1440 2109 1669 2173 suspicor
1729 2114 1779 2158 et
1832 2109 2036 2159 caedem

357 2186 684 2253 Cresphontis
719 2189 866 2238 huius
900 2189 1185 2250 tragoediae
1222 2190 1478 2237 materiam
1513 2189 1686 2238 fuisse.
1756 2188 1829 2238 Ac
1863 2189 1927 2239 de
1960 2190 2036 2238 di-

353 2268 542 2319 visione
585 2276 829 2320 terrarum
875 2287 903 2318 a
937 2261 1254 2317 Doriensibus
1300 2275 1647 2333 occupatarum
1694 2269 1820 2318 haec
1854 2270 2038 2335 scripta

355 2349 556 2414 reliquit
588 2349 854 2398 Pausanias
880 2347 965 2406 IV,
996 2351 1042 2408 3,
1066 2352 1111 2396 3.
1141 2365 1189 2413 p.
1217 2350 1341 2398 285:
1377 2348 1536 2408 „Cum
1573 2348 1796 2398 Temeno
1834 2348 2034 2399 Dorien-

357 2443 438 2478 ses
463 2431 624 2495 Argos
659 2429 1010 2494 assignassent,
1049 2427 1389 2492 Cresphontes
1415 2430 1474 2477 ab
1498 2429 1556 2475 iis
1582 2433 1764 2477 terram
1791 2429 1883 2476 sibi
1899 2427 2036 2478 Mes-

355 2510 538 2558 seniam
574 2508 883 2573 depoposcit,
914 2510 1096 2573 quippe
1131 2508 1213 2572 qui
1249 2514 1298 2556 et
1331 2508 1440 2572 ipse
1476 2508 1774 2556 Aristodemi
1796 2509 1926 2557 filius
1953 2525 2035 2558 es-

358 2594 436 2638 set
467 2589 623 2638 maior
658 2596 787 2638 natu.
856 2588 954 2637 Hic
998 2589 1127 2636 enim
1175 2589 1272 2635 iam
1324 2588 1638 2645 decesserat,
1664 2589 1873 2636 -relictia
1921 2588 2036 2638 filiis

355 2667 674 2732 Eurysthene
720 2674 771 2718 et
815 2667 1007 2718 Procle.
1091 2667 1283 2715 'Pheras
1319 2674 1511 2727 autem,
1564 2668 1851 2716 Autesionis
1885 2668 2038 2731 filius,

359 2748 660 2814 Cresphonti
694 2750 903 2806 maxime
937 2747 1305 2805 adversabatur,
1340 2745 1606 2795 Thebanus
1641 2748 1724 2796 ille
1759 2749 1956 2811 quidem
1986 2754 2039 2798 et

360 2829 606 2893 Polynicis
654 2831 900 2893 abnepos,
951 2834 1055 2878 tum
1107 2834 1268 2876 autem
1315 2827 1519 2875 tutelam
1570 2827 1784 2876 filiorum
1833 2829 2039 2893 gerebat

358 2910 680 2970 Aristodemi,
716 2925 926 2972 quorum
961 2913 1065 2957 erat
1092 2907 1381 2955 avunculus:
1420 2907 1703 2955 Autesionis
1734 2908 1861 2956 enim
1887 2907 2038 2956 filiam

358 2989 567 3040 duxerat
601 2989 945 3038 Aristodemus
982 2989 1176 3037 nomine
1211 2988 1423 3050 Argiam.
1487 2987 1823 3051 Cresphontes
1859 2993 2037 3048 autem,

362 3087 511 3135 quum
544 3069 847 3118 Messeniam
884 3069 978 3117 sibi
1017 3068 1252 3131 assignari
1284 3081 1582 3130 magnopere
1607 3073 1824 3133 cuperet,
1861 3066 2039 3115 fraude

362 3150 665 3215 composita,
717 3149 940 3197 Temeno
976 3148 1251 3213 persuasit,
1304 3152 1361 3195 ut
1393 3163 1499 3195 rem
1536 3149 1657 3195 sorti
1691 3148 2038 3196 committeret.

359 3230 529 3294 ltaque
564 3228 814 3278 Temenus
849 3229 896 3276 in
932 3228 1126 3277 situlam
1163 3242 1288 3290 aqua
1318 3222 1572 3291 ¹repletam
1610 3227 1809 3276 demisit
1843 3227 2038 3275 Aristo-

358 3309 493 3358 demi
527 3309 741 3358 filiorum
778 3313 827 3357 et
860 3308 1187 3374 Cresphontis
1223 3312 1409 3369 sortes,
1445 3324 1502 3356 re
1535 3309 1605 3356 ita
1634 3308 1932 3363 constituta,
1969 3310 2039 3366 ut,

358 3395 471 3439 utra
504 3406 614 3439 sors
648 3390 785 3453 prior
819 3389 1036 3449 exisset,
1086 3387 1172 3436 his·
1211 3386 1293 3434 illa
1338 3388 1502 3451 portio
1548 3388 1683 3453 prior
1716 3386 2039 3450 contingeret.

363 3468 562 3520 Sortem
612 3475 778 3520 autem
826 3473 1086 3533 utramque
1118 3466 1369 3518 Temenus
1416 3483 1477 3518 ex
1526 3466 1698 3534 argilla
1742 3465 2041 3527 confecerat,
