2124 3860
907 257 1029 315 329

154 409 244 467 sic,
277 411 335 457 ut
369 410 499 462 sunt,
535 420 563 452 a
595 403 836 453 Theonoe
868 404 1071 468 apertis,
1106 403 1272 451 vivere
1299 399 1577 451 Menelaum
1602 403 1655 449 et
1677 396 1829 449 multa

155 505 249 555 per
284 487 437 535 maria
472 501 528 533 ac
564 486 730 534 littora
766 490 992 548 vagatum
1027 485 1074 532 in
1101 482 1377 547 propinquo
1405 481 1690 543 naufragum
1719 495 1830 528 ver-

158 568 257 616 sari
293 583 402 615 cum
440 566 607 630 paucis
646 564 815 613 amicis
851 565 1081 612 eiectum.
1148 562 1410 626 Diligentia
1435 561 1688 625 Euripidis
1714 575 1830 608 con-

156 648 363 713 spicitur
396 646 445 695 in
481 662 566 708 eo,
611 646 741 709 quod
777 644 981 702 addidit,
1018 642 1258 691 Helenam
1296 659 1536 706 quaerere
1573 642 1636 688 de
1670 639 1832 688 reditu

157 728 207 775 in
244 727 449 791 patriam
487 743 604 790 prae
637 725 815 790 gaudio
851 724 1096 775 omisisse.
1163 723 1400 771 Prodicus
1436 729 1598 771 antem
1630 737 1659 769 e
1686 720 1832 767 domo

157 807 353 856 Helena
386 808 549 854 statim
587 804 830 868 conspicit
862 803 1173 862 Menelaum,
1211 819 1385 866 quem,
1432 819 1528 865 qua
1562 806 1639 849 est
1674 800 1833 848 cultus

159 889 466 950 vestitusque
511 884 854 947 deformitate,
908 900 1056 947 quum
1093 880 1269 931 merito
1306 899 1394 947 pro
1430 883 1621 931 latrone
1653 881 1836 928 habeat

161 969 209 1016 iu
245 967 435 1015 insidiis
471 965 737 1025 collocato,
781 971 837 1013 ut
879 965 927 1012 in
962 963 1320 1027 Theoclymeni
1357 964 1548 1027 nuptias
1585 979 1612 1009 a
1644 959 1836 1009 tumulo

161 1047 431 1105 abstrahat,
467 1061 560 1094 non
597 1047 812 1110 segnius,
849 1061 995 1109 quam
1031 1060 1185 1107 equus
1223 1052 1305 1093 aut
1331 1043 1543 1104 Baccha,
1579 1041 1636 1090 ad
1670 1039 1836 1105 sepul-

163 1144 301 1177 crum
359 1143 507 1175 cursu
555 1126 835 1185 cmitendit,
895 1125 1127 1174 Menelao
1173 1125 1464 1187 insequente
1525 1127 1576 1172 et
1620 1122 1840 1170 retinere

163 1208 436 1271 fugientem
481 1214 705 1256 conante.
773 1206 873 1254 Ubi
919 1210 1079 1253 autem
1127 1212 1494 1253 monumentum
1530 1202 1662 1250 nacti
1697 1199 1841 1248 ambo

164 1290 490 1336 constiterunt
534 1294 682 1348 atque
731 1302 895 1334 coram
943 1286 1066 1333 alter
1107 1285 1310 1333 alterius
1356 1284 1544 1333 vultum
1592 1283 1839 1330 intuentes

165 1368 400 1429 coniuges
436 1381 492 1414 se
525 1366 732 1414 invicem
770 1371 1099 1429 agnoverunt,
1148 1364 1342 1414 Helena
1377 1365 1573 1429 quidem
1610 1360 1843 1426 amplecti

149 1447 391 1497 ‘maritum
428 1445 535 1494 sine
568 1462 705 1494 mora
741 1446 892 1510 cupit,
930 1445 1191 1494 Menelaus
1220 1453 1381 1494 autem
1404 1451 1604 1511 spectro
1631 1461 1685 1493 se
1711 1441 1844 1492 eludi

83 1511 94 1520 ⁹
165 1529 408 1577 arbitrans
455 1533 616 1575 arcet:
666 1526 746 1590 qui
793 1527 1054 1590 scrupulus
1103 1534 1293 1575 tantum
1339 1529 1478 1575 abest
1511 1532 1566 1574 ut
1600 1527 1845 1576 eximatur

165 1610 343 1668 animo,
379 1606 462 1654 illa
488 1607 745 1670 imaginem
776 1622 863 1671 pro
891 1623 945 1654 se
965 1606 1162 1654 Troiam
1190 1607 1383 1655 ductam
1412 1623 1527 1656 esse
1549 1608 1845 1668 affirmante,

164 1694 222 1738 ut
267 1687 478 1736 illudere
524 1689 645 1735 deos
698 1687 992 1750 aegritudini
1040 1703 1157 1735 suae
1205 1687 1435 1751 opinetur
1483 1694 1533 1735 et
1567 1688 1674 1736 sine
1710 1703 1845 1736 mora

165 1769 228 1817 ad
264 1770 453 1824 socioS,
502 1766 676 1815 relicta
722 1782 838 1814 vera
884 1782 1068 1829 uxore,
1118 1766 1283 1815 redire
1319 1765 1571 1831 cupiat*).
1651 1767 1704 1815 In
1750 1767 1846 1815 hoc
1903 1775 1905 1777 ’

166 1848 452 1896 discrimine
498 1853 778 1912 opportune
829 1863 940 1895 eum
991 1847 1219 1896 convenit
1266 1863 1389 1895 unus
1437 1848 1683 1896 sociorum
1719 1863 1848 1896 nun-

165 1930 297 1977 tians
334 1927 592 1986 Helenam,
630 1943 774 1990 quam
812 1943 840 1975 e
873 1926 1022 1975 Troia
1060 1926 1274 1986 duxerit,
1311 1927 1474 1976 abisse
1507 1928 1554 1975 in
1592 1929 1848 1976 aetherem

167 2025 248 2069 ac,
296 2010 414 2058 dum
451 2024 480 2056 e
515 2012 786 2071 conspectu
819 2007 1107 2067 tolleretur,
1160 2008 1416 2070 aperuisse
1464 2007 1645 2057 frustra
1691 2008 1850 2056 fnisse

170 2089 432 2138 certamina
472 2088 628 2144 lliaca‚
664 2087 851 2136 frustra
885 2087 1077 2136 labores
1106 2093 1387 2151 mortesque
1420 2089 1651 2147 virorum,
1687 2095 1738 2137 et
1763 2089 1851 2136 im-

167 2170 345 2218 merito
382 2168 548 2217 Ledae
583 2169 730 2215 filiam
767 2167 1020 2215 infamari:
1070 2167 1248 2216 fraude
1283 2170 1411 2217 enim
1446 2168 1641 2216 Iunonis
1677 2169 1848 2217 turbas

170 2249 279 2298 illas
315 2264 484 2297 omnes
521 2247 727 2295 effectas
764 2263 891 2295 esse.
960 2247 1153 2309 Quibus
1190 2249 1335 2296 dictis
1371 2250 1571 2297 nuntius
1607 2249 1851 2298 Helenam

167 2329 218 2379 in
252 2329 484 2391 sepulcro
521 2335 905 2376 commorantem
945 2329 1268 2392 conspiciens,
1309 2329 1442 2378 illam
1479 2331 1576 2379 huc
1613 2346 1675 2379 ex
1710 2336 1851 2378 antro

169 2409 421 2458 volucrem
474 2408 723 2471 aufugisse
769 2409 1017 2473 opinatur.
1085 2408 1224 2457 Haec
1270 2410 1503 2458 miracula
1540 2418 1638 2459 tam
1674 2410 1853 2459 similia

170 2489 301 2538 veris
347 2487 515 2536 efficta
551 2495 691 2549 sunt,
739 2495 794 2537 ut
831 2489 978 2536 facile
1013 2505 1102 2537 nos
1138 2495 1190 2537 et
1221 2490 1317 2554 ipsi
1352 2491 1665 2554 suspicemur
1708 2506 1852 2539 unam

173 2568 337 2617 fuisse
375 2567 641 2630 Helenam,
677 2585 909 2632 eamque,
947 2570 1105 2618 fracta
1140 2584 1285 2625 nave,
1323 2586 1472 2633 quum
1498 2572 1671 2636 prius,
1708 2586 1854 2633 quam

173 2648 369 2712 reliqui,
406 2647 453 2696 in
488 2655 669 2698 terram
706 2651 946 2699 evasisset
980 2656 1032 2698 et
1064 2650 1126 2697 ad
1153 2650 1317 2698 Protei
1353 2652 1504 2700 aedes
1530 2651 1856 2716 pervenisset,

173 2729 242 2777 ibi
290 2745 317 2775 a
362 2744 477 2791 rege
512 2736 749 2778 retentam
787 2747 931 2795 esse,
983 2730 1298 2796 postmodum
1334 2738 1502 2781 autem
1537 2732 1786 2780 iuventam
1822 2748 1852 2781 a.

176 2809 356 2858 marito
390 2824 448 2856 ac
482 2809 731 2858 reductam
769 2827 895 2860 esse.

310 2889 491 2938 Merito
528 2889 813 2941 Wielandus
848 2892 947 2941 hoc
973 2891 1191 2942 Menelai
1213 2891 1533 2956 Helenaeque
1557 2892 1856 2957 colloquium

179 2971 372 3020 censuit
414 2974 519 3018 tum
565 2977 744 3036 argute
775 2973 1021 3022 dictorum
1057 2972 1281 3022 acumine
1314 2980 1421 3023 tum
1458 2973 1774 3038 simplicitate
1808 2977 1858 3022 et

177 3052 384 3100 veritate
419 3051 671 3115 egregium
706 3059 756 3102 et
793 3070 947 3119 paene
982 3054 1216 3112 omnium,
1258 3071 1382 3119 quae
1418 3055 1682 3119 Euripides
1719 3070 1857 3102 com-

178 3132 459 3197 posuisset,
497 3131 706 3194 primum
755 3150 893 3192 esse,
940 3136 1150 3182 maxime
1195 3150 1312 3184 vero
1357 3137 1536 3184 scitum
1573 3152 1692 3195 essev
1722 3133 1857 3192 illud,

181 3212 309 3276 quod
346 3213 523 3275 quibus
560 3212 868 3262 documentis
902 3214 1093 3263 Helena
1129 3216 1403 3265 certissime
1453 3221 1679 3280 speraret
1714 3215 1860 3262 dubi-

180 3292 415 3340 tationem
455 3292 672 3356 coniugis
704 3294 883 3344 vietum
907 3295 985 3358 iri,
1011 3296 1070 3344 iis
1096 3296 1217 3360 ipsis
1241 3296 1397 3356 illum,
1432 3297 1589 3346 rideri
1625 3311 1680 3345 se
1711 3302 1859 3358 atque

235 3458 286 3512 ²⁸)
315 3460 441 3502 Haec
468 3459 651 3516 respicit
679 3460 902 3518 refertque
931 3462 1092 3508 Sextus
1121 3463 1294 3519 Empir.
1311 3465 1413 3508 adv.
1429 3462 1565 3520 logie.
1582 3461 1675 3504 vu.
1701 3458 1862 3516 24⁰7.
