2170 3848
953 275 1036 333 37

150 429 205 474 et
237 422 530 490 proficiscar
564 429 731 473 tecum
766 422 818 471 in
853 422 1101 472 civitatem
1135 427 1270 472 tuam
1307 426 1360 471 et
1394 421 1552 482 dona,
1587 437 1714 487 quae
1748 423 1838 474 ob-

150 502 273 565 fers,
305 510 447 568 grato
482 503 645 552 animo
679 502 936 566 accipiam.
1005 503 1245 553 Ceterum
1270 502 1528 562 malorum,
1563 519 1690 568 quae
1723 503 1836 570 plu-

147 584 272 634 rima
305 585 619 649 maximaque
652 598 917 650 perpessus
952 598 1085 641 sum,
1120 581 1217 631 hoc
1252 581 1398 647 longe
1429 583 1835 634 immanissimum

147 671 226 715 est
258 665 544 730 solumque,
579 665 627 712 id
661 663 790 727 quod
826 661 937 711 lieri
969 676 1119 727 posse
1152 664 1387 725 negabam
1408 700 1422 724 ,
1456 663 1717 712 lacrimare
1750 679 1836 713 co-

146 745 235 811 git.
304 744 425 793 Inde
470 742 752 792 vehementi
799 757 912 791 cum
955 742 1127 790 dolore
1158 743 1230 790 vir
1264 742 1480 807 alioquin
1516 742 1668 791 durus
1716 759 1835 793 suos

147 825 410 874 discedens
445 824 641 873 salutat.
691 821 806 869 Seni
842 823 1058 879 mandat,
1095 829 1150 872 ut
1186 837 1274 870 sua
1308 822 1416 871 vice
1449 829 1673 871 mortuos
1698 839 1835 872 com-

146 912 298 970 ponat
332 905 595 969 lugeatque
637 917 695 949 ac
730 901 909 951 deinde
942 903 1093 950 vitam
1128 902 1247 951 forti
1282 903 1443 951 animo
1478 902 1676 952 toleret.
1747 903 1834 952 Fi-

145 985 240 1034 lios
273 983 463 1032 occisos
498 981 750 1030 osculatus
787 981 1068 1042 miseratur,
1105 983 1237 1047 quod
1272 989 1505 1047 paternae
1530 983 1716 1048 gloriae
1739 983 1833 1032 ho-

143 1063 425 1113 nestissima
458 1061 737 1110 hereditate
769 1062 965 1125 spoliati
1001 1069 1214 1112 mortem
1256 1080 1347 1128 pro
1389 1063 1687 1127 patrimonio
1713 1062 1833 1112 ade-

142 1143 216 1208 pti
249 1144 361 1192 sint.
432 1141 559 1190 Item
602 1141 746 1190 uxori
791 1143 972 1191 servati
1016 1143 1261 1193 fidissime
1305 1144 1678 1207 castissimoque
1712 1159 1833 1194 con-

142 1222 262 1287 iugii
317 1222 539 1288 pessime
595 1222 800 1287 gratiam
847 1223 1051 1272 relatam
1102 1240 1215 1272 esse
1268 1223 1601 1288 conqueritur.
1683 1223 1834 1273 Arma

142 1302 282 1353 humi
318 1318 492 1367 sparsa
524 1317 791 1371 aii-rursus
827 1303 1064 1352 sumenda
1100 1304 1231 1364 sint,
1268 1310 1511 1370 perpetuo
1536 1303 1730 1352 facinus
1752 1308 1834 1353 te·

141 1384 398 1433 terrimum
448 1381 496 1429 in
542 1383 832 1431 memoriam
870 1390 1184 1445 revocatura,
1231 1384 1435 1434 dubitat.
1503 1383 1624 1432 Mox
1658 1383 1832 1433 eadem

141 1463 459 1512 victoriarum
495 1463 1000 1526 praeclarissimarum
1036 1472 1354 1515 monumenta
1394 1480 1508 1513 esse
1542 1464 1833 1513 recordatus

142 1544 435 1606 timensque,
471 1542 711 1603 rie-nudus
734 1544 961 1593 hostibus
982 1544 1207 1594 obiectus
1231 1546 1446 1610 turpiter
1469 1545 1698 1606 intereat,
1731 1543 1831 1593 tol-

143 1623 218 1675 lit.
285 1621 415 1671 Tum
462 1621 715 1672 Theseum
760 1632 919 1689 rogat,
967 1629 1023 1674 ut
1070 1626 1231 1690 Argos
1277 1625 1609 1690 proficiscenti
1644 1625 1707 1673 ad
1742 1625 1832 1673 de-

143 1704 422 1753 ducendum
459 1703 733 1752 Cerberum
780 1721 948 1752 comes
969 1689 1110 1754 ‘esse
1147 1705 1281 1756 velit.
1351 1704 1612 1754 Postremo
1648 1721 1677 1752 a
1712 1704 1830 1753 civi-

142 1783 236 1832 bus
268 1789 528 1848 precatur,
580 1788 638 1830 ut
672 1783 772 1831 suis
806 1783 1058 1832 defunctis
1090 1800 1261 1833 omnes
1299 1784 1560 1848 exsequias
1594 1789 1709 1834 eant
1741 1801 1830 1834 ue-

145 1880 241 1928 que
275 1863 439 1911 miuus
474 1861 585 1924 hoS,
621 1878 768 1926 quam
804 1879 861 1913 se
894 1864 1087 1929 ipsum,
1122 1870 1350 1929 tanquam
1386 1879 1481 1914 una
1510 1869 1829 1930 prostratum,

132 1943 355 2010 lugeant.

273 2022 436 2071 Huius
472 2023 706 2072 orationis
742 2023 952 2072 maxime
986 2024 1203 2074 miranda
1229 2029 1306 2074 est
1331 2042 1389 2075 ea
1414 2041 1548 2090 pam,
1585 2042 1681 2091 qua
1707 2040 1829 2090 poe-

141 2103 301 2153 tarum
338 2103 591 2166 figmenta,
628 2111 855 2168 tauquam
891 2103 1086 2169 indigna
1114 2105 1343 2170 personis
1370 2107 1595 2166 deorum,
1633 2105 1831 2154 damnat

140 2182 386 2232 Hercules
419 2182 578 2245 idem,
626 2185 709 2248 qui
742 2183 908 2250 paullo
944 2192 1057 2233 ante
1092 2185 1323 2234 lunonem
1360 2202 1581 2235 summae
1614 2185 1830 2250 turpitu-

141 2262 271 2311 dinis
306 2261 417 2326 ipse
450 2265 730 2326 accusavit,
782 2259 1028 2328 neg'atque
1074 2265 1315 2314 adulteria
1360 2283 1389 2314 a
1435 2266 1530 2314 diis
1567 2266 1831 2314 commissa

140 2359 254 2393 esse
287 2343 438 2405 idem,
474 2345 557 2407 qui
593 2344 720 2393 lovis
755 2344 1001 2393 adulterio
1037 2361 1093 2393 se
1126 2352 1420 2410 prognatum
1456 2346 1663 2409 eiusque
1687 2345 1829 2395 adul-

138 2422 254 2473 terii
286 2422 467 2472 invidia
502 2424 630 2472 mala
663 2425 825 2473 omnia
858 2441 886 2472 a
928 2424 1114 2474 Iunone
1148 2426 1198 2474 in
1234 2442 1289 2474 se
1325 2425 1568 2474 collocata
1604 2442 1718 2475 esse
1750 2430 1828 2475 te-

139 2508 299 2552 status
334 2509 430 2561 est,
465 2509 672 2569 propter
704 2521 848 2570 quam
876 2505 1124 2554 dictorum
1150 2507 1522 2572 repugnantiam
1549 2523 1642 2573 ego
1668 2521 1828 2570 quon-

138 2583 252 2633 dam
296 2583 406 2632 illos
451 2600 624 2634 versus
673 2602 702 2634 a
746 2585 1062 2650 philosophis
1105 2585 1376 2635 inculcatus
1413 2602 1526 2635 esse
1560 2585 1829 2635 arbitratus

139 2679 267 2714 sum.
337 2663 574 2713 Retracto
609 2667 934 2728 sententiam,
981 2667 1139 2730 quod,
1187 2667 1380 2714 etiamsi
1414 2682 1511 2715 non
1546 2667 1597 2715 in
1630 2666 1827 2714 Hercu-

139 2743 268 2802 lem,
315 2747 479 2793 tamen
529 2745 578 2792 in
613 2744 905 2810 Euripidem
942 2758 1028 2794 eos
1064 2747 1329 2795 convenire
1362 2746 1605 2812 intelligo.
1677 2745 1827 2794 Eius-

138 2821 275 2872 modi
310 2823 441 2871 enim
475 2825 776 2874 consociatio
804 2842 968 2874 rerum
1004 2826 1349 2890 dictorumque
1383 2826 1512 2876 inter
1531 2844 1588 2875 se
1606 2842 1827 2892 pugnan-

139 2902 263 2952 tium
300 2918 360 2951 ex
395 2918 605 2967 poeseos
642 2912 694 2954 et
727 2906 1075 2971 philosophiae
1101 2908 1443 2957 coniunctione
1468 2924 1628 2972 paene
1652 2921 1827 2956 neces-

141 2983 271 3033 sario
318 2983 628 3032 nascebatur.
697 2985 1008 3050 Sequebatur
1052 2987 1318 3051 Euripides
1363 2987 1498 3053 vulgi
1546 2987 1828 3052 opinionem

140 3078 237 3113 non
271 3062 403 3121 ideo,
439 3063 572 3126 quod
607 3063 866 3114 discedere
900 3067 960 3114 ab
997 3084 1053 3116 ea
1087 3067 1426 3133 periculosum
1462 3068 1557 3116 sibi
1589 3068 1702 3116 fore
1731 3083 1826 3132 pu-

139 3147 287 3205 taret,
322 3143 413 3192 sed
448 3143 578 3205 quia,
613 3144 656 3191 si
682 3145 812 3194 illam
838 3147 1140 3210 reliquisset,
1175 3148 1344 3213 poesis
1371 3148 1478 3211 ipsa
1501 3145 1829 3212 relinquenda

140 3222 334 3272 fuisset.
404 3223 448 3271 A
482 3223 645 3288 poetis
680 3226 838 3287 enim,
871 3228 922 3275 id
958 3228 1088 3291 quod
1125 3218 1227 3276 iam'
1256 3228 1544 3277 Herodotus
1580 3226 1828 3292 cognovit,

144 3309 198 3353 et
224 3304 451 3369 primitus
479 3305 681 3354 deorum
708 3322 950 3370 personae
973 3309 1178 3356 effictae
1205 3315 1344 3357 erant
1370 3314 1422 3356 et
1438 3315 1680 3372 perpetuo
1695 3304 1829 3368 vulgi

144 3383 402 3449 opiniones
419 3387 835 3448 sustentabantur,
861 3404 1024 3452 neque
1050 3388 1278 3452 cuiquam
1305 3395 1562 3453 poetarum
1587 3399 1828 3451 respuere

143 3462 286 3514 licuit
317 3463 529 3528 fabulaS,
565 3482 689 3530 quas
718 3467 886 3533 poesis
908 3468 1018 3534 ipsa
1041 3473 1407 3535 procreaverat,
1442 3469 1493 3517 in
1520 3468 1693 3532 quibus
1719 3471 1828 3515 tan-
