2170 3848
928 288 1049 345 149

529 543 600 598 B.
687 538 1080 616 Iphigenia
1121 537 1193 591 in
1235 536 1509 591 Tauris.

306 651 728 716 Repraesentatur
775 645 1010 710 templum
1045 642 1228 692 Dianae
1272 642 1444 706 spoliis
1476 641 1838 690 immolatorum

175 735 399 781 ornatum
433 734 485 779 et
518 745 600 777 ara
633 741 807 776 cruore
840 739 1025 788 sparsa.
1093 721 1314 786 Tempus
1349 721 1447 770 diei
1491 720 1692 784 fingitur
1725 735 1838 769 esse

175 826 337 859 mane.
404 809 571 857 Prodit
604 810 767 854 autem
803 819 864 852 ex
900 803 1105 851 aedibus
1139 798 1310 861 sacris,
1345 800 1394 848 in
1419 799 1594 864 quibus
1615 798 1840 848 habitare

175 889 391 953 fingitur,
425 885 675 951 iphigenia
711 882 960 943 sacerdos,
994 882 1112 930 visis
1140 881 1351 930 excitata
1380 879 1698 938 somniorum,
1733 878 1839 940 qui-

175 970 266 1017 bus
302 965 495 1015 Orestis
541 963 707 1012 fratris
755 967 963 1011 mortem
1000 961 1266 1025 significari
1300 964 1472 1024 putata
1522 959 1840 1022 quamobrem

174 1044 376 1094 inferias
411 1043 474 1104 ei,
508 1049 562 1092 ut
596 1042 848 1101 defuncto,
884 1043 1080 1091 mittere
1115 1041 1387 1090 constituit.
1453 1039 1553 1088 Sed
1578 1042 1838 1101 antequam

172 1124 297 1173 haec
331 1122 611 1188 pronuntiet
644 1122 892 1188 animique
927 1138 1071 1171 sensa
1106 1122 1315 1186 aperiat,
1352 1120 1416 1168 de
1441 1120 1539 1167 vita
1563 1134 1652 1166 sua
1675 1118 1841 1182 priore

174 1203 390 1268 exponit.
457 1201 631 1266 Neque
666 1202 791 1250 euim
828 1202 948 1251 solis
983 1201 1186 1251 eruditis
1219 1209 1367 1264 atque
1400 1197 1635 1247 acutioris
1669 1197 1840 1245 iudicii

171 1282 447 1330 hominibus
482 1281 762 1345 EuripideS,
796 1282 885 1329 sed
920 1280 1217 1331 multitudini
1252 1280 1466 1343 scripsit,
1501 1292 1655 1341 quae,
1691 1292 1842 1340 quum

171 1361 238 1411 sit
282 1376 453 1426 parum
498 1367 610 1426 apta
659 1360 719 1408 ad
766 1362 1101 1427 coniungenda
1150 1359 1326 1409 callide
1381 1375 1465 1418 ea,
1531 1374 1658 1421 quae
1707 1355 1842 1404 aliud

171 1442 360 1505 agendo
403 1441 562 1490 obiter
609 1446 872 1490 monentur
921 1448 971 1490 et
1016 1442 1164 1491 rebus
1199 1441 1320 1504 ipsis
1355 1438 1718 1504 postulantibus
1753 1451 1841 1500 op-

170 1526 380 1587 portune
414 1521 723 1582 inseruntur,
774 1522 1037 1586 perspicua
1070 1526 1219 1584 atque
1253 1520 1481 1569 continua
1514 1516 1842 1581 explicatione

170 1601 279 1650 sine
309 1600 594 1664 ambagibus
629 1600 849 1650 docenda
885 1606 978 1650 est.

300 1680 650 1730 Immolandam
688 1697 743 1729 se
777 1681 846 1728 ait
879 1680 1133 1745 Iphigenia
1165 1680 1325 1730 fuisse
1370 1683 1660 1745 propterea,
1709 1674 1841 1738 quod

171 1765 316 1826 pater
348 1776 408 1809 eo
442 1777 596 1819 anuo,
633 1776 728 1824 quo
762 1767 1083 1819 nasceretur,
1130 1760 1348 1808 vovisset
1389 1775 1445 1807 se
1480 1755 1717 1822 quidquid
1753 1771 1839 1803 an-

172 1856 264 1888 nus
298 1842 611 1903 procreasset
658 1839 1046 1905 pulcherrimum
1081 1838 1266 1887 Dianae
1320 1839 1598 1888 oblaturum
1647 1833 1840 1900 esse*).

173 1918 417 1968 Tauricae
461 1934 578 1973 ,vero
633 1920 755 1967 deae
803 1919 1016 1967 victimis
1073 1918 1296 1966 humanis
1352 1918 1612 1983 gaudentis
1660 1930 1842 1963 numen

174 2014 271 2062 quo
304 1999 464 2047 miuus
499 1998 787 2059 detestetur,
824 2000 900 2047 vix
934 2013 990 2046 se
1022 1998 1202 2047 retinet
1216 1995 1295 2061 **)
1346 2004 1399 2046 et
1430 2003 1630 2062 praeter
1663 2009 1842 2043 nomen

172 2076 432 2140 quidquam
459 2077 508 2126 in
534 2093 592 2125 ea
626 2077 784 2140 pulcri
817 2094 929 2126 esse
963 2083 1108 2142 negat
1122 2074 1252 2140 *⁴‘*).
1322 2077 1556 2126 Ceterum
1583 2091 1678 2124 non
1706 2074 1843 2137 virgo

171 2156 281 2221 ipsa
326 2156 505 2206 caedes
553 2157 776 2222 perficit,
826 2158 913 2206 sed
963 2163 1152 2207 tantum
1196 2157 1410 2206 crinibus
1461 2155 1679 2204 desectis
1715 2151 1844 2202 mola

170 2237 353 2302 spargit
364 2237 584 2296 hostias;
610 2237 832 2296 eaedem,
854 2243 1116 2304 postquam
1133 2238 1206 2286 sic
1226 2239 1348 2286 deae
1370 2242 1686 2286 consecratae
1713 2239 1844 2292 sunt,

169 2316 296 2365 intro
322 2316 371 2365 in
386 2316 656 2381 penetralia
671 2317 842 2381 templi
869 2318 1112 2367 abductae
1136 2335 1166 2366 a
1190 2317 1409 2367 barbaris
1433 2315 1771 2366 sacerdotibus
1796 2314 1843 2361 in

171 2396 367 2445 occulto
403 2397 778 2445 interficiuntur.
844 2397 1087 2447 Thoantis
1115 2413 1291 2446 nomen
1331 2398 1462 2461 quod
1489 2396 1620 2446 unde
1641 2395 1842 2443 ductum

170 2475 238 2525 sit
297 2477 471 2537 docet,
522 2492 550 2524 a
583 2476 767 2540 pedum
801 2477 1056 2526 celeritate
1099 2477 1220 2526 illud
1269 2477 1559 2542 impositum
1609 2490 1721 2523 esse
1767 2471 1842 2521 di-

171 2571 319 2616 cens,
364 2555 462 2603 hoc
492 2555 622 2604 illius
658 2556 843 2606 saeculi
877 2556 1141 2622 Euripides
1177 2557 1520 2605 consuetudini
1553 2559 1699 2618 atque
1735 2552 1841 2616 opi-

170 2634 306 2683 nioni
341 2635 530 2692 tribuit,
567 2651 661 2699 qua
694 2637 890 2686 nomina
923 2652 1014 2701 pro
1047 2636 1290 2686 ominibus
1324 2637 1650 2692 habebantur,
1685 2646 1845 2694 neque

172 2714 599 2764 transferebantur
633 2732 661 2764 a
692 2718 911 2781 patribus
946 2717 1008 2765 ad
1043 2717 1190 2775 filios,
1224 2715 1311 2763 sed
1337 2731 1399 2764 ex
1431 2713 1735 2778 temporibus
1769 2710 1842 2758 lo-

172 2792 345 2858 cisque
379 2799 462 2842 aut
497 2810 556 2842 ex
591 2796 1012 2858 praedictionibus
1049 2796 1366 2844 ducebantur.

306 2872 478 2922 Solent
511 2881 672 2923 autem
706 2876 974 2940 prooemiis
1007 2876 1186 2941 partim
1222 2890 1302 2923 res
1338 2879 1451 2922 ante
1484 2878 1621 2921 actae
1648 2869 1844 2934 exponi,

172 2953 349 3019 partim
393 2952 455 3000 ad
506 2968 593 3012 ea,
640 2969 767 3017 quae
814 2955 980 3005 statim
1027 2954 1218 3021 agenda
1268 2959 1405 3015 sunt,
1452 2953 1615 3002 aditus
1662 2949 1841 3014 parari.

228 3121 277 3175 ’ἢ
307 3122 408 3163 Ηιιο
436 3120 631 3175 respexit
661 3119 755 3162 cic.
786 3121 875 3165 off.
905 3123 985 3177 111,
1010 3120 1152 3176 25‚4:
1190 3122 1544 3177 „Agamemnon‚
1575 3133 1677 3162 cum
1707 3118 1843 3159 devo—

313 3190 449 3233 visset
476 3190 647 3232 Dianae
685 3192 803 3245 quod
841 3192 886 3234 in
915 3207 994 3235 suo
1017 3206 1157 3249 regno
1177 3191 1527 3246 pulcherrimum
1557 3194 1707 3232 natum
1731 3189 1846 3229 esset

317 3260 396 3304 illo
424 3275 556 3312 anno,
586 3261 842 3304 immolavit
870 3263 1170 3320 Iphigeniam,
1201 3275 1290 3317 qua
1318 3262 1432 3304 nihil
1460 3266 1557 3304 erat
1586 3274 1639 3303 eo
1668 3256 1846 3313 quidem

316 3344 430 3374 anno
461 3337 616 3375 natum
645 3331 919 3387 pulchrius.'’

201 3401 278 3456 *ἢ
306 3398 364 3444 τὰ
392 3396 431 3445 δ’
458 3399 572 3445 ἄλλοι
600 3403 727 3456 σιγῶ,
758 3397 842 3457 τὴν
863 3398 980 3447 θεὸν
1005 3399 1285 3461 φοβουμένη.

175 3471 281 3527 *³⁸⁶0
308 3467 494 3529 τοῦνομ’
519 3465 577 3530 ἧς
600 3470 742 3517 καλὸν
763 3470 920 3530 μόνον.
979 3473 1050 3518 ef.
1076 3473 1288 3530 Aeschyl·
1319 3471 1480 3529 Agam.
1504 3468 1601 3513 140.
1638 3464 1668 3510 οἱ
1698 3461 1844 3511 Kaloi.
