2170 3848
1165 233 1287 291 176

406 377 657 447 Iphigenia
689 376 947 428 exhibetur
982 377 1185 429 fratrem
1221 395 1280 429 eo
1310 380 1421 444 ipso
1455 385 1727 444 momento,
1761 398 1858 448 quo
1889 382 2064 434 immo-

406 462 508 509 lare
550 462 766 519 conatur,
809 474 1110 523 agnoscens;
1156 459 1396 524 templum
1432 464 1482 509 et
1523 466 1687 511 cetera
1733 466 1789 510 ut
1821 463 1871 511 in
1906 463 2066 528 primo

405 554 557 603 opere
603 537 873 600 significata
922 543 1047 590 sunt.
1117 538 1288 587 Tertia
1338 546 1478 603 parte
1525 556 1684 604 pugna
1726 543 1855 606 apud
1889 559 2064 592 navem

405 622 826 681 repraesentatur,
869 624 1042 682 quarta
1076 618 1286 683 denique
1320 620 1543 669 ascensio
1578 620 1628 668 in
1662 635 1831 670 navem
1866 626 1918 671 et
1948 638 2065 686 pro-

400 697 568 749 fectio-

902 966 965 1023 C.
1049 970 1579 1045 Epopeus.

534 1100 677 1164 Quod
711 1100 759 1149 in
804 1109 1118 1152 monumento
1152 1104 1337 1154 Albano
1372 1105 1608 1168 scriptum
1643 1107 1721 1152 est
1754 1119 1930 1154 nomen
1963 1108 2066 1154 tra-

404 1182 610 1246 goediae
645 1172 864 1240 ’‘Enwg,
915 1198 1004 1245 pro
1039 1199 1098 1232 eo
1145 1179 1348 1242 Ἐπειός
1393 1183 1729 1248 reponendum
1779 1199 1891 1232 esse
1945 1184 2068 1254 mibi

403 1261 813 1327 persuaderetur,
861 1262 902 1308 si
939 1262 1197 1326 quicquam
1233 1264 1436 1312 inveniri
1469 1268 1641 1328 posset
1673 1263 1736 1311 de
1769 1263 1916 1312 huius
1951 1280 2067 1328 per-

403 1355 520 1388 sona
557 1340 820 1389 memoriae
844 1341 1109 1405 proditum,
1146 1344 1275 1405 quod
1312 1343 1550 1407 praebere
1585 1349 1745 1406 aptam
1773 1343 1834 1390 ad
1862 1358 2066 1406 compo-

405 1419 617 1468 nendam
679 1421 981 1482 tragoediam
1031 1423 1287 1471 materiam
1334 1422 1556 1487 potuisse
1607 1421 1871 1469 videretur.
1938 1423 2066 1471 Nam

405 1515 585 1562 equum
621 1497 911 1558 Troianum,
958 1502 1089 1563 quod
1139 1517 1314 1550 nomen
1349 1501 1475 1549 Livii
1524 1501 1716 1549 cuidam
1760 1500 1957 1549 fabulae
1991 1502 2067 1550 in-

401 1579 642 1642 scriptum
677 1578 788 1636 fuit,
823 1593 918 1627 non
954 1581 1161 1629 eundem
1197 1597 1309 1630 esse
1335 1587 1484 1643 atque
1507 1581 1719 1644 Epeum,
1754 1595 1914 1643 neque
1940 1579 2067 1645 Epei

400 1673 578 1707 nomen
612 1657 810 1705 fabulae
844 1658 991 1706 tribui
1027 1660 1262 1723 potuisse,
1298 1661 1391 1708 nisi
1425 1660 1581 1724 ipsius
1605 1659 1932 1719 fabricatoris,
1970 1675 2067 1709 non

399 1736 636 1797 fabricae,
688 1752 796 1784 sors
843 1737 892 1785 in
932 1737 1094 1801 aliquo
1142 1740 1424 1788 discrimine
1469 1746 1750 1788 versaretur
1802 1739 1882 1787 vel
1929 1743 2066 1787 certe

400 1833 627 1880 magnum
660 1816 719 1864 ad
748 1816 990 1864 saliendos
1013 1817 1182 1866 hostes
1205 1835 1412 1883 persona
1437 1819 1564 1866 iliius
1599 1823 1900 1866 momentum
1931 1817 2067 1866 face-

400 1902 494 1955 ret,
527 1894 673 1943 facile
707 1901 784 1944 est
817 1896 1085 1947 intellectu.
1154 1897 1362 1947 Errasse
1397 1899 1546 1963 igitur
1580 1897 1859 1962 operarium
1900 1897 1950 1945 in
1982 1896 2067 1944 illo

402 1976 597 2025 nomine
631 1975 903 2032 exarando,
939 1977 1066 2024 sicut
1101 1976 1150 2025 in
1184 1977 1484 2042 reliquorum
1518 1977 1775 2041 pluribuS,
1812 1982 1862 2024 et
1890 1991 2068 2024 nomen

402 2055 595 2120 Epopei
629 2070 720 2118 pro
756 2055 883 2119 Epei
934 2058 1271 2118 reponendum
1319 2073 1432 2106 esse
1476 2057 1594 2104 mihi
1639 2054 1927 2120 persuadeo.
1994 2053 2068 2102 De

402 2134 611 2199 Epopeo
660 2138 824 2182 autem
880 2135 1004 2182 haec
1055 2136 1323 2185 memoriae
1369 2137 1547 2184 tradita
1604 2138 1717 2183 sunt
1763 2134 1822 2181 ab
1866 2133 2067 2197 Hygino

402 2213 640 2262 fab-204:
675 2212 1019 2276 „Nyctimene‚
1046 2214 1253 2280 Epopei,
1287 2216 1419 2279 regis
1446 2214 1755 2270 Lesbiorum,
1779 2212 1894 2273 fiiia,
1931 2213 2067 2273 virgo

403 2293 760 2342 formosissima
795 2293 975 2342 dicitur
1007 2294 1181 2342 fuisse.
1248 2294 1391 2343 Hanc
1426 2293 1660 2356 Epopeus
1698 2298 1863 2355 pater,
1898 2306 2067 2339 amore

404 2374 649 2431 incensuS,
687 2373 1002 2437 compressit:
1054 2389 1205 2436 quae,
1250 2374 1442 2439 pudore
1475 2376 1632 2432 tacta,
1678 2371 1815 2419 silvis
1850 2370 2068 2418 occulta-

405 2452 564 2500 batur.
631 2451 787 2513 Quam
822 2452 1047 2502 Minerva
1081 2454 1310 2502 miserata
1345 2453 1394 2500 in
1425 2457 1654 2501 noctuam
1684 2449 2068 2510 transformavit,

407 2546 532 2595 quae
565 2530 766 2593 pudoris
802 2547 978 2581 caussa
1010 2533 1060 2582 in
1103 2533 1262 2582 lucem
1298 2547 1392 2581 non
1427 2531 1618 2595 prodit,
1664 2530 1753 2579 sed
1799 2535 1946 2578 noctu
1979 2544 2068 2592 ap-

404 2609 597 2675 paret.'’
678 2610 821 2659 Adde
874 2610 972 2661 fab.
1012 2615 1124 2662 253.
1175 2618 1226 2661 et
1270 2611 1491 2661 Servium
1538 2611 1599 2659 ad
1647 2608 1828 2673 Georg.
1873 2608 1910 2664 1,
1952 2609 2067 2656 403.

403 2689 627 2739 Eandem
661 2705 765 2738 rem
802 2691 879 2738 his
914 2692 1076 2740 verbis
1109 2692 1368 2740 illustravit
1402 2689 1543 2738 Ovid.
1573 2689 1697 2738 Met.
1725 2688 1782 2750 ΙΙ,
1811 2690 1956 2736 5912.

540 2769 682 2831 „An‚
719 2785 854 2835 quae
880 2786 981 2836 per
1014 2777 1177 2820 totam
1209 2786 1293 2818 res
1327 2775 1403 2817 est
1438 2770 1703 2818 notissima
1737 2766 1954 2827 Lesbon,

543 2847 667 2897 Non
702 2848 888 2898 audita
922 2850 1019 2899 tibi
1053 2857 1158 2899 est:
1188 2850 1421 2915 patrium
1454 2856 1732 2898 temerasse
1767 2846 1933 2896 cubile

540 2925 931 2991 Nyctimenen?
978 2931 1087 2978 avis
1124 2929 1215 2977 illa
1249 2928 1480 2994 quidem3
1517 2927 1609 2976 sed
1644 2927 1848 2976 conscia
1882 2924 2069 2989 culpae

542 3006 878 3073 Conspectum
913 3009 1175 3075 lucemque
1195 3009 1361 3073 fugit,
1397 3006 1719 3071 tenebrisque
1747 3002 1995 3071 pudorem

542 3085 687 3134 Celat
725 3094 775 3135 et
813 3104 845 3135 α
880 3089 1075 3137 cunctis
1110 3089 1387 3154 expellitur
1423 3087 1634 3136 aethere
1667 3091 1825 3134 toto.”

407 3165 589 3215 Similis
637 3171 712 3213 est
758 3166 924 3216 fabula
970 3167 1230 3232 Myrrhae,
1291 3183 1444 3230 quae,
1500 3181 1608 3213 cum
1671 3164 1839 3212 insano
1900 3177 2068 3210 amore

405 3253 597 3311 patrem
634 3245 911 3308 deperiret,
946 3247 1123 3295 fraude
1157 3247 1359 3295 nutricis
1393 3245 1586 3304 effecit,
1621 3249 1677 3291 ut
1708 3242 1756 3290 in
1791 3241 1946 3308 patris
1983 3257 2068 3290 cu-

406 3326 494 3374 bili
531 3324 719 3373 occulta
754 3325 982 3389 amplexu
1016 3327 1121 3374 eius
1157 3325 1481 3390 imprudentis
1516 3323 1782 3388 potiretur;
1835 3318 2067 3372 cf.0vid.

405 3405 532 3455 Met.
560 3403 621 3466 X,
646 3405 759 3456 298.
821 3404 957 3454 Serv.
987 3406 1047 3455 ad
1063 3403 1202 3470 Virg.
1231 3404 1339 3457 Ecl.
1372 3406 1452 3465 10,
1480 3406 1558 3455 18.
1606 3402 1727 3451 Aen.
1745 3399 1808 3462 V,
1833 3402 1911 3449 ⁶12.
1958 3399 2067 3462 Hy-
