2170 3848
871 277 989 334 131

233 427 331 492 Qui
366 433 593 497 tanquam
628 427 780 476 finem
816 431 867 474 et
913 439 1153 474 summam
1187 423 1473 485 tragoediae
1507 429 1776 490 sequuntur

99 523 295 557 morum
329 514 380 556 et
413 507 722 572 ingeniorum
759 506 1109 562 imitationem,
1142 503 1228 562 iis,
1265 501 1306 549 si
1339 508 1478 552 recte
1510 505 1778 569 fungentur

98 587 300 649 officio,
353 592 485 636 totas
531 587 789 636 hominum
837 585 964 633 vitas
1008 581 1123 630 inde
1159 597 1186 628 a
1219 581 1390 646 pueris
1426 598 1655 633 enarrare
1689 602 1776 635 ne-

99 683 243 718 cesse
265 668 378 729 erit,
414 668 463 716 id
497 667 628 731 quod
662 664 905 716 Goethius
939 678 1036 711 non
1070 663 1118 709 in
1154 661 1544 710 Romanensibus
1568 667 1777 728 tantum,

100 747 190 798 sed
238 749 289 797 in
333 747 543 796 scenicis
590 761 784 810 quoque
835 744 1013 793 fabulis
1047 742 1217 791 facere
1252 741 1428 789 solitus
1465 747 1556 792 est.
1625 745 1777 808 Atqui

98 828 215 877 huic
249 829 477 878 instituto
531 841 708 874 scenae
742 829 913 873 natura
949 825 1060 889 ipsa
1092 825 1349 886 repugnat.
1420 820 1608 871 Deinde
1642 825 1778 873 nulla

100 924 198 957 una
253 923 430 957 caussa
478 906 554 954 vel
587 920 754 953 rerum
791 904 1066 968 complexio
1102 902 1147 950 ei
1183 902 1389 950 consilio
1426 901 1640 963 sufficit,
1687 904 1776 953 sed

98 1002 222 1051 opus
257 992 334 1036 est
365 983 588 1050 pluribus
626 989 676 1032 et
722 983 949 1048 ampliori
982 983 1186 1035 ambitu.
1257 981 1310 1030 In
1347 982 1467 1030 alios
1502 988 1667 1032 autem
1700 988 1776 1033 at-

98 1082 194 1129 que
227 1065 350 1114 alios
383 1065 520 1113 locos
556 1080 846 1113 consessum
882 1062 1169 1128 abripiendo
1205 1062 1387 1111 theatri
1425 1067 1476 1111 et
1509 1063 1776 1113 multorum

94 1161 332 1195 annorum
354 1146 566 1210 spatium
603 1144 883 1194 emetiendo
918 1159 975 1192 ac
1011 1159 1162 1208 saepe
1195 1143 1321 1191 intra
1342 1142 1481 1191 binas
1515 1144 1667 1192 horas
1695 1159 1775 1194 se-

93 1240 182 1274 nes
218 1241 282 1274 ex
323 1225 723 1275 adolescentibus
777 1223 934 1273 factos
986 1222 1292 1272 ostendendo
1326 1224 1404 1271 vix
1437 1224 1619 1273 mentis
1654 1240 1775 1275 suae

93 1310 353 1370 compotes
388 1321 501 1354 esse
536 1304 703 1353 sinunt
737 1309 1076 1368 spectatores3
1112 1304 1308 1363 omitto,
1345 1304 1475 1368 quod
1507 1304 1569 1352 ad
1604 1305 1774 1354 oculo-

94 1400 204 1433 rum
262 1384 646 1435 delectationem
701 1383 761 1432 ab
818 1383 1091 1432 animorum
1140 1383 1469 1433 commotione
1516 1385 1775 1450 tragoedia

93 1465 270 1514 crebra
313 1471 576 1529 apparatus
623 1465 892 1513 mutatione
925 1463 1240 1512 transfertur.
1308 1462 1439 1513 Tum
1474 1463 1584 1513 loco
1619 1466 1774 1514 actio-

91 1561 205 1594 num
243 1545 663 1594 confabulationes
700 1544 928 1609 componi
961 1558 1171 1592 necesse
1206 1547 1300 1605 est,
1335 1560 1463 1608 quae
1498 1544 1773 1608 legentibus

91 1641 236 1689 quam
289 1626 628 1691 spectantibus
677 1625 863 1673 rectius
914 1622 1217 1672 offeruntur:
1265 1624 1405 1673 cuius
1440 1625 1636 1689 generis
1671 1641 1773 1674 ser·

89 1705 316 1754 monibus
350 1707 569 1755 dramata
604 1710 887 1754 nostrorum
924 1704 1084 1751 omnia
1118 1703 1308 1767 repleta
1328 1710 1459 1755 sunt.
1508 1705 1605 1766 Qui
1627 1720 1773 1754 sensa

90 1785 245 1849 magis
280 1801 424 1848 quam
464 1785 595 1833 facta
630 1791 681 1832 et
714 1783 1111 1848 perturbationes
1158 1784 1408 1833 imitantur
1442 1790 1645 1848 poetae,
1693 1784 1772 1834 fo-

90 1881 172 1913 ras
206 1865 423 1914 efferunt
456 1881 529 1924 ea,
566 1881 692 1927 quae
726 1863 925 1930 penitus
961 1863 1145 1911 debent
1177 1869 1381 1928 pectore
1406 1865 1570 1912 clausa
1594 1866 1770 1925 teneri,

90 1950 433 2009 temerantque
474 1951 678 2009 penates
725 1946 772 1993 in
820 1943 1015 2008 publico
1065 1944 1379 2008 propositos,
1432 1949 1482 1991 et
1516 1944 1773 1994 subtiliora

90 2025 199 2074 fere
233 2025 634 2089 sublimioraque,
671 2040 817 2088 quam
853 2039 977 2087 quae
1011 2023 1060 2070 in
1096 2022 1264 2087 populi
1309 2023 1454 2072 ludos
1497 2026 1770 2089 spectantis

88 2111 285 2170 captum
320 2105 529 2164 cadant,
575 2105 848 2161 enuntiant,
896 2109 1129 2167 tanquam
1162 2103 1343 2152 florum
1379 2104 1623 2167 quendam
1657 2105 1769 2170 pul-

86 2185 328 2234 visculum
362 2184 649 2245 offerenteS,
684 2185 769 2247 qui
802 2185 911 2248 ip'so
946 2184 1199 2232 hominum
1234 2183 1769 2247 importunissimorum
1827 2226 1833 2231 ,

85 2270 226 2314 tactu
260 2265 525 2316 decutitur.
598 2264 860 2313 Praeterea
895 2264 956 2312 ad
1005 2263 1193 2311 vultum
1227 2263 1513 2327 fingendum
1550 2283 1578 2314 a
1612 2266 1769 2330 gesti-

86 2345 328 2394 culatione
362 2346 468 2394 sive
503 2344 786 2403 saltatione,
823 2361 966 2409 quam
1004 2349 1198 2392 veteres
1233 2344 1573 2408 appellarunt,
1610 2352 1768 2394 artem

84 2430 304 2474 actorum
337 2431 559 2485 avocant,
594 2425 723 2489 quod
760 2430 812 2473 et
845 2426 1007 2489 ipsum
1040 2423 1186 2471 nimis
1222 2423 1404 2471 subtile
1440 2431 1490 2473 et
1515 2442 1542 2473 a
1569 2431 1766 2491 specta-

85 2505 214 2554 culis.
254 2506 465 2553 alienum
511 2510 603 2554 est.
673 2505 800 2554 Nam
853 2505 936 2568 qui
971 2504 1170 2567 quidem
1206 2504 1554 2553 remotioribus
1589 2507 1766 2554 sedent

83 2585 206 2634 locis
240 2590 593 2648 spectatorum,
627 2585 795 2634 fructu
826 2585 1102 2648 privantur3
1140 2584 1221 2647 qui
1250 2589 1415 2632 autem
1443 2585 1764 2650 propinquio-

83 2680 165 2714 res
211 2669 358 2726 sunt,
428 2666 718 2731 corporibus
770 2665 1079 2715 scenicorum
1133 2664 1538 2728 scenicarumque
1587 2666 1764 2731 magis,

85 2761 233 2810 quam
280 2750 541 2809 poetarum
586 2747 870 2806 sententiis,
922 2744 1143 2808 quamvis
1187 2745 1414 2808 gravibus
1462 2747 1764 2810 argutisqm,

82 2831 329 2878 tenentur.

211 2905 383 2956 Factis
409 2910 460 2954 et
494 2905 937 2956 vehementioribus
973 2906 1244 2954 animorum
1270 2905 1506 2963 motibus,
1543 2906 1624 2969 qui
1649 2911 1763 2955 sunt

81 2987 178 3052 ipsi
197 2986 343 3035 factis
371 2985 618 3049 aequales,
645 2987 891 3035 imitandis
909 2985 1099 3035 Graeca
1116 2986 1309 3033 theatra
1329 2985 1575 3034 destinata
1602 2985 1763 3034 fuisse

83 3083 199 3116 cum
231 3067 509 3116 fabularum
544 3070 717 3115 natura
747 3072 852 3116 tum
889 3081 1015 3130 quae
1060 3065 1124 3114 de
1171 3081 1348 3114 scenae
1383 3071 1649 3130 apparatu,
1696 3067 1760 3115 de

80 3147 263 3197 vestitu
310 3153 557 3208 actorum,
607 3145 670 3195 de
714 3162 1032 3211 personarum
1077 3161 1202 3202 usu,
1252 3146 1316 3193 de
1362 3145 1650 3205 saltatione,
1698 3145 1762 3193 de

81 3230 229 3277 cantu
264 3227 474 3291 eiusque
508 3227 706 3292 generis
740 3226 847 3274 aliis
880 3227 1027 3275 rebus
1077 3225 1390 3291 cognovimus
1411 3263 1424 3284 ‚
1478 3227 1760 3275 ostendunt.

79 3305 150 3356 Et
185 3307 384 3371 quidem
418 3323 570 3356 unum
604 3306 712 3356 fere
745 3306 935 3368 insigne
968 3304 1185 3364 factum,
1240 3321 1339 3371 quo
1381 3321 1554 3370 magna
1588 3305 1761 3355 effice-

78 3391 218 3435 retur
242 3403 407 3436 rerum
434 3387 756 3436 commutatio
786 3386 888 3435 sive
913 3383 1272 3451 καταστροφή,
1304 3386 1759 3450 repraesentabant.

85 3463 259 3529 ltaque
304 3465 578 3517 Macbethii
622 3466 813 3529 fabula,
864 3467 905 3515 si
952 3467 1011 3516 ad
1068 3472 1291 3516 veterum
1339 3466 1579 3515 rationem
1625 3477 1759 3513 revo-

1347 3547 1425 3593 9
