2170 3866
1082 291 1209 352 554

297 438 349 488 in
381 438 560 489 abietis
592 439 746 489 ramis
780 439 1009 491 consedit
1021 440 1107 505 *)‚
1143 441 1284 492 cuius
1319 456 1559 493 cacumen
1584 443 1812 493 Bacchus
1836 458 1987 494 manu

298 519 711 582 comprehensum
759 522 822 569 ad
867 526 1055 570 terram
1114 522 1326 571 deduxit
1384 523 1520 571 orbis
1578 524 1734 572 instar
1798 524 1989 574 curvati

295 614 567 662 rursusque
600 601 648 649 in
685 600 925 666 sublime,
972 603 1209 668 imposito
1244 602 1502 664 Pentheo,
1549 603 1804 668 paullatim
1837 603 1987 653 remi-

297 680 376 728 sit.
456 680 527 729 Ibi
579 681 662 731 ille
710 682 787 729 vix
835 684 1065 732 consedit
1110 682 1439 748 conspicuus,
1495 699 1606 732 cum
1655 683 1911 745 Bacchus,
1957 699 1989 732 e

296 765 571 823 conspectu
609 763 771 811 subito
806 769 1057 826 remotus,
1094 763 1358 811 clamavit:
1407 763 1488 826 „0
1524 762 1989 825 iuvenea4'adduco

294 840 436 888 vobis
483 841 567 903 qui
616 857 697 890 me
751 849 802 890 et
852 844 987 906 orgia
1022 860 1132 892 mea
1167 843 1376 892 irridet:
1423 843 1649 910 proinde
1694 835 1990 892 ulciscimini

295 936 408 968 eum
422 917 468 968 !”
537 920 694 970 Simul
743 922 869 987 ignis
906 924 1034 971 sacri
1071 925 1268 971 flamina
1305 940 1333 972 a
1368 927 1502 972 terra
1539 923 1600 970 ad
1639 923 1835 972 coelum
1869 938 1988 986 per-

292 999 459 1048 tinens
495 1000 708 1061 effulsit,
747 1008 800 1050 et
835 1002 969 1051 siluit
1002 1004 1175 1051 aether
1210 1019 1321 1051 cum
1356 1019 1562 1052 nemore
1596 1009 1650 1052 et
1676 1003 1829 1062 feris3
1863 1003 1987 1050 Bac-

294 1081 419 1128 chae
468 1088 663 1143 autem,
713 1098 809 1130 non
858 1083 1044 1145 liquido
1091 1083 1260 1132 audita
1306 1100 1456 1143 voce,
1521 1089 1748 1132 arrectae
1790 1084 1989 1132 stabant

293 1160 465 1209 oculos
502 1161 932 1211 circumferentes.
1002 1162 1188 1211 Iterato
1224 1163 1476 1234 clamore,
1500 1162 1778 1246 wtfflro
1814 1176 1988 1212 omncs

293 1241 441 1289 citato
477 1257 626 1289 cursu
662 1241 916 1291 columbas
962 1243 1228 1293 velocitate
1261 1229 1675 1314 aequanfflff),
1701 1233 1988 1302 brrentem,

291 1337 384 1386 per
418 1337 569 1384 rupes
604 1321 906 1371 furibundae
940 1323 1196 1384 feruntur,
1244 1311 1903 1387 coiispectoquc²''Pentheo,
1936 1322 1988 1371 in

290 1418 469 1466 rupem
507 1402 766 1450 adversam
814 1402 1089 1471 evadentes
1129 1403 1345 1467 primum
1393 1418 1512 1451 saxa
1556 1408 1606 1451 et
1654 1418 1818 1451 ramos
1853 1403 1987 1451 abie-

291 1487 396 1530 tum
434 1488 485 1530 et
520 1482 721 1545 thyrsos
756 1483 1037 1533 coniiciunt.
1107 1482 1300 1543 Quibus
1338 1482 1452 1531 telis
1489 1483 1572 1530 ubi
1606 1483 1726 1532 nihii
1753 1482 1986 1548 profece-

290 1568 435 1621 runt,
483 1577 700 1624 quercus
736 1563 883 1610 ramis
920 1562 1206 1611 confractae
1238 1578 1331 1628 pro
1363 1562 1587 1610 vectibus
1622 1568 1818 1611 utentes
1853 1562 1988 1610 evel-

291 1642 399 1691 lere
433 1643 626 1690 radices
663 1641 843 1689 abietis
871 1647 1134 1703 conantur3
1171 1647 1445 1706 postremo,
1482 1643 1776 1691 exhortante
1799 1641 1987 1707 Agave,

291 1723 498 1786 stirpem
533 1723 759 1770 manibus
793 1722 1064 1772 innumeris
1099 1722 1395 1786 arripientes
1431 1724 1539 1771 solo
1575 1722 1808 1771 evellunt.
1875 1721 1987 1784 Quo

291 1801 427 1850 sacto
463 1819 612 1865 quum
652 1802 906 1852 Pentheus
943 1803 1008 1851 de
1043 1803 1242 1850 sublimi
1291 1803 1340 1850 in
1374 1807 1559 1851 terram
1595 1818 1837 1868 praeceps
1872 1818 1987 1851 cum

290 1883 476 1945 gemitu
512 1883 810 1940 cecidisset,
845 1889 1006 1931 mater
1039 1883 1199 1946 prima
1231 1883 1279 1930 in
1318 1898 1431 1931 eum
1467 1883 1606 1948 quasi
1641 1883 1878 1932 sacerdos
1912 1882 2009 1941 vi-„

292 1963 471 2011 ctimae
497 1963 654 2012 irruit.
722 1961 852 2011 'l'um
881 1963 965 2011 ine
992 1965 1181 2012 reiecta
1206 1962 1372 2022 mitra,
1406 1968 1461 2012 ut
1494 1966 1867 2025 agnosceretur,
1898 1964 1988 2012 ad-

291 2049 527 2107 motaque
559 2060 718 2108 genae
753 2044 960 2107 dextra,
1013 2059 1042 2092 o
1077 2049 1266 2103 mater,
1313 2043 1506 2108 inquit,
1558 2059 1666 2091 sum
1703 2043 1836 2092 fliius
1870 2046 1987 2092 tuus

291 2117 738 2188 Pentlleus,‘quem
770 2124 985 2172 Echioni
1009 2125 1277 2190 peperisti:
1316 2124 1562 2172 miserere
1585 2123 1705 2183 mei,
1743 2123 1841 2172 noli
1868 2139 1987 2188 pro-

291 2211 409 2269 pter
433 2221 596 2252 meum
622 2211 879 2266 peccatum
902 2205 1056 2253 filium
1079 2211 1217 2252 tuum
1245 2205 1492 2254 occidere.
1559 2204 1629 2253 At
1648 2204 1730 2251 iila
1759 2219 1985 2268 spumam

293 2300 379 2332 ore
424 2284 670 2341 fundens,
720 2285 1035 2347 distorquens
1082 2284 1283 2345 ocuioS,
1330 2285 1399 2331 nil
1433 2288 1566 2330 mota
1617 2283 1767 2330 dictis
1816 2287 1986 2330 mente

291 2364 578 2429 lymphata,
614 2373 863 2429 arreptam
902 2364 1008 2412 eius
1043 2379 1270 2422 manum,
1320 2363 1558 2410 insistens
1593 2361 1767 2424 lateri,
1816 2362 1984 2411 revul-

295 2446 362 2494 sit
396 2445 605 2493 humero
639 2444 823 2493 viribus
872 2445 1106 2492 divinitus
1157 2443 1346 2502 auctis3
1396 2442 1484 2490 Ino
1530 2448 1696 2490 autem
1731 2443 1793 2490 ab
1829 2442 1986 2490 altera

293 2532 436 2590 parte
469 2526 695 2587 laniavit,
748 2525 995 2588 simulque
1030 2526 1258 2572 Autonoe
1307 2539 1419 2571 cum
1469 2522 1697 2570 universa
1730 2523 1878 2570 turba
1911 2522 1987 2569 in-

295 2606 443 2654 stitit.
527 2605 830 2653 Commistus
876 2611 955 2653 est
1004 2604 1213 2653 Penthei
1258 2604 1472 2667 gemitus
1519 2618 1630 2650 cum
1680 2602 1986 2650 Baccharum

293 2685 502 2734 ululatu.
570 2686 791 2734 Abstuiit
825 2690 991 2734 aut-em
1034 2685 1129 2733 alia
1167 2684 1454 2743 brachium,
1501 2683 1597 2730 alia
1643 2682 1821 2746 pedem
1871 2697 1986 2731 cum

298 2766 532 2824 calceis,
571 2765 667 2814 alia
716 2766 926 2815 laterum
975 2766 1197 2823 viscera,
1251 2768 1303 2812 et
1346 2764 1563 2812 imbutae
1611 2762 1849 2825 sanguine
1893 2777 1988 2826 per

298 2861 417 2899 saxa
460 2862 636 2895 carnes
679 2863 869 2910 perque
915 2845 1121 2895 frondes
1167 2845 1398 2893 arborum
1444 2843 1495 2892 in
1541 2858 1731 2891 morem
1778 2842 1988 2907 pilarum

297 2931 618 2991 sparserunt3
676 2933 825 2990 caput
867 2932 1035 2975 autem
1083 2930 1336 2990 arreptum
1383 2929 1545 2973 mater
1585 2924 1763 2987 thyrso
1808 2920 1989 2982 affixit,

297 3005 457 3054 leonis
502 3022 617 3054 esse
663 3014 874 3070 putans,
934 3007 1134 3070 iamque
1175 3022 1266 3071 per
1310 3005 1474 3053 media
1521 3002 1836 3052 Cithaeronis
1870 3001 1988 3065 iuga

298 3086 362 3133 ad
397 3085 569 3133 urbem
605 3090 771 3149 portat
803 3102 950 3135 ovans
994 3087 1311 3150 gloriansque
1358 3090 1409 3133 et
1443 3083 1695 3132 Bacchum
1731 3082 1870 3144 quasi
1903 3097 1987 3130 so-

300 3164 430 3214 cium
481 3166 749 3214 venationis
794 3173 1150 3229 auctoremque
1193 3166 1428 3213 victoriae
1469 3166 1721 3212 invocans.

411 3244 552 3294 Haec
580 3261 693 3294 mox
715 3262 880 3295 coram
906 3248 955 3295 in
977 3262 1174 3295 scenam
1198 3246 1526 3294 adducuntur.
1576 3243 1701 3292 Nam
1724 3245 1987 3308 postquam

301 3323 484 3374 chorus
501 3324 747 3374 funestam
767 3328 1040 3390 victoriam,
1062 3327 1135 3376 uti
1150 3327 1313 3387 decet,
1341 3324 1663 3390 praedicavit,
1679 3323 1843 3389 Agave
1865 3335 1987 3368 exu-

356 3477 405 3533 *)
434 3479 552 3522 Cum
579 3478 707 3524 fama
734 3480 1042 3526 vetustissima
1069 3480 1187 3524 haec
1221 3482 1494 3537 congruunt3
1525 3477 1583 3521 cf.
1605 3478 1798 3521 Pausan.
1821 3472 1931 3528 11‚2,
1946 3472 1989 3516 6.
