2170 3848
887 273 969 330 19

103 427 286 490 stultis,
312 426 589 492 intelligunt
616 421 989 489 prudentiores3
1025 418 1090 467 cf.
1107 432 1149 465 v,
1165 419 1262 466 ⁷5¹1
1273 418 1461 467 —759.
1488 417 1785 465 ’ΠΤ-780.

102 511 204 560 Sed
239 507 529 557 mortalibus
564 520 656 569 per
688 502 885 551 virtutis
921 501 1049 548 viam
1072 497 1277 546 arduam
1302 513 1378 556 eo,
1413 497 1544 544 unde
1567 493 1787 561 profecti

102 596 245 648 sunt,
279 587 563 638 enitendum
600 588 707 644 est,
759 581 979 630 certatim
1018 579 1142 638 diis,
1189 582 1368 642 quanto
1405 576 1517 639 quis
1551 577 1787 625 audacius

102 671 311 721 deorum
345 668 578 715 virtutem
615 662 912 719 aemulatur,
959 665 1094 708 tanto
1131 658 1380 724 graviores
1415 656 1610 704 labores
1646 656 1788 704 dolo-

103 765 303 814 resque,
331 749 392 796 n²e
412 760 622 810 unquam
637 743 872 806 quiescat,
903 739 1298 805 imponentibus3
1335 736 1398 786 cf.
1417 753 1461 786 v.
1478 738 1577 784 840
1595 737 1787 787 -842.

106 830 234 881 Iovis
270 824 412 876 fllius'
439 833 515 874 est
548 823 821 882 Hercules,
858 837 1065 884 eamque
1100 821 1162 868 ob
1199 833 1423 867 caussam
1462 816 1631 864 lunoni
1664 816 1787 864 invi-

108 926 221 970 sus3
267 914 437 957 natura
472 903 690 953 eiusdem
726 902 879 950 fatum
918 901 1152 960 continet,
1186 899 1340 947 virtus
1377 895 1593 961 pericula
1629 900 1682 943 et
1705 911 1789 943 ca-

107 985 357 1050 lamitates
383 984 429 1034 ei
462 984 678 1033 destinat
699 983 764 1047 ²³²).
833 981 975 1043 Quod
1011 981 1252 1043 insignem
1288 976 1534 1035 aetheriS,
1584 991 1645 1024 ex
1691 991 1790 1039 quo

105 1052 583 1123 animae'emanant,
632 1070 819 1128 partem
857 1061 1052 1125 accepit
1074 1057 1186 1122 **)‚
1233 1057 1382 1106 simul
1416 1057 1639 1105 laborum
1674 1072 1790 1120 pars

105 1148 262 1198 maior
293 1146 356 1204 ei,
393 1160 538 1208 quam
561 1144 778 1207 reliquis,
813 1142 1094 1190 hereditate
1133 1139 1362 1187 obvenit:
1399 1137 1615 1202 pretium
1658 1136 1791 1185 enim

102 1226 302 1277 virtutis
335 1241 431 1275 non
456 1229 534 1272 est
558 1224 747 1271 vacatio
776 1221 1016 1280 dolorum,
1052 1235 1148 1267 non
1179 1218 1371 1267 fructus
1396 1219 1657 1274 bonorum,
1694 1232 1793 1266 non

105 1292 692 1363 huiuff'vitaefencitas,
728 1302 816 1350 sed
854 1300 1222 1360 immortalitas,
1261 1316 1355 1364 qua
1392 1299 1495 1347 sola
1529 1297 1591 1345 ad
1627 1297 1792 1346 coele-

106 1381 255 1437 stium
290 1386 496 1434 deorum
532 1383 814 1447 dignitatem
850 1387 1000 1444 atque
1025 1381 1265 1428 honorem
1290 1379 1621 1428 ascendimus.
1658 1377 1792 1427 Con-

105 1466 187 1517 fer
218 1465 347 1532 hanc
377 1451 583 1514 deorum
630 1463 980 1526 hominumque
1008 1460 1353 1520 ,fortitudinem
1394 1475 1504 1507 cum
1538 1457 1794 1507 imbecilli-

107 1551 243 1605 tate,
279 1546 339 1594 ad
375 1560 520 1608 quam
555 1543 737 1591 nostris
773 1543 960 1606 poetiS,
997 1543 1038 1590 si
1072 1541 1287 1590 fabulam
1321 1539 1578 1605 Euripidis
1613 1538 1796 1588 imitari

109 1625 281 1682 velint,
313 1623 711 1674 descendendum
749 1638 862 1671 esse
896 1622 1040 1670 etiam
1076 1620 1364 1684 Lessingius
1401 1623 1590 1679 censet,
1626 1624 1676 1667 et
1699 1618 1793 1667 mi-

109 1707 269 1756 seriae
301 1695 474 1754 homin
511 1710 563 1752 te
594 1703 879 1767 poenitebit.

239 1784 361 1834 Inde
395 1783 457 1832 ad
493 1790 706 1846 tempuS‚
737 1797 832 1844 quo
868 1781 990 1830 haec
1025 1770 1190 1829 fabula
1226 1779 1305 1843 agi
1339 1779 1587 1844 potuerit,
1623 1778 1796 1843 exqui-

112 1866 322 1915 rendum
367 1868 578 1911 transeo.
659 1860 1026 1909 Provectiorem
1073 1866 1238 1910 aetate
1282 1859 1598 1924 Euripidem,
1643 1874 1796 1922 quum

114 1961 223 1994 eam
258 1943 515 2001 scriberet,
550 1941 708 1989 fuisse
742 1940 866 1987 haec
902 1941 1007 1989 eius
1042 1942 1191 2007 verba
1229 1939 1509 2004 significare
1537 1938 1795 1989 videntur:

307 2019 381 2072 ἔτι
413 2037 495 2072 τοι
527 2018 702 2085 γέρων
735 2017 916 2078 ἀοιδὸς

307 2100 519 2153 κελαδεῖ
547 2099 952 2165 Μναμοσύναν·

307 2179 382 2233 ἔτι
414 2179 513 2232 τὰν
537 2173 864 2245 Ἡρακλέους

304 2261 610 2314 καλλίνικον
643 2262 799 2313 οέείσω
834 2262 940 2313 κτλ.

112 2343 333 2394 Fuerunt
363 2345 448 2408 qui
480 2361 587 2394 eam
628 2353 742 2410 post
775 2344 852 2391 Ol.
888 2346 968 2402 88,
1008 2344 1056 2388 3.
1094 2344 1254 2390 actam
1291 2357 1405 2389 esse
1441 2356 1502 2388 ex
1539 2356 1795 2390 sacrorum

114 2422 419 2473 Deliacorum
455 2425 920 2473 commemoratione
957 2422 1274 2470 coniicerent.
1343 2421 1445 2469 Sed
1479 2427 1617 2468 recte
1652 2421 1795 2470 Zirn-

113 2503 286 2553 dorfer
317 2504 378 2552 ad
413 2520 471 2553 ea
505 2506 716 2554 animum
751 2504 993 2561 advertit,
1032 2517 1158 2565 quae
1194 2502 1258 2549 (le
1290 2499 1640 2550 Thebanorum
1678 2501 1795 2549 civi-

114 2587 218 2632 ute
250 2583 381 2632 dicta
413 2585 526 2633 huic
561 2585 845 2650 tragoediae
882 2584 1064 2647 insunt.
1120 2581 1340 2643 Quorum
1375 2582 1450 2628 vis
1486 2597 1583 2643 quo
1620 2581 1795 2629 melius

117 2661 438 2727 intelligatur,
475 2665 538 2713 de
571 2666 664 2721 iis,
710 2680 837 2728 quae
873 2664 1002 2711 circa
1038 2662 1116 2710 01.
1156 2664 1238 2722 89,
1275 2663 1322 2707 1.
1358 2660 1586 2708 Thebani
1621 2662 1796 2709 adver—

120 2756 204 2789 sus
238 2741 560 2792 Athenienses
595 2744 794 2792 hostilia
827 2727 1080 2802 fecerunt,
1117 2742 1286 2806 paucis
1322 2740 1666 2804 exponendum
1701 2746 1795 2789 est.

117 2820 261 2869 Anno
293 2821 446 2886 igitur
476 2825 587 2874 424.
622 2825 700 2872 vel
736 2824 813 2873 Ol.
849 2826 930 2882 89,
959 2825 1004 2872 1.
1043 2823 1339 2870 Boeotorum
1377 2820 1554 2879 factio,
1592 2826 1795 2869 auctore

117 2899 396 2949 Ptoeodoro
432 2903 618 2963 exsule,
654 2921 764 2952 cum
787 2904 1112 2968 Hippocrate,
1152 2900 1523 2950 Atheniensium
1550 2908 1798 2965 praetore,

117 2981 386 3045 transegit,
435 2984 699 3045 cupiens
737 2984 1117 3031 civitatium
1155 2982 1798 3030 administrationem

117 3058 187 3108 ab
221 3060 630 3123 optimatium
665 3063 958 3127 potentia
993 3063 1067 3110 ad
1102 3062 1359 3126 plebem
1393 3060 1798 3120 transferri,

117 3146 176 3188 ut
214 3139 408 3187 similes
444 3140 770 3191 redderentur
803 3141 1111 3208 reipublicae
1146 3141 1538 3190 Atheniensium.
1607 3139 1800 3188 Placuit

175 3258 220 3312 ²⁸)
249 3257 318 3301 cf.
350 3274 392 3341 v:
421 3258 499 3301 21:
523 3327 532 3342 ,
554 3254 645 3303 εἴθ’
672 3255 815 3317 ’Ἡρας
854 3256 948 3305 ὕπο
986 3260 1189 3319 κέντροις
1228 3260 1487 3317 δαμασθεὶς
1529 3261 1649 3304 εἴτε
1690 3277 1714 3302 τ
1733 3261 1800 3303 οὗ

329 3343 396 3372 em
412 3345 439 3371 ν
512 3345 624 3373 ετα.

146 3368 231 3451 *¹23⁵
252 3342 391 3439 {fgrus
419 3346 604 3442 ngculi
631 3404 758 3455 pater
785 3400 1050 3456 Amphitruo
1081 3404 1169 3452 est3
1199 3400 1319 3444 Iovis
1348 3415 1397 3443 se
1427 3402 1569 3444 filium
1591 3414 1688 3442 csse
1709 3398 1803 3441 vir-

258 3468 426 3512 tutibus
454 3475 662 3522 testatum
691 3470 749 3514 cf.
779 3486 824 3514 v.
851 3470 936 3514 8⁰2
952 3470 1116 3514 -806.

1410 3544 1442 3590 2
