2150 3866
1121 269 1244 326 226

352 432 552 468 caussas
601 416 744 465 altius
788 416 1000 466 latentes
1049 414 1315 464 ostendere
1349 416 1580 478 student;
1629 422 1682 468 et
1713 422 1879 470 tamen
1913 435 2024 470 sae-

350 498 555 562 pissime
588 511 651 544 ne
674 496 798 544 haec
822 495 1022 559 quidem
1057 495 1177 544 satis
1203 494 1366 543 valida
1388 500 1502 544 sunt
1517 513 1532 544 t
1564 498 1718 547 multa
1737 499 1868 549 enim
1900 505 1954 549 et
1974 500 2027 550 in

348 593 515 626 rerum
549 581 723 625 natura
756 583 808 624 et
840 576 889 624 in
921 576 1175 623 hominum
1209 573 1417 639 ingeniis
1451 575 1694 639 eveniunt,
1728 579 1790 627 ad
1815 595 2027 643 quorum

349 656 738 721 investigandam
791 655 1029 719 originem
1092 654 1226 703 nulla
1274 654 1488 719 cognitio
1534 654 1755 705 humana
1794 659 2026 708 sufficiat.

348 735 582 784 Praestat
613 735 761 799 igitur
797 735 1003 784 deorum
1040 749 1274 799 personas
1309 734 1459 783 etiam
1494 749 1585 799 per
1618 734 2024 798 significationem

347 817 612 875 inducere,
661 831 803 878 quam
841 816 1022 880 spretis
1056 816 1117 863 iis
1150 815 1389 863 iacturam
1420 814 1589 863 facere
1623 816 1892 880 gravitatis.
1959 819 2027 868 At

346 896 615 959 incongrua
648 901 699 942 et
732 910 904 943 secum
937 894 1203 960 pugnantia
1237 894 1474 961 effinges,
1514 894 1565 943 si
1613 895 1819 944 deorum
1852 913 2026 962 perso-

347 991 434 1025 nas
479 975 734 1027 adhibebis
780 974 961 1023 iisdem
995 975 1205 1035 fabulis,
1257 975 1305 1023 in
1340 977 1516 1038 quibus
1550 975 1658 1023 tolli
1690 975 1890 1026 illorum
1922 976 2028 1026 for·

347 1072 453 1104 mas
488 1072 517 1104 a
550 1055 915 1119 disputantibus
951 1053 1149 1103 feceris.
1217 1055 1283 1104 Et
1317 1056 1427 1119 quis
1470 1071 1566 1104 non
1600 1056 1807 1104 deorum
1853 1072 2028 1122 perso-

345 1152 432 1185 nas
468 1135 709 1200 effingens
745 1135 1013 1199 incongrua
1046 1135 1225 1183 finxit?
1259 1136 1334 1184 An
1361 1135 1636 1183 Homerum
1671 1137 1777 1184 eius
1809 1137 2030 1186 criminis

347 1221 604 1280 expertem
647 1230 761 1265 esse
810 1219 982 1278 putaS,
1031 1216 1111 1279 qui
1144 1215 1268 1264 fecit
1301 1216 1516 1265 Martem
1550 1215 1690 1263 humi
1724 1222 2029 1279 prostratum
2068 1249 2074 1253 -

346 1300 538 1360 septem
573 1295 744 1358 iugera
778 1294 1084 1342 obtinentem
1127 1302 1179 1344 et
1213 1295 1468 1343 Minervae
1500 1295 1688 1360 galeam
1724 1300 1924 1346 centum
1956 1297 2028 1346 ci-

344 1376 567 1424 vitatium
613 1374 854 1423 militibus
889 1379 1083 1438 aptam,
1131 1379 1182 1423 et
1218 1374 1381 1423 Iovem
1418 1374 1614 1423 effinxit
1643 1380 1808 1424 tantae
1841 1377 2028 1442 magni-

345 1455 548 1515 tudinis,
582 1459 639 1502 ut
673 1457 845 1518 posset
877 1458 1034 1502 terras
1060 1470 1174 1502 cum
1202 1469 1337 1502 mare
1372 1460 1575 1503 catenae
1609 1455 1830 1518 alligatas
1854 1456 1919 1504 de
1943 1471 2026 1504 ca-

346 1535 541 1584 cumine
588 1532 789 1597 Olympi
837 1531 944 1596 (qui
993 1539 1156 1582 tamen
1206 1533 1315 1598 ipse
1349 1535 1496 1582 terris
1531 1534 1674 1583 inniti
1708 1534 2026 1599 credebatur)

346 1615 687 1679 suspendere?
738 1613 849 1661 Hoc
895 1628 1056 1662 nonne
1104 1619 1181 1662 est
1214 1614 1387 1662 eodem
1423 1619 1650 1677 tempore
1683 1630 1871 1678 ponere
1905 1615 2029 1664 deo-

344 1711 452 1743 rum
488 1709 726 1758 personas
759 1692 1042 1756 figurasque
1078 1698 1128 1741 et
1161 1693 1341 1742 tollere
1373 1709 1545 1741 rursus
1578 1693 1819 1742 infinitate
1842 1696 2028 1759 magni-

346 1774 569 1823 tudinis?
634 1772 778 1820 Dicas
827 1773 1106 1820 Homerum
1169 1776 1222 1820 et
1265 1773 1431 1834 ipsum
1488 1771 1856 1836 philosophiam
1901 1790 2027 1822 ‘cum

344 1852 488 1918 poesi
532 1849 850 1898 coniunxisse
894 1855 946 1898 et
989 1850 1237 1898 interdum
1270 1849 1407 1898 illam
1441 1866 1552 1899 cum
1586 1851 1736 1900 huius
1769 1851 2028 1916 dispendio

345 1937 572 1982 secutum
605 1945 734 1978 esse.
785 1928 898 1978 Noli
931 1929 1081 1992 igitur
1107 1929 1336 1994 Euripidi
1370 1930 1563 1979 crimini
1595 1937 1794 1980 vertere
1821 1932 1872 1981 id
1897 1933 2030 1995 quod

345 2011 527 2061 mentis
571 2009 818 2058 humanae
867 2009 1039 2057 vitium
1085 2016 1190 2071 est,
1240 2025 1364 2073 quae
1398 2011 1593 2059 videtur
1624 2026 1719 2060 non
1751 2026 1905 2076 posse
1936 2027 2029 2061 un-

345 2108 492 2157 quam
528 2091 736 2138 deorum
784 2088 983 2152 figuras
1015 2089 1311 2152 speciesque
1343 2089 1561 2152 fingere,
1615 2091 1733 2153 quin
1766 2090 1921 2155 fingat
1953 2091 2029 2140 in-

346 2186 576 2233 congrua.
645 2169 754 2217 Non
803 2169 1001 2217 minima
1038 2168 1247 2216 Homeri
1281 2167 1388 2216 laus
1424 2169 1645 2217 cernitur
1677 2171 1724 2218 in
1762 2185 1849 2232 eo,
1894 2171 2029 2233 quod

345 2251 586 2300 acerrime
619 2247 758 2296 Plato
792 2248 1104 2312 vituperavit,
1139 2247 1271 2310 quod
1306 2247 1585 2295 hominibus
1621 2247 1798 2296 similia
1819 2249 2027 2298 deorum

346 2337 397 2380 et
448 2344 656 2393 corpora
711 2332 764 2375 et
809 2328 940 2374 vitae
988 2328 1234 2375 actionem
1293 2332 1343 2375 et
1389 2331 1583 2374 mentes
1632 2326 1859 2377 effinxit:
1911 2344 2027 2377 nam

346 2410 539 2459 etiamsi
591 2405 904 2472 philosophis
956 2406 1050 2454 alia
1093 2406 1299 2454 deorum
1350 2411 1524 2454 natura
1557 2407 1713 2471 magis
1748 2408 2026 2470 conveniat,

345 2489 506 2554 poetis
550 2493 689 2536 certe
734 2487 861 2535 haec
906 2486 1014 2534 sola
1060 2487 1323 2535 convenire
1370 2486 1535 2534 debet.
1604 2486 1781 2550 Neque
1826 2487 1925 2537 ulla
1968 2504 2027 2537 re

344 2567 613 2633 Euripides
666 2566 914 2632 poeticam
965 2566 1196 2615 virtutem
1249 2566 1405 2631 magis
1458 2567 1819 2629 manifestavit,
1878 2583 2026 2632 quam

347 2650 510 2713 quod,
572 2663 723 2710 quum
771 2646 997 2695 omnibus
1039 2646 1381 2711 philosophiae
1425 2647 1568 2695 bonis
1613 2647 2026 2697 instructissimus

348 2734 485 2777 esset
518 2730 571 2775 et
601 2727 728 2775 haec
764 2726 1059 2774 carminibus
1093 2725 1389 2774 includenda
1417 2732 1469 2774 et
1504 2743 1615 2775 cum
1634 2727 1780 2793 vulgo
1803 2742 2025 2776 commu-

345 2806 554 2857 nicanda
587 2820 699 2855 esse
733 2806 1055 2865 decrevisset,
1089 2805 1139 2853 in
1172 2804 1254 2852 illa
1288 2821 1344 2853 re
1375 2805 1654 2856 Homerum
1685 2808 1779 2857 sibi
1813 2822 2026 2871 sequen·

346 2888 464 2936 dum
498 2902 611 2935 ease
643 2886 900 2935 intellexit.
967 2883 1204 2934 Eiusdem
1238 2886 1431 2948 generis
1466 2891 1546 2935 est
1578 2892 1631 2935 et
1675 2903 1786 2935 cum
1827 2886 1912 2935 illo
1945 2901 2025 2934 ar-

347 2967 567 3014 ctissime
602 2965 946 3026 coniunctum,
982 2965 1130 3029 quod,
1164 2964 1207 3011 si
1242 2979 1337 3027 qua
1382 2965 1565 3015 fabulis
1599 2966 1798 3016 traditi·
1830 2966 2025 3014 inerant

346 3045 582 3093 miracula
609 3061 638 3093 a
656 3050 830 3093 natura
853 3050 903 3094 et
925 3046 1115 3093 ratione
1138 3043 1469 3108 abhorrentia,
1506 3046 1578 3094 sic
1603 3044 1944 3104 conformavit,
1969 3048 2024 3093 ut

346 3124 493 3173 simul
527 3129 580 3172 et
613 3125 771 3173 doctis
809 3130 860 3172 et
891 3124 1100 3173 indoctis
1124 3123 1450 3177 satisfaceret.
1501 3127 1721 3176 Naturae
1749 3115 1880 3173 enim
1905 3139 2024 3189 por-

344 3204 492 3253 tentis
518 3204 749 3268 physicas
783 3204 999 3253 rationes
1018 3207 1152 3253 tecte
1175 3203 1399 3263 subiecit,
1435 3206 1683 3254 hominum
1707 3208 1872 3251 autem
1893 3203 2024 3252 facta

344 3287 570 3332 naturam
604 3285 887 3346 superantia
920 3285 991 3332 sic
1024 3283 1284 3348 exposuit,
1319 3290 1390 3346 ut,
1427 3285 1617 3334 etiamsi
1650 3298 1747 3331 non
1781 3287 2024 3332 consueta

344 3368 494 3427 atque
526 3363 834 3424 communia,
881 3367 1018 3412 certe
1062 3363 1404 3413 communibus
1449 3363 1695 3415 simillima
1739 3377 1852 3411 esse
1885 3362 2021 3412 vide-
