2170 3848
967 280 1051 338 39

167 438 298 482 teste
328 430 469 482 Suet.
506 430 591 478 vit.
626 430 745 479 Ner.
783 446 822 478 c.
849 430 930 477 21.
980 427 1170 475 Totum
1206 426 1377 475 drama
1412 427 1602 478 Seneca
1633 428 1856 478 imitatus

168 517 265 572 est,
300 512 365 560 de
399 527 495 574 qua
529 510 803 559 imitatione
839 514 892 558 et
927 507 1176 556 uberrime
1210 508 1442 569 exposuit
1474 515 1525 556 et
1558 509 1854 573 benignissi-

166 608 279 653 me,
329 607 391 639 ne
444 592 605 639 dicam
653 590 938 648 ambitiose,
988 587 1223 635 iudicavit
1264 585 1570 653 Lessingius.
1654 589 1851 638 Etenim

165 687 323 738 paene
355 671 596 735 purgandi
632 675 807 735 poetae
835 667 1043 717 Romani
1069 665 1287 715 studium
1316 666 1364 715 in
1395 668 1706 731 iniquitatem
1741 685 1852 718 ver-

166 753 228 801 tit
273 759 327 801 et
368 753 591 800 iniuriam
629 751 763 808 eius,
811 765 956 812 quem
1004 747 1091 795 ille
1135 746 1353 795 imitatus
1396 754 1491 799 est.
1563 749 1730 814 Magni
1777 750 1853 798 fa-

168 834 238 881 cit
275 833 493 882 Senecae
538 833 782 879 inventum
819 829 1006 876 exitum
1043 829 1212 875 statim
1259 829 1308 875 in
1356 830 1608 892 prooemio
1656 816 1853 894 praedi-

168 912 382 971 centis„
404 925 501 975 quo
536 910 659 958 dicit
694 909 1032 972 duplicitatem
1071 909 1349 972 argumenti
1385 910 1445 957 ad
1483 911 1853 975 simplicitatem

165 996 444 1040 revocatam
498 1006 628 1038 esse.
712 990 777 1037 At
825 990 923 1037 hoc
970 990 1132 1054 ipsum
1178 990 1439 1039 artificium
1486 1006 1548 1039 ex
1596 990 1852 1055 Euripidis

165 1085 294 1136 penu
327 1070 677 1135 depromptum
711 1075 820 1130 est,
866 1071 1050 1119 utentis
1102 1085 1193 1129 eo,
1255 1070 1536 1135 ubicunque
1573 1071 1692 1119 utile
1727 1075 1850 1122 erat.

164 1150 273 1200 Non
320 1156 398 1198 est
442 1167 650 1199 necesse
696 1166 778 1198 res
828 1152 1034 1199 miseras
1079 1152 1128 1199 in
1177 1150 1330 1198 laetas
1383 1152 1594 1211 mutari,
1648 1152 1730 1199 ubi
1765 1167 1851 1199 au-

163 1231 278 1296 geri
305 1231 506 1278 miseria
546 1236 717 1295 potest
761 1235 814 1279 et
848 1231 1014 1294 Scylla
1050 1230 1354 1295 Charybdidi
1387 1231 1541 1279 vicina
1578 1237 1702 1297 est2·
1732 1246 1853 1296 ergo

164 1327 228 1361 ne
274 1313 508 1374 occupari
552 1311 752 1374 quidem
797 1311 1079 1375 opinionem
1128 1327 1339 1360 necesse
1384 1312 1495 1359 fuit.
1564 1313 1739 1374 Neque
1781 1311 1852 1358 vi-

162 1389 311 1441 tanda
342 1391 440 1440 fuit
473 1391 754 1456 duplicitaS,
791 1407 919 1455 quae
954 1391 1086 1439 nulla
1121 1408 1147 1439 a
1172 1393 1413 1456 principio
1439 1391 1614 1440 adfuit.
1662 1392 1852 1440 Absen-

161 1473 232 1522 tia
249 1472 377 1521 enim
395 1472 768 1537 patrisfamilias
796 1476 849 1520 et
864 1473 1051 1520 reditus
1066 1472 1308 1530 eiusdem,
1329 1480 1431 1520 tum
1446 1473 1633 1520 familia
1646 1473 1853 1520 absente

162 1553 364 1603 domino
410 1568 682 1616 oppressa,
732 1553 974 1600 redeunte
1025 1561 1110 1600 aut
1160 1553 1364 1601 liberata
1399 1554 1626 1601 vincente
1672 1568 1732 1600 eo
1766 1555 1854 1600 aut

162 1633 306 1699 plane
353 1634 669 1697 pessumdata
714 1633 1098 1691 succumbente,
1160 1635 1409 1698 quomodo
1461 1632 1699 1681 dissecari
1749 1632 1854 1680 sine

163 1713 365 1763 vulnere
399 1715 606 1777 potest‘}
674 1715 859 1764 Contra
893 1715 1112 1777 neglexit
1146 1714 1435 1776 Lessingius
1469 1713 1666 1760 laudem
1702 1712 1851 1760 Euri-

164 1794 312 1859 pidis,
346 1810 470 1858 quae
505 1809 699 1842 summa
720 1799 814 1856 est,
850 1795 981 1857 quod
1017 1794 1198 1843 finibus
1227 1802 1433 1842 naturae
1452 1794 1697 1841 humanae
1720 1792 1851 1840 Her-

164 1874 328 1922 culem
362 1879 416 1922 et
448 1889 529 1922 res
564 1881 728 1938 gestas
764 1875 871 1922 eiua
906 1874 1198 1921 felicissime
1233 1874 1584 1932 circumclusit,
1621 1872 1852 1936 quodque

163 1953 364 2018 grandia
385 1968 596 2016 sequens
613 1970 841 2018 pompam
864 1969 1030 2002 rerum
1054 1955 1420 2016 verborumque
1447 1970 1640 2000 omnem
1670 1953 1851 2000 vitavit.

165 2034 307 2083 Licet
327 2033 478 2097 igitur
503 2033 563 2080 ad
588 2034 712 2081 lianc
743 2033 956 2081 fabulam
982 2033 1255 2081 transferre
1290 2034 1419 2096 quod
1447 2035 1510 2081 de
1541 2033 1852 2081 Phaethonte

162 2114 387 2164 eiusdem
421 2119 602 2177 poetae
638 2112 884 2162 Goethius
917 2114 1251 2176 praedicavit:
1290 2113 1439 2173 „Wie
1465 2113 1558 2160 viel
1582 2113 1726 2161 licl'se
1745 2113 1852 2160 sich

161 2194 300 2244 nicht
333 2195 458 2242 iiber
492 2193 575 2241 die
611 2193 795 2241 Einsalt
829 2194 926 2242 und
964 2193 1226 2242 Grossheit
1273 2195 1399 2243 auch
1437 2195 1601 2242 dieses
1638 2193 1851 2241 Stiickes

162 2275 371 2323 riihmen
407 2274 506 2322 und
542 2289 718 2339 sagen,
768 2274 832 2322 da
867 2290 921 2322 es
958 2275 1088 2322 ohne
1124 2275 1515 2338 labyrinthische
1552 2275 1854 2338 Exposition'

162 2371 251 2404 uns
295 2354 461 2420 gleich
497 2371 619 2408 .zum
655 2354 916 2403 Iliichsten
957 2357 1056 2404 und
1093 2355 1415 2418 Wijrdigsten
1451 2356 1590 2404 ffihrt
1625 2356 1724 2404 und
1762 2355 1853 2403 mit

159 2435 508 2484 bedeutenden
545 2435 891 2500 Gegensiitzen
940 2435 1050 2483 auf
1092 2436 1196 2483 die
1245 2436 1851 2503 naturgemiil'seste

162 2515 380 2565 Weise
414 2516 674 2580 ergiitzt
707 2516 828 2564 und
865 2516 1203 2565 belchrtl''

700 2856 770 2911 B.
842 2856 1302 2934 Temenides.

304 2993 539 3066 Τήμενὸς
585 3017 646 3050 an
687 2998 971 3067 Τημενίδαι
1019 3018 1080 3051 an
1123 3002 1407 3067 Τημενίδες
1441 3020 1619 3052 nomen
1654 3007 1848 3065 tragoe—

163 3082 274 3128 diae
306 3080 482 3139 fuerit,
517 3081 757 3131 incertum
796 3089 888 3132 est.
957 3082 1082 3131 Nam
1121 3084 1322 3143 Stobaei
1357 3084 1555 3148 quidem
1595 3083 1706 3130 libri
1742 3080 1849 3128 fere

163 3160 349 3224 ubique
393 3158 678 3226 Τημενίσιν
710 3164 787 3211 vel
830 3161 1158 3227 Τημενίδων,
1196 3165 1351 3211 tribus
1387 3170 1553 3211 autem
1592 3164 1668 3211 vel
1704 3165 1848 3226 quat-

161 3245 276 3289 tuor
311 3241 433 3290 locis
479 3237 699 3307 Τημένῳ
732 3247 1005 3306 praehent3
1053 3246 1174 3293 item
1212 3244 1494 3307 Hesychius
1531 3251 1706 3308 quater
1747 3242 1850 3303 Τη-

161 3316 303 3385 μένῳ
338 3323 552 3386 scripsit.
625 3323 823 3371 Duobus
857 3330 1047 3372 tantum
1084 3325 1377 3390 fragmentis
1412 3341 1591 3371 nomen
1633 3318 1850 3385 Τημενί-

163 3398 314 3462 dats,
349 3406 402 3450 et
435 3403 633 3466 quidem
671 3404 799 3467 apud
835 3405 1093 3453 Aelianum
1129 3412 1180 3453 et
1216 3405 1498 3465 Pollucem7
1545 3403 1852 3467 adscriptum

164 3487 269 3544 est,
303 3482 436 3544 quod
471 3484 745 3532 scribarum
781 3487 936 3534 errori
970 3486 1284 3536 tribuendum
1322 3498 1434 3534 esse
1468 3483 1658 3532 facilius
1685 3483 1851 3541 credo,
