<?xml version="1.0" encoding="UTF-8"?>
<!DOCTYPE html PUBLIC "-//W3C//DTD XHTML 1.0 Transitional//EN"
    "http://www.w3.org/TR/xhtml1/DTD/xhtml1-transitional.dtd">
<html xmlns="http://www.w3.org/1999/xhtml" xml:lang="en" lang="en">
 <head>
  <title>
</title>
<meta http-equiv="Content-Type" content="text/html;charset=utf-8" />
  <meta name='ocr-system' content='tesseract 3.04.00' />
  <meta name='ocr-capabilities' content='ocr_page ocr_carea ocr_par ocr_line ocrx_word'/>
</head>
<body>
  <div class='ocr_page' id='page_1' title='image "./euripidesrestitu02hartuoft_0164.png"; bbox 0 0 2170 3848; ppageno 0'>
   <div class='ocr_carea' id='block_1_1' title="bbox 1143 253 1262 311">
    <p class='ocr_par' dir='ltr' id='par_1_1' title="bbox 1143 253 1262 311">
     <span class='ocr_line' id='line_1_1' title="bbox 1143 253 1262 311; baseline -0.008 0"><span class='ocrx_word' id='word_1_1' title='bbox 1143 253 1262 311; x_wconf 80' lang='lat'><strong>152</strong></span> 
     </span>
    </p>
   </div>
   <div class='ocr_carea' id='block_1_2' title="bbox 390 400 2131 3322">
    <p class='ocr_par' dir='ltr' id='par_1_2' title="bbox 390 400 2131 3322">
     <span class='ocr_line' id='line_1_2' title="bbox 520 400 2051 467; baseline 0.001 -15"><span class='ocrx_word' id='word_1_2' title='bbox 520 400 770 452; x_wconf 84' lang='lat' dir='ltr'><strong>Prodeunt</strong></span> <span class='ocrx_word' id='word_1_3' title='bbox 801 400 950 466; x_wconf 79' lang='lat' dir='ltr'><strong>igitur</strong></span> <span class='ocrx_word' id='word_1_4' title='bbox 980 400 1142 467; x_wconf 91' lang='lat' dir='ltr'><strong>primo</strong></span> <span class='ocrx_word' id='word_1_5' title='bbox 1176 416 1321 450; x_wconf 90' lang='lat' dir='ltr'><strong>mane</strong></span> <span class='ocrx_word' id='word_1_6' title='bbox 1352 401 1401 450; x_wconf 90' lang='lat' dir='ltr'><strong>in</strong></span> <span class='ocrx_word' id='word_1_7' title='bbox 1432 417 1627 454; x_wconf 81' lang='lat' dir='ltr'>scenam</span> <span class='ocrx_word' id='word_1_8' title='bbox 1664 409 1808 454; x_wconf 86' lang='lat' dir='ltr'><strong>caute</strong></span> <span class='ocrx_word' id='word_1_9' title='bbox 1840 404 2051 454; x_wconf 87' lang='lat' dir='ltr'><strong>circum-</strong></span> 
     </span>
     <span class='ocr_line' id='line_1_3' title="bbox 391 480 2052 549; baseline 0 -16"><span class='ocrx_word' id='word_1_10' title='bbox 391 482 671 549; x_wconf 78' lang='lat' dir='ltr'><strong>spicientes,</strong></span> <span class='ocrx_word' id='word_1_11' title='bbox 704 496 767 529; x_wconf 89' lang='lat' dir='ltr'><strong>ne</strong></span> <span class='ocrx_word' id='word_1_12' title='bbox 792 481 901 544; x_wconf 82' lang='lat' dir='ltr'><strong>quis</strong></span> <span class='ocrx_word' id='word_1_13' title='bbox 924 480 1111 529; x_wconf 85' lang='lat' dir='ltr'><strong>obviam</strong></span> <span class='ocrx_word' id='word_1_14' title='bbox 1138 480 1298 529; x_wconf 85' lang='lat' dir='ltr'><strong>veniat</strong></span> <span class='ocrx_word' id='word_1_15' title='bbox 1319 480 1647 545; x_wconf 87' lang='lat' dir='ltr'><strong>barbarorum,</strong></span> <span class='ocrx_word' id='word_1_16' title='bbox 1673 483 1877 533; x_wconf 77' lang='lat' dir='ltr'><strong>Orestes</strong></span> <span class='ocrx_word' id='word_1_17' title='bbox 1904 489 2052 548; x_wconf 87' lang='lat' dir='ltr'><strong>atque</strong></span> 
     </span>
     <span class='ocr_line' id='line_1_4' title="bbox 390 559 2051 626; baseline 0 -14"><span class='ocrx_word' id='word_1_18' title='bbox 390 562 633 626; x_wconf 80' lang='lat' dir='ltr'><strong>PyladeS,</strong></span> <span class='ocrx_word' id='word_1_19' title='bbox 684 560 766 623; x_wconf 89' lang='lat' dir='ltr'><strong>qui</strong></span> <span class='ocrx_word' id='word_1_20' title='bbox 801 560 1039 624; x_wconf 71' lang='lat' dir='ltr'><strong>Apollinis</strong></span> <span class='ocrx_word' id='word_1_21' title='bbox 1087 560 1225 608; x_wconf 84' lang='lat' dir='ltr'><strong>iussu</strong></span> <span class='ocrx_word' id='word_1_22' title='bbox 1257 559 1353 608; x_wconf 88' lang='lat' dir='ltr'><strong>iter</strong></span> <span class='ocrx_word' id='word_1_23' title='bbox 1399 560 1594 625; x_wconf 82' lang='lat' dir='ltr'><strong>longum</strong></span> <span class='ocrx_word' id='word_1_24' title='bbox 1628 567 1687 611; x_wconf 90' lang='lat' dir='ltr'><strong>ac</strong></span> <span class='ocrx_word' id='word_1_25' title='bbox 1721 563 2051 626; x_wconf 88' lang='lat' dir='ltr'><strong>periculosum</strong></span> 
     </span>
     <span class='ocr_line' id='line_1_5' title="bbox 392 638 2051 707; baseline 0.001 -17"><span class='ocrx_word' id='word_1_26' title='bbox 392 640 580 690; x_wconf 90' lang='lat' dir='ltr'><strong>emensi</strong></span> <span class='ocrx_word' id='word_1_27' title='bbox 627 654 689 689; x_wconf 84' lang='lat' dir='ltr'><strong>ex</strong></span> <span class='ocrx_word' id='word_1_28' title='bbox 734 638 940 687; x_wconf 79' lang='lat' dir='ltr'><strong>Graecia</strong></span> <span class='ocrx_word' id='word_1_29' title='bbox 985 640 1036 687; x_wconf 89' lang='lat' dir='ltr'><strong>in</strong></span> <span class='ocrx_word' id='word_1_30' title='bbox 1089 639 1451 688; x_wconf 85' lang='lat' dir='ltr'><strong>Chersonesum</strong></span> <span class='ocrx_word' id='word_1_31' title='bbox 1485 638 1745 689; x_wconf 77' lang='lat' dir='ltr'><strong>Tauricam</strong></span> <span class='ocrx_word' id='word_1_32' title='bbox 1791 643 1901 690; x_wconf 84' lang='lat' dir='ltr'><strong>navi</strong></span> <span class='ocrx_word' id='word_1_33' title='bbox 1933 656 2051 707; x_wconf 90' lang='lat' dir='ltr'><strong>pro-</strong></span> 
     </span>
     <span class='ocr_line' id='line_1_6' title="bbox 391 717 2052 786; baseline 0 -17"><span class='ocrx_word' id='word_1_34' title='bbox 391 720 513 769; x_wconf 84' lang='lat' dir='ltr'><strong>fecti</strong></span> <span class='ocrx_word' id='word_1_35' title='bbox 547 724 684 778; x_wconf 86' lang='lat' dir='ltr'><strong>sunt,</strong></span> <span class='ocrx_word' id='word_1_36' title='bbox 732 718 1044 767; x_wconf 86' lang='lat' dir='ltr'><strong>simulacrum</strong></span> <span class='ocrx_word' id='word_1_37' title='bbox 1091 717 1214 767; x_wconf 88' lang='lat' dir='ltr'><strong>deae</strong></span> <span class='ocrx_word' id='word_1_38' title='bbox 1263 718 1326 766; x_wconf 93' lang='lat' dir='ltr'><strong>de</strong></span> <span class='ocrx_word' id='word_1_39' title='bbox 1359 719 1496 767; x_wconf 90' lang='lat' dir='ltr'><strong>coelo</strong></span> <span class='ocrx_word' id='word_1_40' title='bbox 1545 718 1798 783; x_wconf 87' lang='lat' dir='ltr'><strong>delapsum</strong></span> <span class='ocrx_word' id='word_1_41' title='bbox 1832 720 2052 786; x_wconf 88' lang='lat' dir='ltr'><strong>petituri,</strong></span> 
     </span>
     <span class='ocr_line' id='line_1_7' title="bbox 393 787 2055 863; baseline 0.001 -16"><span class='ocrx_word' id='word_1_42' title='bbox 393 815 489 863; x_wconf 92' lang='lat' dir='ltr'><strong>quo</strong></span> <span class='ocrx_word' id='word_1_43' title='bbox 523 798 740 847; x_wconf 76' lang='lat' dir='ltr'><strong>Athenas</strong></span> <span class='ocrx_word' id='word_1_44' title='bbox 775 797 963 861; x_wconf 86' lang='lat' dir='ltr'><strong>perlato</strong></span> <span class='ocrx_word' id='word_1_45' title='bbox 1000 797 1229 846; x_wconf 80' lang='lat' dir='ltr'><strong>Orestem</strong></span> <span class='ocrx_word' id='word_1_46' title='bbox 1263 797 1433 846; x_wconf 87' lang='lat' dir='ltr'><strong>furore</strong></span> <span class='ocrx_word' id='word_1_47' title='bbox 1468 802 1615 861; x_wconf 90' lang='lat' dir='ltr'><strong>atque</strong></span> <span class='ocrx_word' id='word_1_48' title='bbox 1648 787 1912 859; x_wconf 85' lang='lat' dir='ltr'><strong>erroribus,</strong></span> <span class='ocrx_word' id='word_1_49' title='bbox 1946 799 2055 862; x_wconf 85' lang='lat' dir='ltr'><strong>qui-</strong></span> 
     </span>
     <span class='ocr_line' id='line_1_8' title="bbox 393 877 2055 942; baseline -0.001 -15"><span class='ocrx_word' id='word_1_50' title='bbox 393 878 486 927; x_wconf 89' lang='lat' dir='ltr'><strong>bus</strong></span> <span class='ocrx_word' id='word_1_51' title='bbox 534 893 624 942; x_wconf 90' lang='lat' dir='ltr'><strong>per</strong></span> <span class='ocrx_word' id='word_1_52' title='bbox 670 881 823 924; x_wconf 92' lang='lat' dir='ltr'><strong>totam</strong></span> <span class='ocrx_word' id='word_1_53' title='bbox 870 883 1008 925; x_wconf 87' lang='lat' dir='ltr'><strong>actus</strong></span> <span class='ocrx_word' id='word_1_54' title='bbox 1055 881 1131 925; x_wconf 89' lang='lat' dir='ltr'><strong>est</strong></span> <span class='ocrx_word' id='word_1_55' title='bbox 1167 877 1452 937; x_wconf 82' lang='lat' dir='ltr'><strong>Graeciam,</strong></span> <span class='ocrx_word' id='word_1_56' title='bbox 1522 877 1780 928; x_wconf 86' lang='lat' dir='ltr'><strong>liberatum</strong></span> <span class='ocrx_word' id='word_1_57' title='bbox 1823 877 1885 927; x_wconf 91' lang='lat' dir='ltr'><strong>iri</strong></span> <span class='ocrx_word' id='word_1_58' title='bbox 1931 877 2055 927; x_wconf 85' lang='lat' dir='ltr'><strong>deus</strong></span> 
     </span>
     <span class='ocr_line' id='line_1_9' title="bbox 393 943 2056 1022; baseline 0.001 -18"><span class='ocrx_word' id='word_1_59' title='bbox 393 957 651 1022; x_wconf 83' lang='lat' dir='ltr'><strong>praedixit.</strong></span> <span class='ocrx_word' id='word_1_60' title='bbox 720 955 942 1004; x_wconf 81' lang='lat' dir='ltr'><strong>Pericula</strong></span> <span class='ocrx_word' id='word_1_61' title='bbox 988 954 1216 1006; x_wconf 84' lang='lat' dir='ltr'><strong>adierunt</strong></span> <span class='ocrx_word' id='word_1_62' title='bbox 1251 956 1539 1018; x_wconf 79' lang='lat' dir='ltr'><strong>Argonautis</strong></span> <span class='ocrx_word' id='word_1_63' title='bbox 1588 973 1683 1006; x_wconf 90' lang='lat' dir='ltr'><strong>non</strong></span> <span class='ocrx_word' id='word_1_64' title='bbox 1720 943 1937 1018; x_wconf 79' lang='lat' dir='ltr'><strong>minora,</strong></span> <span class='ocrx_word' id='word_1_65' title='bbox 1988 957 2056 1006; x_wconf 89' lang='lat' dir='ltr'><strong>la-</strong></span> 
     </span>
     <span class='ocr_line' id='line_1_10' title="bbox 394 1034 2057 1100; baseline 0.001 -16"><span class='ocrx_word' id='word_1_66' title='bbox 394 1036 564 1084; x_wconf 87' lang='lat' dir='ltr'><strong>borem</strong></span> <span class='ocrx_word' id='word_1_67' title='bbox 622 1039 947 1098; x_wconf 88' lang='lat' dir='ltr'><strong>susceperunt</strong></span> <span class='ocrx_word' id='word_1_68' title='bbox 993 1034 1162 1083; x_wconf 87' lang='lat' dir='ltr'><strong>lasone</strong></span> <span class='ocrx_word' id='word_1_69' title='bbox 1208 1050 1305 1083; x_wconf 90' lang='lat' dir='ltr'><strong>non</strong></span> <span class='ocrx_word' id='word_1_70' title='bbox 1350 1034 1610 1096; x_wconf 85' lang='lat' dir='ltr'><strong>leviorem;</strong></span> <span class='ocrx_word' id='word_1_71' title='bbox 1658 1036 1880 1094; x_wconf 88' lang='lat' dir='ltr'><strong>accedit,</strong></span> <span class='ocrx_word' id='word_1_72' title='bbox 1925 1035 2057 1100; x_wconf 85' lang='lat' dir='ltr'><strong>quod</strong></span> 
     </span>
     <span class='ocr_line' id='line_1_11' title="bbox 395 1113 2058 1180; baseline 0.001 -18"><span class='ocrx_word' id='word_1_73' title='bbox 395 1113 599 1162; x_wconf 82' lang='lat' dir='ltr'><strong>Orestes</strong></span> <span class='ocrx_word' id='word_1_74' title='bbox 633 1114 760 1162; x_wconf 88' lang='lat' dir='ltr'><strong>malo</strong></span> <span class='ocrx_word' id='word_1_75' title='bbox 795 1114 1042 1170; x_wconf 89' lang='lat' dir='ltr'><strong>omnium,</strong></span> <span class='ocrx_word' id='word_1_76' title='bbox 1094 1129 1218 1177; x_wconf 91' lang='lat' dir='ltr'><strong>quae</strong></span> <span class='ocrx_word' id='word_1_77' title='bbox 1252 1114 1541 1164; x_wconf 87' lang='lat' dir='ltr'><strong>mortalibus</strong></span> <span class='ocrx_word' id='word_1_78' title='bbox 1575 1115 1798 1164; x_wconf 87' lang='lat' dir='ltr'><strong>accidere</strong></span> <span class='ocrx_word' id='word_1_79' title='bbox 1831 1119 2058 1180; x_wconf 82' lang='lat' dir='ltr'><strong>possunt,</strong></span> 
     </span>
     <span class='ocr_line' id='line_1_12' title="bbox 394 1193 2059 1259; baseline 0.002 -19"><span class='ocrx_word' id='word_1_80' title='bbox 394 1193 682 1259; x_wconf 80' lang='lat' dir='ltr'><strong>gravissimo</strong></span> <span class='ocrx_word' id='word_1_81' title='bbox 728 1194 987 1242; x_wconf 87' lang='lat' dir='ltr'><strong>cruciatur.</strong></span> <span class='ocrx_word' id='word_1_82' title='bbox 1067 1193 1175 1242; x_wconf 87' lang='lat' dir='ltr'><strong>Hac</strong></span> <span class='ocrx_word' id='word_1_83' title='bbox 1222 1194 1434 1242; x_wconf 89' lang='lat' dir='ltr'><strong>virorum</strong></span> <span class='ocrx_word' id='word_1_84' title='bbox 1483 1194 1551 1243; x_wconf 91' lang='lat' dir='ltr'><strong>nil</strong></span> <span class='ocrx_word' id='word_1_85' title='bbox 1585 1210 1680 1244; x_wconf 90' lang='lat' dir='ltr'><strong>non</strong></span> <span class='ocrx_word' id='word_1_86' title='bbox 1715 1194 2059 1243; x_wconf 85' lang='lat' dir='ltr'><strong>sustinentium</strong></span> 
     </span>
     <span class='ocr_line' id='line_1_13' title="bbox 395 1273 2058 1335; baseline 0 -14"><span class='ocrx_word' id='word_1_87' title='bbox 395 1274 777 1335; x_wconf 86' lang='lat' dir='ltr'><strong>audentiumque</strong></span> <span class='ocrx_word' id='word_1_88' title='bbox 812 1273 1090 1321; x_wconf 87' lang='lat' dir='ltr'><strong>conditione</strong></span> <span class='ocrx_word' id='word_1_89' title='bbox 1123 1273 1556 1322; x_wconf 77' lang='lat' dir='ltr'><strong>vehementissime</strong></span> <span class='ocrx_word' id='word_1_90' title='bbox 1584 1273 1801 1323; x_wconf 85' lang='lat' dir='ltr'><strong>Graecos</strong></span> <span class='ocrx_word' id='word_1_91' title='bbox 1834 1273 2058 1323; x_wconf 81' lang='lat' dir='ltr'><strong>homines</strong></span> 
     </span>
     <span class='ocr_line' id='line_1_14' title="bbox 395 1351 2055 1416; baseline 0 -15"><span class='ocrx_word' id='word_1_92' title='bbox 395 1356 557 1401; x_wconf 90' lang='lat' dir='ltr'><strong>motos</strong></span> <span class='ocrx_word' id='word_1_93' title='bbox 601 1368 711 1401; x_wconf 89' lang='lat' dir='ltr'><strong>esse</strong></span> <span class='ocrx_word' id='word_1_94' title='bbox 759 1351 903 1400; x_wconf 84' lang='lat' dir='ltr'><strong>facile</strong></span> <span class='ocrx_word' id='word_1_95' title='bbox 946 1351 1248 1415; x_wconf 85' lang='lat' dir='ltr'><strong>intelligitur.</strong></span> <span class='ocrx_word' id='word_1_96' title='bbox 1329 1351 1454 1400; x_wconf 88' lang='lat' dir='ltr'><strong>Nam</strong></span> <span class='ocrx_word' id='word_1_97' title='bbox 1503 1359 1685 1416; x_wconf 91' lang='lat' dir='ltr'><strong>quanto</strong></span> <span class='ocrx_word' id='word_1_98' title='bbox 1746 1353 1913 1402; x_wconf 88' lang='lat' dir='ltr'><strong>studio</strong></span> <span class='ocrx_word' id='word_1_99' title='bbox 1964 1366 2055 1401; x_wconf 87' lang='lat' dir='ltr'><strong>nos</strong></span> 
     </span>
     <span class='ocr_line' id='line_1_15' title="bbox 397 1431 2059 1496; baseline 0 -16"><span class='ocrx_word' id='word_1_100' title='bbox 397 1431 623 1480; x_wconf 89' lang='lat' dir='ltr'><strong>homines</strong></span> <span class='ocrx_word' id='word_1_101' title='bbox 659 1431 916 1479; x_wconf 89' lang='lat' dir='ltr'><strong>umbratici</strong></span> <span class='ocrx_word' id='word_1_102' title='bbox 948 1431 1175 1496; x_wconf 86' lang='lat' dir='ltr'><strong>vitaeque</strong></span> <span class='ocrx_word' id='word_1_103' title='bbox 1211 1437 1429 1480; x_wconf 89' lang='lat' dir='ltr'><strong>amantes</strong></span> <span class='ocrx_word' id='word_1_104' title='bbox 1477 1433 1664 1480; x_wconf 86' lang='lat' dir='ltr'><strong>otiosae</strong></span> <span class='ocrx_word' id='word_1_105' title='bbox 1713 1434 1942 1482; x_wconf 86' lang='lat' dir='ltr'><strong>abstruse</strong></span> <span class='ocrx_word' id='word_1_106' title='bbox 1975 1445 2059 1480; x_wconf 87' lang='lat' dir='ltr'><strong>co-</strong></span> 
     </span>
     <span class='ocr_line' id='line_1_16' title="bbox 396 1510 2062 1576; baseline 0.001 -18"><span class='ocrx_word' id='word_1_107' title='bbox 396 1511 546 1575; x_wconf 83' lang='lat' dir='ltr'><strong>gitata</strong></span> <span class='ocrx_word' id='word_1_108' title='bbox 579 1510 949 1575; x_wconf 88' lang='lat' dir='ltr'><strong>amplectimur,</strong></span> <span class='ocrx_word' id='word_1_109' title='bbox 999 1515 1053 1558; x_wconf 87' lang='lat' dir='ltr'><strong>ut</strong></span> <span class='ocrx_word' id='word_1_110' title='bbox 1095 1527 1159 1560; x_wconf 90' lang='lat' dir='ltr'><strong>ne</strong></span> <span class='ocrx_word' id='word_1_111' title='bbox 1201 1511 1391 1559; x_wconf 88' lang='lat' dir='ltr'><strong>fabulas</strong></span> <span class='ocrx_word' id='word_1_112' title='bbox 1436 1510 1630 1574; x_wconf 91' lang='lat' dir='ltr'><strong>quidem</strong></span> <span class='ocrx_word' id='word_1_113' title='bbox 1666 1512 1930 1576; x_wconf 83' lang='lat' dir='ltr'><strong>probemus</strong></span> <span class='ocrx_word' id='word_1_114' title='bbox 1963 1510 2062 1560; x_wconf 87' lang='lat' dir='ltr'><strong>nisi</strong></span> 
     </span>
     <span class='ocr_line' id='line_1_17' title="bbox 399 1589 2059 1656; baseline 0 -18"><span class='ocrx_word' id='word_1_115' title='bbox 399 1605 499 1650; x_wconf 89' lang='lat' dir='ltr'><strong>eas,</strong></span> <span class='ocrx_word' id='word_1_116' title='bbox 536 1591 710 1653; x_wconf 87' lang='lat' dir='ltr'><strong>quibus</strong></span> <span class='ocrx_word' id='word_1_117' title='bbox 744 1591 1013 1638; x_wconf 88' lang='lat' dir='ltr'><strong>sententiae</strong></span> <span class='ocrx_word' id='word_1_118' title='bbox 1047 1589 1238 1654; x_wconf 86' lang='lat' dir='ltr'><strong>aliquae</strong></span> <span class='ocrx_word' id='word_1_119' title='bbox 1272 1589 1404 1638; x_wconf 87' lang='lat' dir='ltr'><strong>haud</strong></span> <span class='ocrx_word' id='word_1_120' title='bbox 1437 1591 1660 1656; x_wconf 81' lang='lat' dir='ltr'><strong>vulgares</strong></span> <span class='ocrx_word' id='word_1_121' title='bbox 1693 1590 1770 1639; x_wconf 80' lang='lat' dir='ltr'><strong>vel</strong></span> <span class='ocrx_word' id='word_1_122' title='bbox 1795 1594 2059 1655; x_wconf 84' lang='lat' dir='ltr'><strong>praecepta</strong></span> 
     </span>
     <span class='ocr_line' id='line_1_18' title="bbox 397 1669 2060 1733; baseline 0.001 -16"><span class='ocrx_word' id='word_1_123' title='bbox 397 1670 662 1733; x_wconf 84' lang='lat' dir='ltr'><strong>sapientiae</strong></span> <span class='ocrx_word' id='word_1_124' title='bbox 696 1669 1120 1728; x_wconf 86' lang='lat' dir='ltr'><strong>demonstrentur,</strong></span> <span class='ocrx_word' id='word_1_125' title='bbox 1173 1675 1304 1717; x_wconf 90' lang='lat' dir='ltr'><strong>tanto</strong></span> <span class='ocrx_word' id='word_1_126' title='bbox 1339 1669 1502 1718; x_wconf 86' lang='lat' dir='ltr'><strong>studio</strong></span> <span class='ocrx_word' id='word_1_127' title='bbox 1536 1671 1634 1730; x_wconf 91' lang='lat' dir='ltr'><strong>illi,</strong></span> <span class='ocrx_word' id='word_1_128' title='bbox 1667 1676 1723 1719; x_wconf 89' lang='lat' dir='ltr'><strong>ut</strong></span> <span class='ocrx_word' id='word_1_129' title='bbox 1757 1673 1898 1718; x_wconf 88' lang='lat' dir='ltr'><strong>erant</strong></span> <span class='ocrx_word' id='word_1_130' title='bbox 1930 1674 2060 1719; x_wconf 89' lang='lat' dir='ltr'><strong>stre-</strong></span> 
     </span>
     <span class='ocr_line' id='line_1_19' title="bbox 396 1748 2061 1813; baseline 0 -16"><span class='ocrx_word' id='word_1_131' title='bbox 396 1749 481 1797; x_wconf 87' lang='lat' dir='ltr'><strong>nui</strong></span> <span class='ocrx_word' id='word_1_132' title='bbox 515 1754 566 1797; x_wconf 90' lang='lat' dir='ltr'><strong>et</strong></span> <span class='ocrx_word' id='word_1_133' title='bbox 599 1749 847 1797; x_wconf 87' lang='lat' dir='ltr'><strong>laboribus</strong></span> <span class='ocrx_word' id='word_1_134' title='bbox 881 1748 1027 1796; x_wconf 87' lang='lat' dir='ltr'><strong>animi</strong></span> <span class='ocrx_word' id='word_1_135' title='bbox 1062 1748 1386 1813; x_wconf 87' lang='lat' dir='ltr'><strong>corporisque</strong></span> <span class='ocrx_word' id='word_1_136' title='bbox 1419 1748 1634 1797; x_wconf 82' lang='lat' dir='ltr'><strong>ferendis</strong></span> <span class='ocrx_word' id='word_1_137' title='bbox 1670 1749 1892 1808; x_wconf 64' lang='lat' dir='ltr'><strong>adsueti,</strong></span> <span class='ocrx_word' id='word_1_138' title='bbox 1928 1749 2061 1798; x_wconf 85' lang='lat' dir='ltr'><strong>viros</strong></span> 
     </span>
     <span class='ocr_line' id='line_1_20' title="bbox 400 1827 2062 1892; baseline 0.001 -16"><span class='ocrx_word' id='word_1_139' title='bbox 400 1830 662 1877; x_wconf 89' lang='lat' dir='ltr'><strong>certamina</strong></span> <span class='ocrx_word' id='word_1_140' title='bbox 711 1827 910 1876; x_wconf 84' lang='lat' dir='ltr'><strong>fortiter</strong></span> <span class='ocrx_word' id='word_1_141' title='bbox 959 1829 1224 1876; x_wconf 91' lang='lat' dir='ltr'><strong>subeuntes</strong></span> <span class='ocrx_word' id='word_1_142' title='bbox 1255 1832 1324 1875; x_wconf 65' lang='lat' dir='ltr'><strong>oet</strong></span> <span class='ocrx_word' id='word_1_143' title='bbox 1375 1827 1591 1892; x_wconf 89' lang='lat' dir='ltr'><strong>pericula</strong></span> <span class='ocrx_word' id='word_1_144' title='bbox 1638 1828 1812 1876; x_wconf 90' lang='lat' dir='ltr'><strong>callide</strong></span> <span class='ocrx_word' id='word_1_145' title='bbox 1855 1829 2062 1878; x_wconf 83' lang='lat' dir='ltr'><strong>vitantes</strong></span> 
     </span>
     <span class='ocr_line' id='line_1_21' title="bbox 397 1907 2064 1972; baseline 0.001 -16"><span class='ocrx_word' id='word_1_146' title='bbox 397 1907 447 1956; x_wconf 87' lang='lat' dir='ltr'><strong>in</strong></span> <span class='ocrx_word' id='word_1_147' title='bbox 481 1923 628 1956; x_wconf 89' lang='lat' dir='ltr'><strong>scena</strong></span> <span class='ocrx_word' id='word_1_148' title='bbox 662 1909 965 1972; x_wconf 83' lang='lat' dir='ltr'><strong>spectabant,</strong></span> <span class='ocrx_word' id='word_1_149' title='bbox 1000 1907 1182 1970; x_wconf 84' lang='lat' dir='ltr'><strong>quippe</strong></span> <span class='ocrx_word' id='word_1_150' title='bbox 1218 1922 1313 1955; x_wconf 91' lang='lat' dir='ltr'><strong>non</strong></span> <span class='ocrx_word' id='word_1_151' title='bbox 1347 1922 1603 1956; x_wconf 88' lang='lat' dir='ltr'><strong>sensorum</strong></span> <span class='ocrx_word' id='word_1_152' title='bbox 1638 1907 2064 1972; x_wconf 84' lang='lat' dir='ltr'><strong>cogitatornmque</strong></span> 
     </span>
     <span class='ocr_line' id='line_1_22' title="bbox 398 1986 2063 2053; baseline 0.001 -18"><span class='ocrx_word' id='word_1_153' title='bbox 398 1987 684 2046; x_wconf 87' lang='lat' dir='ltr'><strong>subtilitate,</strong></span> <span class='ocrx_word' id='word_1_154' title='bbox 709 1987 797 2035; x_wconf 89' lang='lat' dir='ltr'><strong>sed</strong></span> <span class='ocrx_word' id='word_1_155' title='bbox 822 1986 1001 2034; x_wconf 91' lang='lat' dir='ltr'><strong>robore</strong></span> <span class='ocrx_word' id='word_1_156' title='bbox 1031 1986 1176 2033; x_wconf 92' lang='lat' dir='ltr'><strong>animi</strong></span> <span class='ocrx_word' id='word_1_157' title='bbox 1204 1986 1523 2049; x_wconf 87' lang='lat' dir='ltr'><strong>corporisque</strong></span> <span class='ocrx_word' id='word_1_158' title='bbox 1541 1992 1592 2034; x_wconf 91' lang='lat' dir='ltr'><strong>et</strong></span> <span class='ocrx_word' id='word_1_159' title='bbox 1613 1986 1854 2034; x_wconf 86' lang='lat' dir='ltr'><strong>factorum</strong></span> <span class='ocrx_word' id='word_1_160' title='bbox 1872 1986 2063 2053; x_wconf 85' lang='lat' dir='ltr'><strong>magni-</strong></span> 
     </span>
     <span class='ocr_line' id='line_1_23' title="bbox 398 2065 2063 2115; baseline 0.001 -1"><span class='ocrx_word' id='word_1_161' title='bbox 398 2066 565 2115; x_wconf 88' lang='lat' dir='ltr'><strong>tudine</strong></span> <span class='ocrx_word' id='word_1_162' title='bbox 601 2081 908 2114; x_wconf 90' lang='lat' dir='ltr'><strong>communem</strong></span> <span class='ocrx_word' id='word_1_163' title='bbox 941 2065 1217 2113; x_wconf 88' lang='lat' dir='ltr'><strong>mortalium</strong></span> <span class='ocrx_word' id='word_1_164' title='bbox 1252 2065 1581 2113; x_wconf 86' lang='lat' dir='ltr'><strong>conditionem</strong></span> <span class='ocrx_word' id='word_1_165' title='bbox 1628 2065 1915 2113; x_wconf 86' lang='lat' dir='ltr'><strong>vincendam</strong></span> <span class='ocrx_word' id='word_1_166' title='bbox 1950 2081 2063 2115; x_wconf 86' lang='lat' dir='ltr'><strong>esse</strong></span> 
     </span>
     <span class='ocr_line' id='line_1_24' title="bbox 399 2143 2062 2208; baseline -0.001 -14"><span class='ocrx_word' id='word_1_167' title='bbox 399 2152 676 2194; x_wconf 78' lang='lat' dir='ltr'><strong>censentes,</strong></span> <span class='ocrx_word' id='word_1_168' title='bbox 746 2145 856 2193; x_wconf 89' lang='lat' dir='ltr'><strong>Hoc</strong></span> <span class='ocrx_word' id='word_1_169' title='bbox 892 2145 1159 2192; x_wconf 85' lang='lat' dir='ltr'><strong>sentientes</strong></span> <span class='ocrx_word' id='word_1_170' title='bbox 1194 2144 1388 2193; x_wconf 85' lang='lat' dir='ltr'><strong>illorum</strong></span> <span class='ocrx_word' id='word_1_171' title='bbox 1423 2148 1597 2208; x_wconf 87' lang='lat' dir='ltr'><strong>poetae</strong></span> <span class='ocrx_word' id='word_1_172' title='bbox 1633 2143 1891 2206; x_wconf 76' lang='lat' dir='ltr'><strong>HerculeS,</strong></span> <span class='ocrx_word' id='word_1_173' title='bbox 1925 2143 2062 2194; x_wconf 86' lang='lat' dir='ltr'><strong>The-</strong></span> 
     </span>
     <span class='ocr_line' id='line_1_25' title="bbox 399 2223 2063 2287; baseline 0 -15"><span class='ocrx_word' id='word_1_174' title='bbox 399 2240 529 2284; x_wconf 86' lang='lat' dir='ltr'><strong>seos,</strong></span> <span class='ocrx_word' id='word_1_175' title='bbox 564 2225 780 2284; x_wconf 85' lang='lat' dir='ltr'><strong>Iasones,</strong></span> <span class='ocrx_word' id='word_1_176' title='bbox 818 2224 1024 2287; x_wconf 81' lang='lat' dir='ltr'><strong>Ulysses</strong></span> <span class='ocrx_word' id='word_1_177' title='bbox 1060 2223 1371 2283; x_wconf 79' lang='lat' dir='ltr'><strong>effinxerunt,</strong></span> <span class='ocrx_word' id='word_1_178' title='bbox 1408 2224 1488 2286; x_wconf 86' lang='lat' dir='ltr'><strong>qui</strong></span> <span class='ocrx_word' id='word_1_179' title='bbox 1525 2239 1631 2271; x_wconf 92' lang='lat' dir='ltr'><strong>cum</strong></span> <span class='ocrx_word' id='word_1_180' title='bbox 1667 2223 1937 2273; x_wconf 90' lang='lat' dir='ltr'><strong>belluarum</strong></span> <span class='ocrx_word' id='word_1_181' title='bbox 1970 2224 2063 2272; x_wconf 86' lang='lat' dir='ltr'><strong>ho-</strong></span> 
     </span>
     <span class='ocr_line' id='line_1_26' title="bbox 399 2303 2062 2368; baseline 0.001 -16"><span class='ocrx_word' id='word_1_182' title='bbox 399 2304 685 2368; x_wconf 88' lang='lat' dir='ltr'><strong>minumque</strong></span> <span class='ocrx_word' id='word_1_183' title='bbox 717 2303 948 2351; x_wconf 87' lang='lat' dir='ltr'><strong>monstris</strong></span> <span class='ocrx_word' id='word_1_184' title='bbox 985 2308 1257 2362; x_wconf 85' lang='lat' dir='ltr'><strong>certarent,</strong></span> <span class='ocrx_word' id='word_1_185' title='bbox 1292 2303 1375 2366; x_wconf 91' lang='lat' dir='ltr'><strong>qui</strong></span> <span class='ocrx_word' id='word_1_186' title='bbox 1410 2307 1646 2351; x_wconf 88' lang='lat' dir='ltr'><strong>terrarum</strong></span> <span class='ocrx_word' id='word_1_187' title='bbox 1681 2303 1928 2367; x_wconf 88' lang='lat' dir='ltr'><strong>marisque</strong></span> <span class='ocrx_word' id='word_1_188' title='bbox 1961 2307 2062 2353; x_wconf 85' lang='lat' dir='ltr'><strong>ter-</strong></span> 
     </span>
     <span class='ocr_line' id='line_1_27' title="bbox 399 2380 2061 2445; baseline -0.001 -13"><span class='ocrx_word' id='word_1_189' title='bbox 399 2399 538 2432; x_wconf 86' lang='lat' dir='ltr'><strong>rores</strong></span> <span class='ocrx_word' id='word_1_190' title='bbox 575 2389 959 2444; x_wconf 87' lang='lat' dir='ltr'><strong>contemnerent,</strong></span> <span class='ocrx_word' id='word_1_191' title='bbox 996 2382 1082 2445; x_wconf 87' lang='lat' dir='ltr'><strong>qni</strong></span> <span class='ocrx_word' id='word_1_192' title='bbox 1116 2380 1232 2430; x_wconf 86' lang='lat' dir='ltr'><strong>Orci</strong></span> <span class='ocrx_word' id='word_1_193' title='bbox 1263 2380 1551 2429; x_wconf 84' lang='lat' dir='ltr'><strong>formidines</strong></span> <span class='ocrx_word' id='word_1_194' title='bbox 1586 2382 1763 2430; x_wconf 84' lang='lat' dir='ltr'><strong>tollere</strong></span> <span class='ocrx_word' id='word_1_195' title='bbox 1797 2389 1849 2431; x_wconf 89' lang='lat' dir='ltr'><strong>et</strong></span> <span class='ocrx_word' id='word_1_196' title='bbox 1870 2382 2061 2432; x_wconf 89' lang='lat' dir='ltr'><strong>coelum</strong></span> 
     </span>
     <span class='ocr_line' id='line_1_28' title="bbox 399 2461 2062 2526; baseline 0 -16"><span class='ocrx_word' id='word_1_197' title='bbox 399 2462 621 2511; x_wconf 87' lang='lat' dir='ltr'><strong>humeris</strong></span> <span class='ocrx_word' id='word_1_198' title='bbox 667 2464 767 2512; x_wconf 89' lang='lat' dir='ltr'><strong>suis</strong></span> <span class='ocrx_word' id='word_1_199' title='bbox 814 2464 1067 2526; x_wconf 88' lang='lat' dir='ltr'><strong>imponere</strong></span> <span class='ocrx_word' id='word_1_200' title='bbox 1118 2466 1436 2519; x_wconf 82' lang='lat' dir='ltr'><strong>conarentur3</strong></span> <span class='ocrx_word' id='word_1_201' title='bbox 1497 2475 1584 2509; x_wconf 89' lang='lat' dir='ltr'><strong>nos</strong></span> <span class='ocrx_word' id='word_1_202' title='bbox 1633 2467 1799 2510; x_wconf 87' lang='lat' dir='ltr'><strong>contra</strong></span> <span class='ocrx_word' id='word_1_203' title='bbox 1847 2461 2062 2511; x_wconf 78' lang='lat' dir='ltr'><strong>Faustiis</strong></span> 
     </span>
     <span class='ocr_line' id='line_1_29' title="bbox 399 2539 2062 2608; baseline -0.001 -17"><span class='ocrx_word' id='word_1_204' title='bbox 399 2542 716 2601; x_wconf 85' lang='lat' dir='ltr'><strong>delectamur,</strong></span> <span class='ocrx_word' id='word_1_205' title='bbox 752 2541 1166 2608; x_wconf 88' lang='lat' dir='ltr'><strong>pertractantibus</strong></span> <span class='ocrx_word' id='word_1_206' title='bbox 1200 2539 1433 2603; x_wconf 90' lang='lat' dir='ltr'><strong>quidquid</strong></span> <span class='ocrx_word' id='word_1_207' title='bbox 1468 2540 1644 2588; x_wconf 88' lang='lat' dir='ltr'><strong>artium</strong></span> <span class='ocrx_word' id='word_1_208' title='bbox 1680 2541 1881 2590; x_wconf 90' lang='lat' dir='ltr'><strong>humani</strong></span> <span class='ocrx_word' id='word_1_209' title='bbox 1925 2542 2062 2606; x_wconf 81' lang='lat' dir='ltr'><strong>inge-</strong></span> 
     </span>
     <span class='ocr_line' id='line_1_30' title="bbox 399 2620 2064 2685; baseline -0.001 -15"><span class='ocrx_word' id='word_1_210' title='bbox 399 2621 468 2670; x_wconf 90' lang='lat' dir='ltr'><strong>nii</strong></span> <span class='ocrx_word' id='word_1_211' title='bbox 512 2621 733 2671; x_wconf 88' lang='lat' dir='ltr'><strong>sollertia</strong></span> <span class='ocrx_word' id='word_1_212' title='bbox 781 2624 1030 2671; x_wconf 82' lang='lat' dir='ltr'><strong>inventum</strong></span> <span class='ocrx_word' id='word_1_213' title='bbox 1074 2620 1358 2683; x_wconf 83' lang='lat' dir='ltr'><strong>cultumque</strong></span> <span class='ocrx_word' id='word_1_214' title='bbox 1394 2625 1487 2679; x_wconf 89' lang='lat' dir='ltr'><strong>est,</strong></span> <span class='ocrx_word' id='word_1_215' title='bbox 1525 2624 1574 2668; x_wconf 92' lang='lat' dir='ltr'><strong>et</strong></span> <span class='ocrx_word' id='word_1_216' title='bbox 1607 2622 1710 2669; x_wconf 87' lang='lat' dir='ltr'><strong>veri</strong></span> <span class='ocrx_word' id='word_1_217' title='bbox 1742 2621 2064 2685; x_wconf 78' lang='lat' dir='ltr'><strong>investigandi</strong></span> 
     </span>
     <span class='ocr_line' id='line_1_31' title="bbox 401 2698 2063 2765; baseline 0 -17"><span class='ocrx_word' id='word_1_218' title='bbox 401 2716 575 2749; x_wconf 88' lang='lat' dir='ltr'><strong>caussa</strong></span> <span class='ocrx_word' id='word_1_219' title='bbox 609 2703 827 2765; x_wconf 87' lang='lat' dir='ltr'><strong>pericula</strong></span> <span class='ocrx_word' id='word_1_220' title='bbox 862 2700 1198 2751; x_wconf 87' lang='lat' dir='ltr'><strong>subeuntibus.</strong></span> <span class='ocrx_word' id='word_1_221' title='bbox 1265 2698 1508 2763; x_wconf 78' lang='lat' dir='ltr'><strong>Exemplo</strong></span> <span class='ocrx_word' id='word_1_222' title='bbox 1543 2699 1691 2764; x_wconf 81' lang='lat' dir='ltr'><strong>igitur</strong></span> <span class='ocrx_word' id='word_1_223' title='bbox 1724 2699 1909 2748; x_wconf 87' lang='lat' dir='ltr'><strong>Iasonis</strong></span> <span class='ocrx_word' id='word_1_224' title='bbox 1938 2698 2063 2748; x_wconf 90' lang='lat' dir='ltr'><strong>Ore-</strong></span> 
     </span>
     <span class='ocr_line' id='line_1_32' title="bbox 400 2778 2065 2844; baseline -0.001 -16"><span class='ocrx_word' id='word_1_225' title='bbox 400 2785 501 2828; x_wconf 84' lang='lat' dir='ltr'><strong>stes</strong></span> <span class='ocrx_word' id='word_1_226' title='bbox 537 2797 646 2829; x_wconf 91' lang='lat' dir='ltr'><strong>cum</strong></span> <span class='ocrx_word' id='word_1_227' title='bbox 682 2781 896 2844; x_wconf 85' lang='lat' dir='ltr'><strong>Pylade,</strong></span> <span class='ocrx_word' id='word_1_228' title='bbox 943 2779 1230 2828; x_wconf 88' lang='lat' dir='ltr'><strong>fidelissimo</strong></span> <span class='ocrx_word' id='word_1_229' title='bbox 1270 2779 1455 2839; x_wconf 84' lang='lat' dir='ltr'><strong>amico,</strong></span> <span class='ocrx_word' id='word_1_230' title='bbox 1505 2778 1760 2827; x_wconf 89' lang='lat' dir='ltr'><strong>donarium</strong></span> <span class='ocrx_word' id='word_1_231' title='bbox 1807 2778 2065 2827; x_wconf 86' lang='lat' dir='ltr'><strong>sanctissi-</strong></span> 
     </span>
     <span class='ocr_line' id='line_1_33' title="bbox 398 2858 2063 2924; baseline -0.002 -17"><span class='ocrx_word' id='word_1_232' title='bbox 398 2875 532 2907; x_wconf 92' lang='lat' dir='ltr'><strong>mum</strong></span> <span class='ocrx_word' id='word_1_233' title='bbox 565 2860 782 2909; x_wconf 89' lang='lat' dir='ltr'><strong>barbaris</strong></span> <span class='ocrx_word' id='word_1_234' title='bbox 818 2865 1075 2924; x_wconf 88' lang='lat' dir='ltr'><strong>erepturus</strong></span> <span class='ocrx_word' id='word_1_235' title='bbox 1110 2863 1160 2906; x_wconf 89' lang='lat' dir='ltr'><strong>et</strong></span> <span class='ocrx_word' id='word_1_236' title='bbox 1192 2858 1241 2905; x_wconf 88' lang='lat' dir='ltr'><strong>in</strong></span> <span class='ocrx_word' id='word_1_237' title='bbox 1275 2859 1480 2921; x_wconf 89' lang='lat' dir='ltr'><strong>patriam</strong></span> <span class='ocrx_word' id='word_1_238' title='bbox 1515 2858 1758 2906; x_wconf 85' lang='lat' dir='ltr'><strong>relaturus</strong></span> <span class='ocrx_word' id='word_1_239' title='bbox 1793 2862 2063 2907; x_wconf 73' lang='lat' dir='ltr'><strong>extremam</strong></span> 
     </span>
     <span class='ocr_line' id='line_1_34' title="bbox 400 2937 2062 3001; baseline -0.001 -14"><span class='ocrx_word' id='word_1_240' title='bbox 400 2939 532 2987; x_wconf 88' lang='lat' dir='ltr'><strong>orbis</strong></span> <span class='ocrx_word' id='word_1_241' title='bbox 567 2945 751 2987; x_wconf 89' lang='lat' dir='ltr'><strong>terram</strong></span> <span class='ocrx_word' id='word_1_242' title='bbox 786 2940 935 2999; x_wconf 83' lang='lat' dir='ltr'><strong>adiit3</strong></span> <span class='ocrx_word' id='word_1_243' title='bbox 982 2940 1176 3000; x_wconf 89' lang='lat' dir='ltr'><strong>iamque</strong></span> <span class='ocrx_word' id='word_1_244' title='bbox 1209 2944 1322 2985; x_wconf 86' lang='lat' dir='ltr'><strong>ante</strong></span> <span class='ocrx_word' id='word_1_245' title='bbox 1368 2938 1528 3001; x_wconf 89' lang='lat' dir='ltr'><strong>ipsum</strong></span> <span class='ocrx_word' id='word_1_246' title='bbox 1562 2937 1829 3001; x_wconf 89' lang='lat' dir='ltr'><strong>templum,</strong></span> <span class='ocrx_word' id='word_1_247' title='bbox 1882 2937 1932 2984; x_wconf 90' lang='lat' dir='ltr'><strong>in</strong></span> <span class='ocrx_word' id='word_1_248' title='bbox 1965 2951 2062 3000; x_wconf 87' lang='lat' dir='ltr'><strong>quo</strong></span> 
     </span>
     <span class='ocr_line' id='line_1_35' title="bbox 398 3016 2062 3082; baseline -0.002 -16"><span class='ocrx_word' id='word_1_249' title='bbox 398 3018 519 3066; x_wconf 89' lang='lat' dir='ltr'><strong>illud</strong></span> <span class='ocrx_word' id='word_1_250' title='bbox 556 3025 792 3080; x_wconf 76' lang='lat' dir='ltr'><strong>servatur,</strong></span> <span class='ocrx_word' id='word_1_251' title='bbox 828 3019 1098 3079; x_wconf 86' lang='lat' dir='ltr'><strong>constituti,</strong></span> <span class='ocrx_word' id='word_1_252' title='bbox 1135 3018 1437 3082; x_wconf 89' lang='lat' dir='ltr'><strong>conspiciunt</strong></span> <span class='ocrx_word' id='word_1_253' title='bbox 1470 3034 1602 3066; x_wconf 90' lang='lat' dir='ltr'><strong>aram</strong></span> <span class='ocrx_word' id='word_1_254' title='bbox 1638 3016 1872 3080; x_wconf 82' lang='lat' dir='ltr'><strong>sanguine</strong></span> <span class='ocrx_word' id='word_1_255' title='bbox 1894 3016 2062 3080; x_wconf 85' lang='lat' dir='ltr'><strong>hospi-</strong></span> 
     </span>
     <span class='ocr_line' id='line_1_36' title="bbox 398 3085 2064 3161; baseline -0.003 -15"><span class='ocrx_word' id='word_1_256' title='bbox 398 3101 501 3146; x_wconf 90' lang='lat' dir='ltr'><strong>tum</strong></span> <span class='ocrx_word' id='word_1_257' title='bbox 549 3113 767 3161; x_wconf 87' lang='lat' dir='ltr'><strong>sparsam</strong></span> <span class='ocrx_word' id='word_1_258' title='bbox 820 3085 1112 3160; x_wconf 78' lang='lat' dir='ltr'><strong>exuviasque</strong></span> <span class='ocrx_word' id='word_1_259' title='bbox 1158 3097 1526 3146; x_wconf 83' lang='lat' dir='ltr'><strong>interfectorum</strong></span> <span class='ocrx_word' id='word_1_260' title='bbox 1562 3096 1625 3144; x_wconf 89' lang='lat' dir='ltr'><strong>de</strong></span> <span class='ocrx_word' id='word_1_261' title='bbox 1658 3095 1820 3160; x_wconf 86' lang='lat' dir='ltr'><strong>pinnis</strong></span> <span class='ocrx_word' id='word_1_262' title='bbox 1854 3109 2064 3158; x_wconf 84' lang='lat' dir='ltr'><strong>suspen-</strong></span> 
     </span>
     <span class='ocr_line' id='line_1_37' title="bbox 399 3174 2065 3241; baseline -0.002 -16"><span class='ocrx_word' id='word_1_263' title='bbox 399 3192 511 3237; x_wconf 90' lang='lat' dir='ltr'><strong>sas;</strong></span> <span class='ocrx_word' id='word_1_264' title='bbox 543 3183 753 3226; x_wconf 89' lang='lat' dir='ltr'><strong>mortem</strong></span> <span class='ocrx_word' id='word_1_265' title='bbox 790 3178 1110 3227; x_wconf 87' lang='lat' dir='ltr'><strong>certissimam</strong></span> <span class='ocrx_word' id='word_1_266' title='bbox 1147 3177 1268 3237; x_wconf 90' lang='lat' dir='ltr'><strong>sibi,</strong></span> <span class='ocrx_word' id='word_1_267' title='bbox 1306 3177 1348 3225; x_wconf 90' lang='lat' dir='ltr'><strong>si</strong></span> <span class='ocrx_word' id='word_1_268' title='bbox 1382 3177 1769 3241; x_wconf 88' lang='lat' dir='ltr'><strong>conspiciantur,</strong></span> <span class='ocrx_word' id='word_1_269' title='bbox 1811 3174 2065 3222; x_wconf 90' lang='lat' dir='ltr'><strong>imminere</strong></span> 
     </span>
     <span class='ocr_line' id='line_1_38' title="bbox 398 3251 2131 3322; baseline -0.005 -16"><span class='ocrx_word' id='word_1_270' title='bbox 398 3257 687 3320; x_wconf 79' lang='lat' dir='ltr'><strong>intelligunt.</strong></span> <span class='ocrx_word' id='word_1_271' title='bbox 723 3256 953 3304; x_wconf 89' lang='lat' dir='ltr'><strong>Clausum</strong></span> <span class='ocrx_word' id='word_1_272' title='bbox 984 3262 1062 3305; x_wconf 88' lang='lat' dir='ltr'><strong>est</strong></span> <span class='ocrx_word' id='word_1_273' title='bbox 1089 3257 1344 3322; x_wconf 90' lang='lat' dir='ltr'><strong>templum,</strong></span> <span class='ocrx_word' id='word_1_274' title='bbox 1378 3257 1506 3305; x_wconf 91' lang='lat' dir='ltr'><strong>muri</strong></span> <span class='ocrx_word' id='word_1_275' title='bbox 1527 3271 1643 3304; x_wconf 85' lang='lat' dir='ltr'><strong>vero</strong></span> <span class='ocrx_word' id='word_1_276' title='bbox 1671 3251 1898 3301; x_wconf 90' lang='lat' dir='ltr'><strong>altissimi</strong></span> <span class='ocrx_word' id='word_1_277' title='bbox 1928 3256 2064 3310; x_wconf 82' lang='lat' dir='ltr'><strong>sunt3</strong></span> <span class='ocrx_word' id='word_1_278' title='bbox 2127 3286 2131 3290; x_wconf 84' lang='lat'><em>-</em></span> 
     </span>
    </p>
   </div>
   <div class='ocr_carea' id='block_1_3' title="bbox 319 3331 2064 3399">
    <p class='ocr_par' dir='ltr' id='par_1_3' title="bbox 319 3331 2064 3399">
     <span class='ocr_line' id='line_1_39' title="bbox 319 3331 2064 3399; baseline -0.004 -13"><span class='ocrx_word' id='word_1_279' title='bbox 319 3363 321 3365; x_wconf 91' lang='lat'>·</span> <span class='ocrx_word' id='word_1_280' title='bbox 405 3338 508 3386; x_wconf 86' lang='lat' dir='ltr'><strong>sive</strong></span> <span class='ocrx_word' id='word_1_281' title='bbox 540 3337 590 3386; x_wconf 88' lang='lat' dir='ltr'><strong>in</strong></span> <span class='ocrx_word' id='word_1_282' title='bbox 622 3352 789 3385; x_wconf 89' lang='lat' dir='ltr'><strong>muros</strong></span> <span class='ocrx_word' id='word_1_283' title='bbox 824 3353 916 3399; x_wconf 85' lang='lat' dir='ltr'><strong>per</strong></span> <span class='ocrx_word' id='word_1_284' title='bbox 950 3337 1105 3386; x_wconf 90' lang='lat' dir='ltr'><strong>scalas</strong></span> <span class='ocrx_word' id='word_1_285' title='bbox 1139 3335 1349 3385; x_wconf 79' lang='lat' dir='ltr'><strong>evadere</strong></span> <span class='ocrx_word' id='word_1_286' title='bbox 1385 3337 1489 3384; x_wconf 84' lang='lat' dir='ltr'><strong>sive</strong></span> <span class='ocrx_word' id='word_1_287' title='bbox 1523 3334 1733 3384; x_wconf 86' lang='lat' dir='ltr'><strong>claustra</strong></span> <span class='ocrx_word' id='word_1_288' title='bbox 1760 3331 1954 3380; x_wconf 81' lang='lat' dir='ltr'><strong>solvere</strong></span> <span class='ocrx_word' id='word_1_289' title='bbox 1984 3344 2064 3380; x_wconf 84' lang='lat' dir='ltr'><strong>co-</strong></span> 
     </span>
    </p>
   </div>
   <div class='ocr_carea' id='block_1_4' title="bbox 404 3409 2067 3480">
    <p class='ocr_par' dir='ltr' id='par_1_4' title="bbox 404 3409 2067 3480">
     <span class='ocr_line' id='line_1_40' title="bbox 404 3409 2067 3480; baseline -0.004 -15"><span class='ocrx_word' id='word_1_290' title='bbox 404 3420 606 3478; x_wconf 87' lang='lat' dir='ltr'><strong>nentur,</strong></span> <span class='ocrx_word' id='word_1_291' title='bbox 663 3415 848 3466; x_wconf 87' lang='lat' dir='ltr'><strong>latendi</strong></span> <span class='ocrx_word' id='word_1_292' title='bbox 893 3420 1194 3480; x_wconf 86' lang='lat' dir='ltr'><strong>potestatem</strong></span> <span class='ocrx_word' id='word_1_293' title='bbox 1241 3415 1420 3465; x_wconf 88' lang='lat' dir='ltr'><strong>nnllam</strong></span> <span class='ocrx_word' id='word_1_294' title='bbox 1469 3430 1582 3465; x_wconf 89' lang='lat' dir='ltr'><strong>esse</strong></span> <span class='ocrx_word' id='word_1_295' title='bbox 1631 3412 1816 3463; x_wconf 84' lang='lat' dir='ltr'><strong>vident.</strong></span> <span class='ocrx_word' id='word_1_296' title='bbox 1883 3409 2067 3460; x_wconf 86' lang='lat' dir='ltr'><strong>Privati</strong></span> 
     </span>
    </p>
   </div>
   <div class='ocr_carea' id='block_1_5' title="bbox 1673 3666 1697 3687">
    <p class='ocr_par' dir='ltr' id='par_1_5' title="bbox 1673 3666 1697 3687">
     <span class='ocr_line' id='line_1_41' title="bbox 1673 3666 1697 3687; baseline 0 -13"><span class='ocrx_word' id='word_1_297' title='bbox 1673 3666 1697 3687; x_wconf 72' lang='grc'><strong>.,</strong></span> 
     </span>
    </p>
   </div>
  </div>
 </body>
</html>
