2170 3848
924 248 1007 308 49

250 398 512 464 „Ducit
555 413 655 447 me
702 412 982 448 uxorem
1016 397 1395 447 liberorum
1427 399 1566 449 sibi
1599 415 1803 468 quae-

912 477 1188 528 sendum
1222 476 1507 542 gratia’'

247 636 409 706 ἐχρῆν
441 635 544 703 γὰρ
577 635 730 705 ἡμᾶς,
767 634 1030 700 σύλλογον
1062 631 1444 699 ποιουμένους,

248 719 344 771 τὸν
379 720 557 784 φύντα
591 719 832 783 θρηνεῖν,
869 715 941 776 εἰς
976 713 1055 766 ὄσ’
1091 711 1292 780 ἔρχεται
1327 716 1481 782 κακοί,

247 795 344 851 τὸν
378 798 426 851 δ’
457 793 526 849 αὖ
559 797 801 849 θανόντα
833 793 922 847 καὶ
955 795 1140 847 πόνων
1173 797 1516 862 πεπαυμένον

253 879 536 947 χαίροντας
569 878 946 944 εὐφημοῦντας
982 874 1264 943 ἐκπέμπειν
1299 877 1497 944 δόμων.

120 961 261 1025 Quae
294 963 368 1010 sic
403 960 547 1008 vertit
584 959 759 1008 Cicero
797 959 842 1007 Τ
847 976 951 1008 use.
987 959 1023 1020 l,
1059 961 1142 1018 48,
1178 962 1302 1008 115:

247 1038 431 1104 „Nam
465 1055 556 1089 nos
590 1038 823 1108 decebat,
854 1045 1037 1092 ,coetus
1066 1039 1403 1099 celebrantes,
1441 1039 1646 1092 domum

249 1119 474 1185 Lugere,
509 1119 598 1168 ubi
632 1127 764 1168 esset
801 1120 988 1186 aliquis
1024 1120 1079 1168 in
1112 1120 1280 1169 lucem
1316 1119 1503 1184 editus,

248 1199 533 1251 Humanae
567 1201 711 1249 vitae
743 1201 896 1249 varia
931 1206 1239 1266 reputantes
1274 1201 1450 1250 mala.-

248 1281 324 1330 At
359 1282 450 1348 qui
480 1281 681 1330 labores
714 1287 877 1329 morte
896 1281 1110 1347 finisset
1145 1296 1352 1346 grave-9,

248 1359 410 1411 Hunc
444 1362 584 1410 omni
617 1362 808 1411 amicos
842 1360 1002 1410 laude
1038 1366 1088 1409 et
1125 1361 1340 1410 laetitia
1375 1360 1634 1429 exsequi.''

249 1515 427 1572 ἔπειτα
458 1517 652 1579 παῖδας
685 1512 787 1571 σὺν
820 1522 1030 1586 πικραῖς
1064 1518 1322 1586 ἀλγηδόσι

244 1599 419 1664 τίκτω,
453 1604 683 1652 τεκοῦσα
719 1599 784 1665 δ’,
820 1600 888 1668 ἢν
922 1599 1019 1668 μὲν
1052 1603 1300 1666 ἄφρονας
1334 1599 1484 1667 τέκω,

248 1679 415 1734 στένω
446 1681 683 1747 ματαίως
719 1681 973 1746 είςορῶσα
1008 1679 1106 1747 μὲν
1139 1681 1354 1746 κακούς,

245 1756 507 1830 χρηστοὺς
541 1762 589 1813 δ’
633 1762 856 1813 α’πώλεσ’
878 1765 958 1828 *)·
994 1761 1064 1829 ἢν
1100 1760 1157 1813 δὲ
1191 1761 1282 1813 καὶ
1316 1758 1703 1828 σεσωσμένους,

248 1843 392 1910 τήκω
426 1842 682 1894 τάλαιναν
714 1842 942 1908 καρδίαν
977 1840 1227 1911 ὀρῤωδίᾳ.

247 1922 301 1974 τί
329 1927 491 1976 τοῦτο
527 1922 593 1991 δὴ
627 1923 687 1975 τὸ
719 1923 949 1989 χρηστόν
961 1942 976 1983 ,·
1014 1923 1115 1974 οὐκ
1147 1924 1299 1988 ἀρκεῖ
1327 1921 1457 1987 μίαν

249 2000 428 2071 ψυχὴν
461 2005 704 2055 πολεύειν
722 2004 805 2068 **)
842 2002 970 2056 κοέπὶ
1003 2003 1152 2055 τοῦδ’
1188 2000 1324 2070 ἔχειν
1357 2003 1561 2064 πόνους
1571 2024 1587 2066 3

117 2083 278 2134 Recte
320 2085 446 2135 haec
490 2087 606 2136 huic
649 2087 936 2148 tragoediae
982 2087 1196 2135 asseruit
1244 2086 1565 2135 Welckerus:
1617 2087 1805 2151 optIme

117 2165 245 2214 enim
279 2166 328 2214 in
362 2165 599 2232 Meropes
636 2173 687 2215 et
722 2167 807 2214 filii
846 2167 951 2215 elus
988 2167 1327 2216 conditionem
1363 2167 1676 2216 conveniunt.

245 2244 422 2295 Prodit
454 2246 635 2296 deinde
668 2247 727 2294 ad
765 2246 1007 2311 Meropen
1042 2246 1398 2311 Polyphontes,
1459 2247 1805 2312 Exprobrante

117 2324 168 2374 ei
201 2326 391 2375 scelera
426 2332 478 2375 et
510 2327 710 2377 iniurias
748 2326 974 2390 Meropa,
1011 2315 1263 2376 accusatio
1299 2327 1601 2376 instituitur:

248 2406 508 2470 ,‚Au‹li,
575 2414 777 2475 atque
837 2406 1104 2457 auditis
1152 2408 1646 2458 hostimentum
1694 2409 1802 2458 ad-

907 2488 978 2536 iu
996 2504 1030 2535 n
1043 2505 1079 2552 g
1093 2489 1143 2536 it
1159 2504 1204 2540 0.
1223 2488 1253 2509 '²

117 2564 303 2615 Contra
319 2565 658 2632 Polyphontes
682 2583 802 2616 suae
822 2568 1105 2617 securitatis
1132 2584 1308 2616 caussa
1323 2583 1496 2617 necem
1515 2567 1801 2635 Cresphon-

116 2646 185 2694 tis
217 2648 546 2696 necessariam
591 2647 754 2697 fuisse
800 2647 1051 2697 defendit:
1104 2664 1223 2698 suae
1259 2649 1388 2698 enim
1423 2649 1571 2699 saluti
1604 2650 1802 2716 prospi-

117 2741 232 2775 cere
266 2731 412 2791 turpe
445 2744 557 2777 esse
591 2734 766 2793 negat:

246 2801 415 2857 ἐκεῖνο
450 2805 551 2871 γὰρ
584 2804 833 2867 πέπονθ’,
872 2805 1000 2871 ὅπερ
1035 2807 1225 2868 πάντες
1261 2807 1472 2873 βροτοί·

188 2898 196 2904 ·
249 2887 424 2954 φιλῶν
456 2887 658 2953 μάλιστ’
694 2885 928 2954 ἐμαυτὸν
961 2887 1062 2940 οὐκ
1097 2887 1428 2954 αἰσχύνομαι.

250 2969 446 3033 „Ego
478 2986 664 3020 meae
699 2986 836 3021 cum
870 2972 1058 3020 vitae
1082 2986 1390 3037 parcam,
1438 2970 1645 3018 letum
1677 2970 1802 3019 ini-

908 3052 1074 3102 mico
1108 3046 1521 3117 deprecer?⁷'
1556 3047 1669 3113 ***)

172 3221 225 3275 ὅ)
256 3220 402 3278 Vulgo
432 3215 689 3264 ‹z'nozs'cmmt

145 3290 224 3346 **)
251 3290 399 3348 Vulgo
428 3286 662 3334 ἀπολύειν.
721 3291 920 3337 Correxit
949 3293 1153 3346 Grotius,
1192 3293 1484 3348 probantibus
1522 3293 1728 3336 Valcken.
1760 3294 1805 3333 et

259 3360 435 3418 Musgr.
492 3361 601 3404 Vide
630 3362 794 3406 Matth.
823 3378 867 3419 Ρ.
896 3363 995 3407 397.

115 3430 228 3484 ***)
258 3432 406 3489 Vulgo
436 3432 536 3489 dep
551 3446 608 3475 re
623 3446 726 3475 cor.

181 3500 246 3555 Τ.
275 3502 335 3552 ll.
1445 3507 1477 3552 4
