2170 3866
915 269 1039 325 443

144 412 446 477 desiderare,
481 419 645 465 tamen
680 413 993 464 similitudine
1029 412 1235 478 quadam
1270 417 1324 462 et
1356 412 1499 476 quasi
1531 411 1818 476 cognatione

144 502 539 558 argumentorum
575 494 758 543 alterae
792 495 852 543 ad
887 495 1068 543 alteras
1114 492 1396 541 referuntur
1430 497 1484 541 et
1518 498 1632 541 sunt
1663 492 1725 541 ad
1758 508 1816 541 se

144 574 355 624 invicem
404 574 715 623 illustrandas
762 575 984 623 idoneae.
1067 573 1235 621 Liberi
1282 589 1393 621 cum
1439 572 1814 625 matribussuis

144 658 374 718 tanquam
409 657 579 703 hostes
617 655 992 716 congredientes
1029 660 1078 701 et
1111 653 1287 716 partim
1325 652 1530 700 salntem
1565 652 1644 700 his
1670 657 1815 715 atque

147 733 296 783 domo
345 743 577 799 paternae
624 735 799 798 partim
848 733 1116 798 perniciem
1167 732 1436 781 afferentes
1493 733 1542 780 in
1588 732 1814 783 omnibus

144 812 289 862 huius
325 815 616 879 tetralogiae
650 813 828 862 fabulis
863 814 1251 861 introducuntur.

275 892 514 942 Videmus
542 895 588 942 in
614 895 772 957 primo
803 893 1024 942 dramate
1055 900 1258 941 matrem
1287 894 1346 942 ab
1376 893 1566 942 iniuriis
1589 892 1814 941 inimico-

143 989 250 1022 rum
275 979 327 1022 et
358 973 652 1022 cruciatibus
682 989 833 1038 opera
857 975 1161 1038 geminorum
1190 973 1453 1021 liberorum
1480 972 1733 1029 vindicari,
1765 974 1814 1022 in

142 1053 299 1101 altero
346 1053 462 1101 item
500 1059 707 1101 matrem
743 1070 769 1101 a
805 1055 977 1118 capitis
1014 1070 1168 1116 poena
1204 1058 1254 1102 et
1288 1053 1430 1102 exilio
1471 1069 1560 1118 per
1593 1053 1814 1116 geminos

143 1132 273 1180 filios
310 1132 521 1191 liberari,
559 1134 607 1180 in
637 1134 787 1181 tertio
812 1133 936 1181 duos
961 1134 1110 1190 filios,
1148 1150 1255 1181 cum
1283 1133 1341 1179 ad
1371 1141 1589 1181 mutuam
1613 1133 1815 1185 caedem

141 1214 297 1277 patris
334 1213 745 1261 exsecrationibus
781 1214 1063 1275 adigantur,
1109 1213 1359 1261 interitum
1397 1214 1587 1275 parenti
1620 1214 1816 1276 utrique

141 1293 337 1353 afferre,
372 1294 420 1340 in
455 1298 630 1354 quarto
665 1292 878 1353 denique
912 1292 1116 1340 fratrem
1153 1300 1202 1340 et
1236 1307 1456 1339 sororem
1486 1293 1815 1349 matricidasa

141 1372 311 1420 matris
347 1371 543 1434 quidem
573 1371 793 1418 manibus
819 1371 867 1418 in
890 1371 1155 1420 discrimen
1184 1372 1358 1435 capitis
1380 1371 1576 1431 adduci,
1611 1390 1637 1420 a
1663 1374 1814 1437 patris

139 1457 335 1512 autem,
375 1465 522 1513 quem
556 1450 646 1497 ulti
681 1457 824 1509 sunt,
873 1451 1077 1499 servari.
1147 1451 1383 1501 Videmus
1417 1451 1537 1500 item
1572 1453 1816 1518 Antiopen

139 1538 287 1595 atque
323 1531 634 1595 Hypsipylen
667 1532 967 1594 recuperatis
1004 1530 1148 1590 filiis,
1190 1547 1311 1594 quos
1346 1532 1575 1580 interisse
1607 1539 1813 1596 putave-

139 1617 264 1672 rant,
297 1611 469 1659 laetari
503 1626 663 1673 neque
698 1612 854 1658 minus
894 1611 1113 1659 locasten
1148 1611 1332 1659 reduce
1380 1617 1646 1676 conspecto
1692 1613 1814 1677 filio,

139 1707 286 1755 quem
320 1690 482 1755 patria
517 1691 726 1738 eiectum
763 1690 1013 1749 doluerat,
1050 1692 1234 1739 laetitia
1268 1692 1461 1751 eflerri3
1510 1699 1679 1742 contra
1712 1693 1815 1758 Ly-

140 1788 342 1836 curgum
378 1777 526 1834 atque
572 1769 854 1833 Eurydicen
900 1771 1079 1819 amisso
1115 1771 1217 1819 filio
1253 1771 1454 1834 parvulo
1489 1788 1715 1822 moerere
1761 1779 1816 1824 et

140 1852 426 1900 memoriam
475 1849 693 1898 defuncti
739 1851 968 1910 summis,
1029 1852 1203 1914 quibus
1262 1856 1493 1914 possunt,
1548 1854 1812 1903 bonoribus

139 1932 388 1995 prosequi,
424 1931 643 1979 Iocasten
678 1946 827 1995 super
859 1930 1070 1979 filiorum
1105 1931 1363 1980 funeribus
1399 1948 1453 1981 se
1480 1933 1637 1998 ipsam
1661 1934 1814 1983 inter-

140 2012 320 2072 ficere,
367 2010 628 2059 Creontem
674 2011 801 2058 velle
846 2026 982 2058 suam
1026 2015 1187 2076 potius
1223 2028 1366 2074 quam
1402 2013 1493 2060 filii
1528 2014 1672 2062 vitam
1720 2023 1813 2079 pr'o

140 2092 296 2156 patria
331 2091 662 2156 profundere,
709 2090 992 2139 Menelaum
1034 2092 1265 2140 ultionem
1302 2093 1448 2141 malle
1483 2109 1626 2157 quam
1661 2094 1814 2143 filiam

139 2172 399 2230 amittere,
438 2171 683 2235 Oedipum
719 2171 929 2234 denique
963 2171 1164 2235 reliquis
1200 2171 1365 2220 liberis
1399 2189 1510 2221 cum
1547 2189 1699 2222 uxore
1731 2189 1813 2222 or-

139 2251 323 2310 batum,
360 2239 611 2312 effidem,
647 2251 871 2314 inopem,
908 2266 1127 2311 coecum,
1161 2252 1455 2301 destitutum
1491 2252 1551 2301 ab
1588 2254 1813 2303 omnibus

138 2331 270 2380 filiae
314 2331 500 2397 pietate
547 2330 835 2378 sustentari.
917 2330 1248 2394 Quaecunque
1282 2332 1432 2394 igitur
1466 2333 1751 2396 parentibus
1784 2349 1813 2383 a

138 2411 309 2460 liberis
343 2411 419 2459 vel
453 2410 738 2458 felicissima
774 2409 849 2457 vel
886 2411 1161 2459 miserrima
1196 2412 1423 2461 accidere
1454 2418 1680 2477 possunt,
1716 2414 1812 2463 hac

141 2491 401 2556 tetralogia
437 2491 498 2538 ob
534 2490 704 2538 oculos
740 2490 900 2554 posita
939 2490 1283 2555 conspicimus.

272 2570 486 2619 Primam
532 2569 679 2631 igitur
723 2585 983 2634 personam
1030 2576 1197 2619 noster
1246 2571 1466 2621 locasten
1510 2571 1663 2632 fecit,
1711 2587 1810 2622 non

143 2649 399 2698 Eteoclem
437 2665 595 2713 neque
626 2649 911 2714 Polynicen,
949 2650 1168 2713 itemque
1202 2650 1447 2716 Oedipum
1483 2667 1577 2700 non
1602 2667 1812 2718 peregre

143 2730 280 2778 finxit
315 2745 510 2786 errare,
557 2745 650 2778 non
695 2731 887 2794 pridem
934 2732 1228 2779 exstinctum
1263 2748 1398 2791 esse,
1448 2733 1536 2780 sed
1569 2732 1811 2782 interesse

143 2810 292 2858 rebus
340 2816 392 2858 et
438 2825 595 2873 aeque
636 2818 785 2875 atque
830 2818 1023 2859 ceteros
1068 2812 1127 2860 iis
1163 2813 1320 2874 tangi,
1370 2818 1517 2876 atque
1553 2812 1810 2862 exstinctis

143 2890 342 2939 demum
377 2890 492 2937 filiis
526 2890 575 2937 in
611 2906 849 2940 summam
886 2892 1129 2939 miseriam
1168 2892 1377 2941 detrudi.
1447 2891 1520 2940 De
1554 2893 1810 2942 universae

144 2969 483 3020 enim-domus
531 2971 719 3027 salute,
764 2988 857 3020 non
894 2972 955 3020 de
990 2973 1311 3021 certaminum
1347 2973 1451 3020 solo
1495 2980 1670 3021 eventu
1704 2974 1808 3038 agi-

144 3057 255 3111 tur,
303 3055 354 3098 et
388 3058 640 3115 parentum
677 3058 823 3114 atque
860 3052 1126 3101 liberorum
1163 3062 1328 3100 mutua
1364 3054 1520 3117 pietas
1556 3053 1808 3116 impietas-

145 3147 241 3194 que
289 3131 577 3180 ostenditur.
639 3129 894 3194 ,Geminos
946 3132 1282 3181 adolescentes
1338 3135 1578 3198 binosque
1629 3134 1808 3182 liberos

145 3211 194 3259 in
228 3211 432 3274 singulis
467 3210 644 3259 fabulis
689 3212 796 3259 ideo
833 3220 997 3261 noster
1031 3214 1289 3276 produxit,
1337 3220 1391 3262 ut
1438 3222 1670 3276 quantum
1717 3213 1807 3260 ho-

143 3307 252 3339 rum
288 3290 547 3339 concordia
583 3297 875 3355 mutuusque
910 3309 1047 3341 amor
1080 3293 1139 3340 ad
1179 3294 1383 3357 patriam
1431 3294 1590 3341 valeat
1634 3308 1808 3356 paren-

145 3375 324 3435 tesque
361 3371 673 3434 sospitandos
717 3370 1056 3435 intelligamus.
1124 3372 1249 3421 Nam
1283 3373 1473 3422 Zethus
1507 3379 1655 3435 atque
1688 3373 1806 3421 Am-

147 3449 324 3514 phion,
358 3451 577 3514 quamvis
611 3451 787 3500 studiis
819 3452 1188 3518 discrepanteS,
1233 3459 1394 3503 tamen
1427 3451 1658 3502 concordi
1690 3466 1807 3502 con-
