2170 3848
1199 306 1241 362 6

376 460 516 504 turae
560 451 773 516 impetu,
813 451 1048 517 quicquid
1083 451 1309 510 molitur,
1345 451 1578 518 abrepto!
1661 455 1885 520 Cogitate
1918 459 2046 510 enim

375 527 794 599 (λελογισμένως)
822 538 874 581 et
901 533 1208 580 considerate
1223 531 1498 596 (συνετῶς)
1526 535 1686 584 omnia
1711 538 2048 601 administrat3

373 627 533 676 neque
573 618 734 661 tamen
780 612 1039 660 eruditioni
1083 627 1257 660 vacans
1305 613 1652 661 detrimentum
1696 615 1821 666 fecit
1853 618 2047 668 roboris

373 696 523 754 atque
554 683 873 740 fortitudinis.
953 690 1106 741 Vides
1143 708 1252 739 eum
1301 707 1328 739 a
1365 694 1555 741 cunctis
1609 694 1814 744 ducibus
1849 703 1899 746 et
1934 698 2049 747 uni—

372 785 514 819 verso
549 771 768 819 exercitu
811 771 1100 831 discedere,
1147 770 1235 819 sed
1285 787 1456 820 caussa
1492 774 1780 822 discedendi
1826 778 2047 836 nonita,

373 848 463 898 sed
496 851 652 914 pietas
688 855 764 898 est
798 855 848 897 et
882 852 1004 898 recti
1042 850 1333 913 honestique
1368 866 1558 901 sensus.
1625 852 1923 904 Homericus
1956 855 2048 922 igi-

370 932 453 977 tur
486 929 701 978 Achilles
735 934 906 977 natura
939 945 1142 994 magnus
1178 934 1276 988 est,
1325 928 1618 996 Euripideus
1653 933 1909 997 disciplina
1942 950 2048 983 ma-

370 1007 444 1081 gis
479 1024 624 1072 quam
647 1012 818 1056 natura
845 1016 1017 1057 nactus
1052 1013 1131 1057 est
1153 1007 1358 1074 κόσμον
1383 1009 1524 1060 illum
1551 1013 1914 1079 μυριοπληθῆ,
1949 1029 2047 1079 qua

370 1086 592 1136 civitates
625 1091 889 1151 augentur:
925 1104 1035 1136 nam

498 1163 695 1231 τροφαὶ
730 1165 787 1217 αἱ
816 1165 1191 1231 παιδευόμεναι

498 1244 633 1312 μέγα
667 1243 927 1311 φέρουσιν
961 1245 1033 1306 εἰς
1064 1245 1283 1312 α’ρετάν·

498 1325 559 1377 τό
591 1342 646 1377 τε
678 1325 780 1394 γὰρ
816 1326 1173 1378 αἰδεῖσθαι
1209 1325 1373 1393 σοφία

497 1405 596 1457 τάν
627 1409 671 1458 τ’
708 1405 1128 1469 ἐξαλλάσσουσαν
1163 1404 1261 1473 ἔχει

497 1485 681 1553 χάριν,
715 1484 846 1538 ὑπὸ
881 1486 1152 1552 γνώμας
1187 1485 1430 1552 ἐςορᾶν

497 1565 558 1618 τὸ
593 1566 745 1632 δέον,
780 1567 949 1618 ἔνθα
985 1567 1198 1631 δόξαν
1236 1564 1399 1633 ἔχει,

497 1647 691 1707 κλέος
725 1647 1089 1715 ἀγήρατον,
1124 1646 1341 1714 βιοτά.

500 1727 641 1776 Hanc
673 1730 1009 1778 diversitatem
1046 1730 1296 1788 omnibus,
1334 1742 1654 1791 quoscunque
1683 1730 1894 1792 uterque
1925 1743 2044 1793 poe·

365 1811 526 1856 tarum
572 1808 700 1856 viros
748 1809 1058 1873 feminasque
1103 1808 1395 1872 spectandos
1442 1812 1834 1871 proposuerunt,
1879 1808 2044 1858 inesse

365 1886 571 1936 videbis,
641 1887 739 1934 Aut
771 1887 924 1951 igitur
953 1888 1129 1936 rationi
1166 1893 1219 1935 et
1253 1886 1456 1934 consilio
1491 1885 1776 1934 obedientes
1817 1886 2042 1937 laudabi-

365 1964 439 2013 les
474 1965 694 2012 exhibuit
729 1965 1020 2028 Euripides,
1067 1970 1151 2012 aut
1183 1965 1368 2029 impetu
1405 1965 1553 2012 animi
1589 1965 1821 2013 incitatos
1853 1971 1904 2014 et
1934 1967 2043 2016 libi-

366 2043 559 2092 dinibus
595 2044 788 2092 deditos
823 2044 1189 2108 vituperandos.
1265 2044 1410 2092 Unde
1441 2043 1629 2092 factum
1665 2049 1769 2103 est,
1806 2049 1860 2092 ut
1892 2060 2042 2108 quos-

364 2123 506 2184 dam,
542 2139 745 2187 quorum
780 2140 861 2172 res
896 2124 1133 2172 eiusmodi
1169 2129 1364 2183 essent,
1410 2129 1464 2170 ut
1498 2138 1645 2170 sanae
1677 2123 1858 2170 mentis
1892 2124 2043 2172 vesti-

365 2203 457 2266 giis
493 2209 716 2252 carerent
749 2219 907 2266 neque
942 2203 1042 2250 ullo
1070 2203 1216 2251 modo
1242 2202 1443 2266 purgari
1476 2208 1528 2250 et
1561 2203 1609 2250 in
1637 2201 1893 2250 meliorem
1928 2218 2042 2268 par-

365 2288 469 2330 tem
514 2283 671 2347 accipi
718 2299 868 2348 posse
917 2283 1225 2341 viderentur,
1275 2282 1411 2346 quasi
1453 2281 1770 2346 turpitudinis
1817 2282 2042 2347 exempla

365 2362 592 2410 omnibus
628 2363 751 2409 locis
787 2363 1112 2426 deprimeret,
1158 2361 1295 2409 velut
1328 2360 1593 2420 Helenam,
1642 2359 1890 2419 Paridem,
1925 2360 2043 2410 Me-

365 2440 576 2489 nelaum.
659 2441 852 2489 Nullam
891 2441 1019 2489 enim
1055 2440 1244 2488 veniam
1281 2439 1363 2487 dat
1397 2440 1556 2488 dulcia
1589 2439 1740 2502 magis
1775 2456 1916 2504 quam
1948 2442 2042 2490 ho-

365 2526 508 2569 nesta
543 2522 863 2584 sequentibus
899 2526 949 2568 et
975 2521 1213 2584 voluptati
1248 2520 1319 2566 sic
1347 2519 1813 2589 obtemperantibus,
1848 2525 1903 2568 ut
1924 2520 2043 2568 nul-

363 2598 463 2648 lam
497 2600 713 2648 habeant
744 2601 985 2649 rationem
1020 2599 1187 2660 officii,
1242 2598 1328 2647 sed
1365 2605 1593 2661 tanquam
1630 2603 1796 2662 pestes
1827 2597 2040 2647 familia-

363 2695 474 2727 rum
518 2680 867 2744 civitatumque
915 2679 1114 2727 damnat
1156 2682 1304 2743 atque
1349 2678 1530 2726 abiicit.
1625 2677 1692 2725 Et
1736 2678 2039 2740 quorundam

363 2759 581 2807 virorum
615 2759 1007 2821 feminarumque
1042 2758 1285 2822 duplicem
1322 2758 1566 2821 expressit
1598 2756 1877 2819 imaginem,
1913 2773 2040 2820 qua-

362 2854 475 2887 rum
522 2838 677 2886 altera
727 2839 895 2902 quales
945 2854 1060 2887 esse
1093 2838 1361 2896 deberent,
1410 2837 1562 2884 altera
1609 2835 1777 2899 quales
1820 2850 1917 2885 non
1950 2835 2038 2884 de-

363 2918 568 2976 berent,
631 2918 876 2966 ostendit:
948 2917 1087 2967 velut
1144 2917 1362 2965 Helenae
1418 2915 1663 2964 Troianae
1723 2930 1785 2964 ex
1831 2914 2038 2963 adverso
2088 2922 2090 2924 ’

361 2997 532 3062 posuit
567 2997 893 3061 Aegyptiam,
941 2997 1156 3061 itemque
1201 2996 1479 3046 Menelaum
1514 2994 1771 3053 Menela03
1816 2984 2037 3043 eiusdem

362 3077 559 3140 generis
606 3083 684 3124 est
717 3077 974 3124 diversitas
1003 3076 1258 3124 Phaedrae
1306 3076 1562 3139 utriusque
1605 3075 1654 3122 in
1689 3074 1876 3122 duabus
1910 3074 2036 3139 Hip-

361 3154 520 3221 polyti
566 3155 759 3204 fabulis.
855 3156 1188 3204 calliditatem
1237 3155 1490 3219 probavit,
1551 3155 1591 3202 si
1646 3153 1844 3201 avaritia
1891 3159 2038 3218 atque

363 3234 631 3282 ambitione
661 3250 838 3283 vacans
879 3235 1176 3300 reipublicae
1215 3235 1398 3298 gloriae
1425 3240 1476 3282 et
1517 3233 1757 3281 communi
1780 3233 2038 3281 commodo

361 3313 586 3378 augendo
621 3313 843 3362 serviret.
924 3314 1096 3378 ltaque
1132 3314 1360 3378 Ulyssem
1396 3313 1544 3361 modo
1578 3311 1853 3375 improbum
1885 3317 2035 3375 atque

362 3393 610 3458 perfidum
641 3393 866 3452 effinxit,
900 3395 1048 3443 modo
1082 3394 1215 3458 pium
1250 3393 1515 3457 fidumque.

495 3472 752 3522 Neminem
784 3489 997 3538 unquam
1042 3473 1197 3522 virum
1229 3488 1455 3537 magnum
1497 3471 1687 3522 clarum
1734 3474 1884 3535 atque
1918 3468 2035 3520 imi-
