2170 3866
1131 302 1256 364 57⁰

337 467 453 502 cum
499 450 715 502 modulis
757 456 1086 518 peragentes,
1126 458 1183 503 ut
1229 453 1378 519 plena
1410 459 1548 503 esset
1579 452 1700 504 urbs
1733 454 2027 523 pallidorum

334 537 389 582 et
422 532 801 581 macilentorum
838 533 1193 598 tragoedorum
1234 551 1408 601 magna
1443 550 1564 583 voce

468 603 536 662 σὺ
572 610 621 662 δ’
659 603 701 662 ὦ
733 612 882 663 θεῶν
913 611 1144 675 τύραννε
1178 612 1538 679 κάνθρώπων,
1557 606 1752 678 ’'Epmg,

335 699 388 741 et
423 709 553 756 quae
597 701 871 758 sequuntur
918 694 1264 755 clamantium,
1315 698 1466 762 idque
1499 697 1818 760 frequenter,
1863 695 2028 758 'donec

331 773 494 822 hiems
530 780 582 823 et
616 774 779 838 frigus
814 792 1042 839 magnum
1079 777 1305 826 incidens
1340 778 1492 826 finem
1523 777 1698 825 delirio
1729 777 2028 841 imponeret.

331 855 385 904 ln
436 854 581 919 culpa
627 855 785 904 fuisse
821 856 1119 906 Archelaum
1155 859 1451 907 histrionem
1487 873 1665 920 magno
1701 872 1814 906 cum
1849 855 2027 921 plausu

329 934 381 983 in
415 935 581 983 media
614 941 805 984 aestate
840 953 1118 1002 magnoque
1153 939 1332 987 ardore
1368 937 1836 988 Andromedamiis
1870 951 2028 1001 agen-

330 1019 450 1072 tem,
486 1022 543 1064 ut
576 1015 705 1063 febri
742 1016 910 1064 affecti
943 1019 1087 1066 multi
1125 1035 1154 1067 e
1186 1019 1386 1068 theatro
1413 1019 1639 1067 redirent
1665 1022 2026 1081 surgentesque

328 1094 474 1144 lectis
526 1098 844 1161 postmodum
879 1115 1054 1148 rursus
1090 1099 1139 1147 in
1175 1098 1482 1164 tragoediam
1517 1098 1862 1147 relaberentur
1893 1095 2026 1145 mul-

330 1180 435 1224 tum
481 1176 800 1226 Andromeda
845 1179 1117 1228 memoriae
1171 1195 1341 1227 eorum
1390 1179 1689 1227 immorante
1734 1193 1792 1226 ac
1835 1176 2025 1225 Perseo

329 1271 444 1305 cum
468 1255 684 1305 Medusa
718 1259 966 1307 mentibus
1002 1260 1306 1326 singulorum
1338 1262 1651 1309 obversante.
1717 1257 1925 1306 Luciam,
1959 1256 2025 1304 de

327 1336 701 1386 conscrib.hist.
726 1354 767 1385 c.
797 1340 845 1387 1.
904 1339 1127 1388 Eandem
1163 1356 1269 1388 rem
1304 1341 1579 1388 auctiorem
1607 1338 1860 1403 Eunapius
1886 1336 2026 1398 (vide

328 1430 512 1480 corpus
550 1417 726 1483 script.
757 1418 872 1466 hist.
904 1418 1022 1483 Byz.
1048 1419 1084 1467 Ι.
1112 1437 1164 1485 p.
1188 1422 1294 1480 Ι19.)
1341 1420 1515 1469 retulit
1548 1418 1761 1468 Neronis
1798 1423 2026 1482 tempore

323 1496 570 1546 accidisse
603 1498 891 1561 perhibens.

461 1576 668 1626 Saniora
729 1577 911 1628 dehinc
975 1576 1317 1628 admirationis
1383 1578 1611 1644 exempla
1667 1589 2023 1626 commemoro.

326 1654 597 1722 Dionysius
644 1664 916 1722 tyrannus,
964 1661 1047 1724 qui
1095 1661 1157 1710 ad
1194 1660 1477 1724 tragoedias
1513 1655 1880 1724 componendas
1913 1654 2026 1718 ipse

324 1737 551 1787 incubuit
585 1739 801 1799 (Aelian.
825 1739 953 1801 Xlll,
981 1743 1118 1801 18.),
1154 1757 1328 1803 magna
1365 1740 1606 1805 pecuniae
1642 1751 1833 1786 summa
1864 1733 2026 1800 pugil-

324 1817 457 1867 lares
505 1818 760 1883 Euripidis
814 1827 865 1870 et
909 1823 1171 1887 graphium
1220 1822 1280 1869 ab
1325 1822 1431 1869 eius
1478 1819 1750 1874 heredibus
1796 1816 2026 1875 redemit,

326 1904 383 1948 ut
417 1898 467 1947 in
503 1898 760 1948 Musarum
798 1902 1008 1950 delubro
1044 1903 1263 1968 reposita
1301 1907 1639 1957 consecraret,
1672 1898 1820 1948 titulo
1843 1894 2026 1944 inscri-

325 1985 444 2043 pto,
479 1981 562 2043 qui
597 1980 681 2027 illa
718 1981 974 2047 Euripidis
1010 1983 1167 2031 fuisse
1203 1982 1433 2040 doceret3
1475 1988 1687 2030 testatur
1720 1978 2026 2042 Hermippus

329 2059 380 2108 in
415 2059 514 2108 vita
552 2061 665 2109 cod.
691 2060 940 2121 Vindob.;
981 2063 1045 2111 cf.
1062 2063 1252 2128 Pflugk.
1282 2062 1437 2127 praef.
1465 2079 1515 2127 p.
1541 2059 1742 2112 LXXII.
1812 2058 2026 2107 Alexan-

330 2140 441 2201 der,
490 2141 572 2205 qni
611 2143 757 2205 apud*
780 2143 1034 2192 Pheraeos
1071 2144 1381 2207 tyrannidem
1421 2145 1769 2206 occupaverat,
1804 2137 2025 2204 quamvis

329 2235 509 2269 saevus
545 2221 759 2284 ingenio,
802 2239 912 2271 cum
950 2225 1173 2273 Troadas
1209 2223 1466 2287 Euripidis
1505 2227 1676 2285 ageret
1711 2218 2026 2276 TheodoruS‚

325 2305 428 2350 tam
475 2300 802 2350 vehementer
846 2309 1125 2351 commotus
1161 2308 1268 2363 est,
1322 2308 1378 2351 ut
1411 2302 1640 2349 lacrimas
1674 2315 1770 2347 non
1805 2297 2024 2345 retinens

327 2396 357 2430 e
404 2379 603 2428 theatro
653 2397 708 2429 se
743 2366 1057 2446 proriperet3
1104 2388 1208 2430 tum
1256 2382 1410 2430 misso
1446 2380 1618 2429 nuntio
1653 2384 1870 2426 actorem
1905 2390 2024 2424 con-

325 2459 542 2510 firmavit
575 2466 722 2524 atque
755 2461 1051 2511 adhortatus
1087 2467 1195 2523 est,
1229 2478 1293 2510 ne
1327 2461 1441 2509 ideo
1475 2461 1638 2509 minus
1674 2456 2023 2506 contenderet:

327 2555 492 2604 neque
527 2541 657 2589 enim
693 2542 882 2591 idcirco
904 2559 959 2592 se
985 2543 1299 2600 discessisse,
1337 2541 1471 2605 quod
1495 2540 1632 2588 illum
1659 2542 2024 2603 aspernaretur,

326 2622 418 2670 sed
454 2622 584 2683 quod
622 2625 949 2672 erubesceret
984 2625 1134 2687 cives,
1172 2624 1214 2672 si
1249 2639 1321 2684 se,
1357 2622 1442 2686 qui
1476 2620 1656 2668 nullius
1690 2632 1907 2681 unquam
1934 2630 2023 2664 eo-

324 2718 453 2762 rum,
491 2717 616 2765 quos
638 2702 964 2764 interficeret,
1001 2711 1179 2768 captus
1205 2701 1548 2751 misericordia
1571 2703 1724 2758 esset,
1758 2695 2026 2745 calamitati

325 2781 709 2831 illacrimantem
758 2784 1002 2833 Hecubae
1049 2791 1195 2848 atque
1227 2780 1606 2833 Andromachae
1647 2778 2023 2840 conspicerent3

327 2862 395 2913 cf.
424 2862 674 2911 Plutarch.
704 2865 787 2912 vit.
815 2865 988 2928 Pelop.
1018 2881 1062 2913 c.
1084 2868 1164 2913 29.
1196 2881 1246 2928 p.
1271 2865 1402 2923 243„
1440 2861 1503 2910 de
1521 2859 1790 2909 Alexandri
1821 2858 2024 2905 fortuna

326 2947 380 2992 et
413 2944 592 2991 virtute
627 2950 752 2992 orat.
781 2943 839 2991 ll.
881 2945 987 2993 init.
1017 2945 1211 2992 Aelian.
1236 2942 1370 3003 XlV,
1397 2944 1477 2991 40.
1555 2941 1665 2990 Non
1701 2939 1851 3003 igitur
1887 2937 2024 2986 solus

324 3023 603 3073 Archelaus
622 3039 682 3071 ex
707 3025 913 3089 regibus
938 3025 1136 3073 maximi
1166 3024 1287 3072 fecit
1312 3040 1424 3072 eum
1449 3027 1666 3087 poetam,
1695 3018 1779 3084 qui
1806 3017 2023 3066 omnium

326 3103 570 3153 acerrime
604 3102 910 3152 dominatum
959 3111 1012 3153 et
1044 3105 1332 3153 iniustitiam
1368 3102 1695 3167 inpugnabat:
1752 3098 1892 3152 cuius
1925 3103 2023 3147 tra-

326 3183 554 3250 goediae,
602 3184 697 3231 etsi
742 3200 839 3232 non
880 3184 1139 3233 valuerunt
1182 3184 1243 3231 ad
1280 3182 1606 3232 coercendam
1642 3179 1896 3228 hominum
1931 3177 2022 3226 im·

327 3265 600 3331 proborum
652 3262 939 3326 libidinem,
996 3270 1162 3314 tamen
1212 3264 1462 3312 interdum
1509 3261 1589 3311 vel
1642 3259 2023 3308 durissimorum

325 3342 587 3396 hominum
633 3343 822 3392 animos
870 3344 1186 3394 molliverunt
1229 3350 1281 3392 et
1314 3341 1668 3410 poenitentiam
1710 3340 2026 3388 inseruerunt

330 3422 606 3474 crudeliter
661 3423 924 3474 factorum.
1003 3424 1058 3474 ld
1108 3426 1463 3490 Spartanorum
1520 3435 1718 3487 quoque
1770 3416 2022 3482 principes

331 3502 529 3568 experti
561 3507 692 3566 sunt,
746 3506 830 3569 qui
864 3522 1016 3571 quum
1048 3505 1274 3558 Athenas
1307 3506 1417 3555 solo
1449 3515 1684 3569 aequare,
1711 3497 1901 3549 incolas
1935 3512 2022 3545 au-
