2170 3848
934 263 1012 320 81

224 400 231 409 ’
260 409 455 476 ἅρματι
477 410 661 474 πρῶτα
682 409 906 476 δραμεῖν
930 407 1021 462 καὶ
1048 408 1268 474 δεύτερα
1287 408 1377 461 καὶ
1396 409 1560 476 τρίτα,
1586 410 1747 479 βῆναι
1760 410 1807 463 δ’

259 487 486 557 ἀπονητὶ
519 489 633 554 τρὶς
666 488 941 558 στεφθέντ’
975 488 1122 557 ἐλαίᾳ

258 570 349 625 καὶ
381 572 579 636 κάρυκι
616 572 753 637 βοᾶν
784 570 1144 637 παραδοῦναι.

127 652 272 703 Hunc
306 654 623 720 splendorem
655 654 970 702 illustriorem
1007 652 1132 700 fecit
1155 650 1429 700 civitatium
1449 653 1807 704 munificentia:

128 733 373 798 siquidem
416 734 684 784 tentorium
737 733 981 784 Alcibiadi
1029 731 1238 797 Ephesii
1268 738 1569 795 ,posuerunt
1628 735 1809 784 eximie

127 813 446 874 adornatum3
495 813 723 877 pabulum
758 814 897 878 equis
933 817 983 860 et
1018 813 1214 876 copiam
1248 812 1553 860 victimarum
1588 815 1813 877 praebuit

130 893 368 943 Chiorum
402 894 587 952 civitas,
622 893 792 942 Lesbii
824 894 986 941 vinum
1023 897 1074 940 et
1105 897 1297 940 ceteras
1326 892 1497 956 epulas
1525 892 1662 958 large
1681 895 1809 942 mul-

129 978 208 1022 tos
262 961 501 1022 invitanti.
586 972 962 1037 Reprehensum
1013 987 1127 1020 esse
1176 973 1236 1019 ab
1285 971 1577 1021 adversariis
1626 980 1811 1024 tantam

129 1052 537 1117 magnificentiam
578 1053 728 1101 facile
755 1057 833 1101 est
859 1052 1147 1112 intellectu3
1183 1051 1302 1114 quin
1327 1053 1472 1100 etiam
1494 1054 1811 1119 praecipuam

126 1130 243 1180 belli
267 1131 638 1198 redintegrandi
662 1149 884 1182 caussam
913 1132 1155 1182 Alcibiadi
1181 1131 1338 1180 fuisse
1383 1133 1628 1182 criminati
1665 1139 1809 1196 sunt3

125 1209 193 1261 cf.
211 1209 369 1271 Tlluc.
395 1210 478 1273 VI,
508 1215 586 1262 12.
605 1218 655 1262 et
685 1216 763 1262 15.
801 1212 975 1277 Neque
998 1213 1189 1261 minore
1210 1212 1296 1261 ille
1323 1211 1588 1276 splendore
1614 1230 1671 1262 ac
1697 1232 1809 1264 mu-

124 1290 375 1340 nificentia
409 1292 460 1340 in
493 1292 624 1341 ludis
671 1294 880 1342 scenicis
915 1294 1122 1342 edendis
1158 1294 1414 1354 utebatur,
1464 1299 1514 1341 et
1547 1293 1805 1359 Euripidis

126 1370 440 1435 potissimum
477 1371 667 1422 fabulas
713 1389 773 1422 eo
808 1375 998 1422 honore
1032 1372 1238 1421 affectas
1273 1388 1386 1420 esse
1441 1389 1502 1421 ex
1536 1374 1626 1436 iis,
1684 1392 1810 1440 quae

123 1449 297 1499 harum
332 1452 622 1516 quibusdam
658 1454 824 1503 insunt
856 1455 920 1502 ad
955 1442 1260 1503 Alcibiadem
1292 1453 1618 1517 pertinentia,
1669 1457 1809 1505 colli-

123 1546 243 1594 gere
276 1530 410 1581 licet.
458 1531 749 1596 Supplicum
787 1533 1001 1581 fabulam
1038 1539 1143 1582 tum
1178 1539 1336 1581 actam
1364 1548 1492 1593 esse,
1529 1550 1676 1597 quum
1698 1537 1808 1585 foe-

125 1609 218 1660 dus
234 1610 363 1661 inter
372 1611 701 1661 Athenienses
716 1618 767 1662 et
778 1614 989 1677 Argivos
1002 1617 1312 1678 pangeretur,
1328 1611 1499 1662 docuit
1512 1614 1809 1679 Boeckhius,

129 1691 213 1740 cui
247 1692 422 1740 merito
459 1693 613 1741 ceteri
648 1693 927 1758 adstipulati
963 1698 1092 1741 sunt.
1139 1693 1310 1755 itaque
1344 1708 1456 1740 cum
1478 1695 1656 1743 eodem
1683 1701 1808 1744 tem-

125 1786 266 1835 pore,
302 1787 398 1835 quo
434 1773 793 1833 Andromache,
846 1773 994 1820 docta
1040 1773 1128 1832 sit,
1179 1788 1275 1819 non
1309 1777 1385 1819 est
1420 1773 1648 1834 dubium,
1697 1778 1812 1840 quin

129 1851 353 1900 eiusdem
389 1853 536 1900 etiam
573 1851 867 1899 didascaliae
899 1851 1066 1901 fuerit.
1116 1852 1180 1899 Et
1213 1867 1390 1899 revera
1414 1853 1672 1916 utriusque
1697 1857 1810 1905 dra-

132 1930 282 1979 matis
318 1947 377 1980 ea
412 1939 489 1980 est
522 1931 594 1980 vis
629 1947 686 1978 ac
720 1942 913 1987 natura,
952 1937 1003 1979 ut
1037 1931 1246 1979 alterum
1280 1931 1435 1979 altero
1471 1934 1707 1997 compleri
1738 1937 1808 1984 vi-

128 2010 319 2063 deatur.
379 2010 505 2059 Nam
540 2011 751 2059 alterum
784 2011 1072 2074 fugiendam
1108 2026 1220 2058 esse
1255 2011 1607 2076 Spartanorum
1642 2017 1811 2065 amici-

115 2089 242 2138 'tiam
276 2077 508 2152 ostendit,
543 2091 768 2151 alterum,
804 2096 858 2139 ut
884 2091 1051 2155 Argivi
1083 2090 1290 2139 foedere
1324 2092 1423 2140 icto
1449 2093 1497 2140 in
1521 2093 1811 2146 societatem

123 2169 454 2235 recipiantur,
489 2187 586 2220 non
621 2171 848 2232 obscure,
882 2173 972 2220 sed
1008 2177 1176 2235 aperte
1209 2172 1448 2220 hortatur.
1511 2173 1579 2222 Et
1610 2191 1810 2226 caussas

125 2255 421 2314 expromunt
454 2251 638 2316 Argivi,
675 2252 852 2314 quibus
887 2253 1007 2300 moti
1044 2252 1415 2301 Atheniensium
1445 2255 1627 2318 potius,
1663 2272 1809 2319 quam

126 2327 498 2395 Spartanorum,
535 2331 804 2379 amicitiam
839 2337 1098 2395 expetant:
1136 2347 1250 2380 esse
1286 2332 1417 2380 enim
1452 2333 1545 2381 hos
1583 2334 1720 2384 feros
1757 2341 1809 2384 et

126 2410 284 2458 varios
317 2414 658 2474 versutosque,
698 2411 1030 2460 Athenienses
1068 2418 1236 2460 contra
1268 2413 1417 2461 mites
1450 2413 1808 2481 humanosque,

124 2505 196 2538 ac
229 2505 547 2554 praeesse
582 2507 802 2539 eorum
827 2492 1256 2556 reipublicae
1281 2493 1576 2542 iuvenem
1600 2497 1807 2545 excel-

126 2568 391 2627 lentem,
428 2570 560 2634 quali
595 2576 823 2620 carentes
858 2572 986 2620 duce
1020 2572 1202 2620 multae
1237 2573 1461 2622 civitates
1496 2577 1762 2638 perierint:

257 2647 480 2716 Σπάρτη
513 2647 610 2714 μὲν
644 2648 758 2718 ὠμὴ
793 2647 884 2702 καὶ
915 2650 1244 2702 πεποίκιλται
1275 2651 1524 2717 τρόπους,

255 2727 322 2780 τὰ
357 2728 404 2780 δ’
440 2731 572 2781 ἄλλα
606 2733 700 2794 (sc.
738 2732 1181 2800 Πελοποννήσου)
1218 2731 1379 2800 μικρὰ
1412 2733 1675 2801 κάσθενῆ·
1712 2735 1807 2786 πό-

918 2816 997 2873 λις
1032 2812 1089 2864 δὲ
1124 2811 1190 2880 σὴ

255 2889 393 2957 μόνη
429 2889 632 2943 δύναιτ’
667 2890 736 2944 ἂν
767 2893 911 2946 τόνδ’
947 2893 1242 2963 ὑποστῆναι
1275 2893 1471 2946 πόνον·

256 2971 322 3021 τά
352 2973 397 3022 τ’
435 2970 617 3038 οἰκτρὰ
649 2972 752 3040 γὰρ
788 2975 1006 3041 δέδορκε
1039 2975 1129 3028 καὶ
1161 2973 1383 3027 νεανίαν

258 3050 359 3118 ἔχει
395 3051 451 3104 σὲ
485 3052 683 3119 ποιμέν’
720 3053 930 3121 ἐσθλόν,
967 3048 1032 3109 οὗ
1067 3056 1210 3126 χρεία
1243 3056 1421 3117 πόλεις

256 3133 447 3184 πολλαὶ
482 3133 717 3186 διώλοντ’
753 3133 946 3199 ἐνδεεῖς
979 3139 1358 3204 στρατηλάτου.

126 3210 267 3262 Haec
302 3214 381 3264 de
428 3215 629 3264 Theseo
680 3218 814 3268 dicta
857 3236 1002 3269 nemo
1045 3237 1142 3270 non
1183 3219 1561 3270 Atheniensium
1608 3222 1810 3284 propter

129 3307 336 3343 caussae
371 3294 740 3344 similitudinem
775 3298 837 3346 ad
873 3300 1179 3350 Alcibiadem
1213 3300 1406 3349 referre
1440 3299 1618 3364 potuit.
1677 3299 1809 3346 Foe-

127 3371 265 3422 deris
317 3380 483 3425 autem
532 3376 670 3441 leges
719 3394 877 3442 paene
927 3382 1131 3430 eaedem
1183 3380 1234 3429 in
1268 3379 1460 3443 fabula,
1509 3395 1635 3444 quae
1678 3377 1810 3442 apud

128 3447 498 3582 Tlilucjipidem,
534 3457 844 3520 sanciuntur;
878 3459 943 3511 cf.
958 3461 1178 3513 Boeckh.
1203 3460 1293 3511 Gr.
1317 3467 1440 3527 trag.
1457 3461 1612 3525 princ.
1631 3476 1680 3524 p.
1698 3460 1808 3506 189.

242 3567 255 3582 .
331 3567 344 3581 .
1449 3543 1482 3589 6
