2170 3848
1072 275 1190 333 14⁰

309 418 528 469 centibus
586 433 745 483 neque
789 418 901 469 ullis
945 419 1115 470 alienis
1172 421 1354 471 viribus
1397 421 1607 484 adiutis,
1676 423 1967 475 attribuerit.

307 498 667 548 Necessitatem
703 498 899 549 fatalem
918 535 933 561 ,
980 501 1058 549 cui
1093 501 1161 549 dii
1196 501 1517 566 hominesque
1547 503 1686 553 inviti
1719 510 1967 570 parerent,

307 577 488 626 nullam
532 578 755 642 agnovit,
801 581 890 628 sed
935 581 1039 629 eius
1075 581 1183 629 loco
1217 597 1376 644 aequa
1418 582 1671 645 iustaque,
1717 584 1969 632 tuentibus

307 656 402 704 diis
449 661 501 705 et
533 658 842 722 conspirante
876 675 1022 710 sensu
1056 661 1251 726 generis
1295 661 1521 720 humani,
1563 676 1769 724 regnare
1801 662 1968 712 docuit

309 734 400 799 (cf.
426 734 490 786 T.
514 734 551 785 Ι.
577 753 625 801 p.
651 737 800 800 522).
869 739 1090 802 Denique
1123 755 1241 789 suae
1286 742 1467 790 mentis
1509 740 1751 806 cogitata,
1795 742 1967 804 suique

307 814 453 862 animi
485 815 785 865 voluntatem
832 818 880 866 in
913 834 1149 881 personas
1185 820 1256 868 sic
1291 820 1570 878 transtulit,
1624 825 1679 868 ut
1723 820 1969 870 interdum

306 909 483 958 parum
515 894 739 944 videatur
771 897 1125 946 dissimulasse.

438 973 577 1022 Haec
622 991 833 1038 sequens
883 976 1148 1041 Euripides
1197 979 1408 1027 formam
1457 978 1654 1043 quidem
1687 978 1971 1042 tragoediae

306 1054 536 1102 traditam
587 1055 790 1103 minime
835 1055 1055 1104 deseruit
1099 1074 1261 1122 neque
1306 1059 1438 1107 facta
1482 1064 1712 1122 tanquam
1760 1061 1970 1123 primum

307 1134 449 1198 sequi
483 1134 654 1193 desiit-3
690 1134 778 1183 sed
813 1134 911 1182 vim
945 1142 1266 1200 naturamque
1311 1138 1582 1186 immutavit
1614 1139 1833 1187 moribus
1859 1154 1971 1187 sen-

305 1214 569 1276 tentiisque
601 1213 906 1279 exponendis
941 1217 1069 1278 plus,
1107 1232 1252 1279 quam
1289 1218 1478 1266 factum
1513 1234 1542 1266 a
1575 1218 1822 1282 prioribus
1849 1221 1973 1275 erat,

306 1293 583 1342 tribuendo.
667 1293 998 1355 Quamobrem
1044 1311 1196 1358 quum
1240 1299 1457 1347 moribus
1507 1314 1598 1362 per
1643 1298 1779 1346 facta
1818 1296 1972 1346 mani-

305 1373 549 1422 festandis
583 1373 794 1422 ambitus
829 1375 1194 1439 tragoediarum
1229 1383 1456 1440 receptus
1492 1383 1542 1426 et
1562 1376 1723 1425 forma
1756 1376 1972 1442 partium

305 1453 485 1501 tradita
533 1469 707 1517 parum
762 1452 1078 1516 sufficerent,
1147 1456 1422 1504 orationum
1480 1457 1870 1505 contentionibus
1919 1460 1973 1504 et

306 1532 722 1598 disputationibus
769 1534 1036 1582 sententias
1070 1534 1321 1583 hominum
1355 1536 1585 1599 vitaeque
1630 1535 1853 1584 instituta
1887 1550 1973 1583 ex-

308 1612 427 1677 poni
462 1628 667 1661 necesse
700 1611 823 1671 fuit,
873 1613 925 1661 id
960 1615 1091 1678 quod
1137 1616 1410 1664 oratoribus
1444 1616 1603 1678 magis
1639 1615 1715 1663 vel
1750 1614 1971 1680 philoso-

305 1692 447 1756 phis,
482 1708 628 1756 quam
659 1692 885 1755 personis
920 1695 1159 1753 scenicis,
1206 1694 1466 1743 convenire
1501 1696 1709 1743 videtur.
1778 1694 1889 1742 Hoc
1922 1699 1974 1742 et

306 1774 367 1822 ab
390 1773 659 1822 Aristotele
683 1772 835 1837 argui,
854 1789 1027 1837 parum
1057 1773 1364 1821 commodam
1389 1771 1665 1822 fabularum
1681 1779 1975 1823 structuram

306 1867 421 1901 esse
452 1851 644 1900 dicente
677 1849 769 1913 (οὐ
802 1852 975 1912 καλῶς
1008 1851 1320 1916 οἰκοδομεῖ),
1355 1859 1406 1902 et
1429 1853 1745 1902 acerbissime
1777 1853 1837 1902 ab
1861 1853 1975 1902 Ari-

308 1932 566 1995 stophane,
592 1931 738 1980 hoste
764 1932 1111 1997 philosophiae
1133 1933 1474 1994 infestissimo,
1499 1933 1768 1998 vituperari
1796 1933 1973 1982 identi-

308 2011 422 2060 dem
456 2011 706 2060 mouuisse
737 2011 856 2059 utile
891 2013 1004 2061 erit.

439 2091 694 2156 Euripidis
737 2095 899 2140 tamen
945 2093 1071 2141 ratio
1121 2096 1356 2155 quantum
1402 2092 1554 2141 distat
1586 2109 1615 2141 a
1647 2093 1974 2142 recentiorum

308 2175 565 2237 poetarum
611 2171 993 2221 imitationibus!
1070 2172 1181 2221 Hoc
1228 2173 1633 2237 componentibus
1682 2188 1794 2221 cum
1843 2171 1974 2219 illius

308 2251 560 2317 iphigenia
593 2251 798 2300 Goethii
833 2249 1044 2300 fabulam
1079 2253 1253 2301 eodem
1287 2253 1483 2301 nomine
1506 2252 1792 2316 inscriptam
1816 2250 1974 2299 omni-

308 2332 419 2390 bus,
455 2330 539 2395 qui
572 2335 805 2394 poterunt
836 2331 1077 2390 iudicare,
1108 2331 1425 2380 manifestum
1458 2331 1571 2380 erit.
1640 2331 1763 2379 Eam
1786 2331 1975 2379 utrius-

309 2427 408 2475 que
453 2410 619 2475 operis
659 2410 999 2460 diversitatem
1043 2415 1182 2460 recte
1215 2411 1347 2461 Guil.
1386 2411 1448 2458 E.
1485 2410 1714 2460 Weber
1755 2411 1805 2459 in
1848 2411 1974 2459 libro

309 2493 375 2542 de
419 2490 621 2541 Goethii
678 2489 928 2554 Iphigenia
973 2497 1024 2541 et
1056 2491 1287 2541 Schilleri
1321 2489 1482 2538 Tellio
1529 2490 1713 2554 scripto
1771 2490 1973 2550 notavit,

308 2571 471 2621 verbis
507 2575 647 2618 utens
682 2569 849 2633 hisce,
897 2572 1074 2635 quibus
1123 2572 1186 2620 ad
1221 2570 1854 2634 Aristotelis-praeceptum
1887 2585 1977 2617 re-

311 2651 464 2701 currit
523 2650 747 2713 ignarus:
826 2650 1009 2714 „Apud
1054 2650 1343 2714 Euripidem
1401 2649 1621 2699 moribus
1672 2649 1977 2698 delectamur

311 2746 485 2780 caussa
506 2745 697 2790 eorum,
733 2745 857 2793 quae
879 2733 1103 2795 aguntur,
1138 2729 1267 2793 apud
1294 2728 1563 2778 Goetbium
1583 2745 1776 2778 morum
1803 2744 1977 2778 caussa

311 2810 617 2860 delectamur
651 2810 741 2870 iis,
793 2826 918 2874 quae
952 2814 1159 2872 aguntur
1174 2805 1278 2870 *).''
1347 2809 1572 2857 Alterum
1618 2808 1770 2871 igitur
1803 2812 1974 2873 poeta-

310 2906 420 2939 rum
453 2904 535 2937 res
568 2889 839 2953 gerenda8‚
889 2889 1095 2937 alterum
1129 2905 1293 2937 mores
1327 2893 1554 2952 tanquam
1587 2888 1802 2953 primum
1837 2886 1978 2950 sequi

311 2969 525 3034 agnovit,
562 2968 692 3031 quod
728 2970 896 3018 dicens
930 2969 1215 3018 recentioris
1251 2974 1301 3017 et
1333 2969 1517 3017 veteris
1552 2983 1764 3032 poeseos
1815 2965 1975 3014 diver·

311 3049 509 3099 sitatem
542 3049 788 3098 indicavit.
857 3049 1145 3113 Quanquam
1182 3047 1434 3097 fatendum
1480 3053 1558 3096 est
1611 3048 1721 3111 plus
1770 3045 1976 3109 Euripi-

311 3131 427 3180 dem
459 3129 508 3176 in
542 3128 831 3192 quibusdam
868 3129 976 3178 aliis
1005 3127 1184 3177 fabulis
1209 3128 1580 3193 componendiS,
1615 3142 1761 3189 quam
1786 3126 1837 3175 in
1863 3125 1975 3187 hac,

371 3317 420 3372 Ἅι)
447 3316 499 3362 Ρ.
519 3314 600 3358 87:
634 3315 771 3371 „Man
802 3316 916 3358 kann
947 3329 1101 3372 sagen,
1129 3314 1202 3357 bei
1220 3313 1458 3369 Euripides
1483 3311 1760 3357 interessiren
1786 3308 1872 3352 wir
1899 3321 1979 3350 uns

454 3387 530 3430 ssu.-
559 3385 630 3428 die
659 3386 882 3429 Personen
908 3401 985 3429 um
1016 3387 1097 3428 der
1123 3385 1367 3445 Handlung
1396 3385 1569 3438 willein,
1598 3382 1673 3427 bei
1701 3380 1876 3424 Goethe
1902 3377 1979 3422 ffu-

454 3456 527 3502 die
554 3457 801 3514 Handlung
827 3470 906 3500 um
932 3458 1012 3501 der
1038 3457 1261 3500 Personen
1290 3454 1485 3498 willen.''
