2170 3866
909 278 1034 339 575

114 429 290 495 ripidis
323 426 706 478 admiratoribus
733 434 978 493 occupata
1013 423 1192 490 f11it*).
1261 426 1469 478 Frustra
1502 425 1652 488 igitur
1674 429 1818 491 pater

119 511 230 560 eius
264 509 398 558 laudi
424 508 681 573 Euripidis
709 510 1091 571 obtrectaverant,
1127 508 1373 573 siquidem
1398 506 1531 556 haud
1564 507 1823 555 imminuta

118 590 302 640 summi
352 594 533 654 poetae
580 589 736 653 gloria
780 589 955 638 dolore
1001 589 1169 637 etiam*
1197 589 1354 637 filium
1388 587 1549 652 potuit
1583 586 1821 645 afficere3

118 671 309 719 frustra
345 670 495 719 etiam
530 669 664 718 filius
699 669 824 718 iram
859 669 1111 724 exercuit,
1148 668 1398 733 siquidem
1439 663 1823 731 Φιλευριπίδην

121 750 436 800 comoediam
484 749 708 798 scribere
756 750 907 798 etiam
955 749 1195 798 Axionico
1239 764 1450 798 necesse
1495 747 1619 808 fuit,
1681 748 1822 796 cuius

121 831 319 895 quidam
363 845 541 879 versus
587 830 648 879 ab
695 829 956 879 Athenaeo
991 828 1077 879 lv.
1123 846 1175 895 p.
1213 830 1324 877 115.
1361 829 1418 877 Β.
1465 829 1647 878 servati
1702 827 1824 878 satis

123 927 231 962 rem
265 911 547 960 declarant:

259 987 401 1041 οὕτω
434 986 540 1054 γὰρ
575 984 662 1040 ἐπὶ
692 990 806 1048 τοῖς
840 984 1018 1054 μέλεσι
1048 991 1163 1049 τοῖς
1203 986 1507 1053 Εὐριπίδου

255 1072 421 1137 ἄμφω
453 1073 733 1131 νοσοῦσιν,
769 1066 897 1130 ὥςτε
930 1063 1073 1121 τᾶλλ’
1110 1069 1293 1130 αὐτοῖς
1329 1069 1511 1123 δοκεῖν

258 1147 400 1205 εἶναι
432 1148 562 1218 μέλη
597 1149 893 1217 γιγγραντὰ
925 1148 1017 1204 καὶ
1048 1149 1218 1203 κακὸν
1252 1149 1403 1217 μέγα.

257 1234 468 1285 Dicendi
502 1250 689 1299 genus,
740 1234 875 1298 quod
911 1233 1180 1298 Euripides
1217 1234 1408 1297 primus
1446 1236 1824 1294 monstraverat,

125 1315 314 1366 scenici
346 1319 529 1380 poetae
565 1330 739 1362 omnes
775 1314 958 1362 merito
993 1313 1265 1378 amplexati
1300 1318 1439 1361 suntz
1475 1312 1607 1376 quod
1637 1310 1827 1362 factum

126 1411 243 1445 esse
275 1400 385 1443 tum
423 1394 722 1444 Aristoteles
758 1393 912 1444 Rhet.
948 1393 1034 1442 ΙΙΙ.
1069 1408 1114 1442 c.
1150 1396 1197 1442 2.
1243 1399 1350 1443 tum
1394 1394 1602 1443 loannes
1637 1393 1739 1443 Sic.
1772 1393 1827 1443 in

125 1475 279 1525 Rhet.
312 1475 401 1525 Gr.
426 1473 513 1527 Vl.
541 1490 590 1538 p.
614 1477 730 1523 6:30.
757 1479 1028 1534 testantur3
1066 1472 1136 1522 cf.
1163 1473 1224 1523 T.
1252 1473 1291 1525 Ι.
1317 1492 1367 1539 p.
1393 1477 1492 1523 318
1515 1488 1622 1537 seq.
1686 1473 1825 1523 Idem

123 1572 188 1606 ex
220 1555 447 1619 reliquiis
481 1554 763 1603 fabularum
794 1553 1009 1616 Critiae,
1046 1553 1264 1615 Carcini,
1299 1554 1624 1614 Theodectis,
1661 1553 1825 1603 Chae-

125 1636 348 1686 remonis
393 1634 708 1698 aliorumque
749 1649 805 1682 se
842 1635 1136 1699 cognovisse
1171 1634 1561 1684 Welckerus
1609 1639 1828 1684 testatur

126 1732 180 1782 p.
219 1717 338 1765 91⁷.
382 1721 434 1763 et
478 1714 775 1763 confirmant
808 1715 1199 1780 Bernhardy
1248 1716 1300 1764 in
1343 1715 1443 1764 vita
1478 1715 1738 1780 Euripidis
1773 1727 1826 1780 p.

125 1798 242 1848 146.
286 1799 340 1844 et
383 1795 667 1843 Bartsch
715 1795 764 1844 in
811 1811 1115 1861 programm.
1167 1797 1233 1846 de
1284 1796 1629 1845 Chaeremone
1679 1802 1827 1861 poeta

125 1876 316 1941 tragico
363 1875 553 1941 scripto
601 1892 650 1941 p.
676 1878 759 1925 31.
840 1875 943 1925 Sed
994 1893 1075 1925 res
1123 1893 1322 1940 quoque
1369 1882 1424 1925 et
1462 1878 1735 1926 sententias
1775 1881 1827 1926 et

126 1958 402 2008 universam
439 1963 595 2004 artem
633 1957 775 2005 multi
809 1956 884 2006 sic
920 1963 1038 2006 sunt
1083 1959 1287 2020 imitati,
1335 1962 1392 2006 ut
1435 1958 1732 2020 „desilirent
1775 1957 1827 2007 in

125 2039 319 2100 artum,
357 2037 490 2085 unde
523 2036 707 2101 pedem
744 2037 973 2101 proferre
1006 2038 1189 2102 partim
1224 2039 1386 2103 pudor
1420 2043 1613 2087 vetaret
1644 2039 1827 2103 partim

125 2120 292 2185 operis
328 2118 408 2167 lex
433 2115 568 2182 **).''
637 2117 710 2165 Ita
744 2117 929 2167 factum
968 2124 1063 2178 est,
1099 2125 1154 2167 ut
1187 2121 1386 2183 quidam
1421 2119 1828 2182 etiam-interpo-

125 2201 224 2249 lata
267 2198 529 2263 Euripidis
577 2198 795 2247 carmina
837 2215 929 2264 pro
977 2199 1081 2248 suis
1127 2199 1344 2248 vendere
1378 2215 1474 2248 non
1522 2199 1828 2259 dubitarent,

124 2279 398 2344 Neophron
435 2279 570 2342 quod
603 2278 726 2326 fecit
762 2279 1055 2343 Sicyonius,
1090 2280 1360 2328 Alexandri
1392 2280 1613 2346 aequalis
1650 2280 1829 2330 Mace-

125 2361 300 2421 donis,
334 2357 669 2422 interpolatae
706 2357 922 2406 Medeae
955 2360 1208 2422 Euripidis
1242 2361 1493 2409 convictus
1530 2378 1558 2409 a
1593 2360 1827 2412 Dicaear-

126 2441 223 2488 cho
257 2444 406 2502 atque
442 2437 744 2505 Aristotele:
780 2440 844 2487 de
882 2454 978 2501 qua
1012 2455 1068 2486 re
1103 2455 1255 2504 supra
1291 2441 1515 2505 exposui.

256 2516 574 2566 Recentioris
610 2518 903 2566 comoediae
939 2526 1120 2587 poetae
1156 2519 1406 2582 principes
1428 2535 1602 2569 omnes
1624 2520 1826 2586 Euripi·

123 2600 238 2649 dem
286 2603 339 2647 et
369 2597 597 2645 admirati
648 2603 701 2646 et
742 2598 923 2646 imitati
969 2603 1099 2648 sunt.
1183 2598 1251 2647 Et
1300 2599 1553 2648 'l‘imocles
1604 2601 1827 2664 quidem,

126 2679 209 2744 qui
242 2678 343 2727 fuit
377 2677 428 2726 in
463 2676 676 2726 divortio
711 2679 851 2742 quasi
885 2679 1083 2741 generis
1116 2679 1380 2743 utriusque
1415 2680 1624 2744 positus,
1666 2682 1825 2731 utilis-

125 2761 279 2808 simas
327 2757 526 2820 cognitu
572 2760 852 2822 tragoedias
900 2758 1144 2822 imprimis
1181 2758 1440 2824 Euripidis
1488 2776 1603 2810 esse
1646 2767 1699 2810 et
1732 2762 1826 2810 fir·

126 2839 347 2889 missima
409 2837 652 2903 praebere
708 2839 947 2887 malorum
1008 2840 1180 2887 solatia
1238 2840 1465 2894 versibus
1526 2841 1822 2905 quibusdam

127 2919 345 2987 egregiis
380 2918 572 2966 censuit
607 2918 814 2977 (Athen.
841 2919 924 2970 Vl.
957 2937 1007 2985 p.
1034 2921 1207 2980 2230:

256 2989 385 3057 τοὺς
419 2995 523 3062 γὰρ
557 2991 871 3065 τραγῳδοὺς
903 2986 1139 3063 πρῶτον,
1174 2997 1220 3050 εἰ
1253 2998 1453 3065 βούλει,
1487 2999 1689 3062 σκόπει,

257 3076 331 3139 ὥς
364 3075 636 3143 ὠφελοῦσι
668 3078 903 3140 πάντας·
938 3078 969 3131 ὁ
1003 3077 1101 3145 μὲν
1134 3078 1238 3146 γὰρ
1273 3077 1352 3131 ὢν
1384 3079 1562 3148 πένης,

256 3159 596 3227 πτωχότερον
630 3157 803 3211 αὐτοῦ
839 3158 1174 3226 καταμαθὼν
1206 3161 1326 3213 τὸν
1370 3162 1688 3230 Τήλεφον

254 3240 565 3308 γενόμενον,
597 3239 702 3308 ἤδη
735 3237 837 3309 τὴν
866 3240 1058 3293 πενίαν
1090 3240 1228 3309 ῥᾷον
1261 3241 1441 3309 φέρει·

177 3429 229 3485 *)
258 3430 327 3473 Cf.
358 3430 555 3474 Meinek.
586 3433 616 3475 l.
647 3433 678 3475 1.
709 3445 829 3488 spec.
860 3433 941 3475 111.
972 3446 1016 3488 p.
1047 3431 1117 3474 lo.

146 3499 224 3556 *ἢ
252 3501 434 3545 Initium
463 3501 819 3545 Phoenissamm
845 3503 1131 3546 Theodectes
1150 3500 1369 3554 imitando
1393 3499 1613 3559 expressit
1638 3499 1686 3545 in
1708 3499 1817 3543 Bel·

253 3572 548 3629 lerophonte3
581 3573 638 3617 cf.
669 3573 880 3618 Valcken.
912 3574 972 3619 ad
1000 3574 1174 3618 Phoen.
1206 3587 1250 3616 v.
1283 3573 1325 3616 1.
