2202 3892
1217 217 1341 274 278

459 365 701 431 quondam
746 363 977 412 laetitiam
1020 361 1343 412 Troianorum
1384 361 1668 427 interrupit3
1717 362 1936 412 Helenae
1974 377 2120 412 aceu-

459 446 583 494 satio
619 443 914 493 accusationi
939 442 1206 507 respondet
1227 442 1510 504 Alexandri,
1546 458 1636 491 nec
1656 443 1813 492 minus
1836 442 1939 502 illa,
1974 458 2119 506 quam

456 525 566 585 hic,
614 523 806 572 formae
850 523 1181 588 pulcritudine
1227 538 1396 571 omnes
1433 521 1564 585 capit
1607 526 1655 570 et
1687 522 1906 586 periculo
1943 522 2116 587 capitis

456 603 663 654 liberata
714 603 816 651 suis
862 604 1133 667 perniciosa
1182 609 1282 662 est;
1333 602 1570 650 Hecubae
1604 601 1848 665 Astyanax
1880 602 2122 668 lugendus

457 687 537 732 est
570 682 743 732 eadem
778 684 987 742 ratione,
1023 683 1109 731 sed
1146 682 1366 746 digniore
1401 697 1653 741 moerore,
1701 696 1846 743 quam
1882 683 2125 744 quondam

456 762 785 812 Alexandrum
823 762 948 810 luxit
983 765 1126 811 morti
1161 763 1440 821 obiectum;
1477 761 1686 824 denique
1711 760 1821 807 finis
1856 775 1968 808 cnm
1996 762 2126 824 prin-

458 842 587 907 cipio
622 843 863 905 congruit,
899 843 1125 905 quoniam
1162 841 1437 890 incendium
1486 841 1621 890 urbis
1668 841 1764 888 hoc
1809 839 2128 904 praedicitur,

457 921 543 969 illo
586 927 859 985 spectatur.
929 921 1020 970 Est
1067 929 1232 970 autem
1267 922 1390 969 haec
1438 920 1690 983 tragoedia
1737 935 1799 968 ex
1832 934 2018 985 genere
2051 934 2130 978 eo,

459 1000 589 1063 quod
638 1003 851 1050 omnium
891 1017 1134 1049 summum
1171 1006 1220 1050 et
1255 1001 1729 1065 praestantissimum
1774 1015 1887 1048 esse
1937 1004 2130 1047 veteres

459 1082 704 1129 communi
738 1082 920 1129 iudicio
955 1080 1297 1139 decreverunt,
1340 1080 1549 1144 simplex
1583 1079 1703 1127 illud
1740 1084 1793 1128 et
1824 1079 2127 1144 patheticam

459 1160 793 1224 appellantes,
827 1162 1129 1209 recentiores
1160 1175 1293 1219 vero,
1329 1159 1637 1223 impatientes
1669 1159 1945 1224 grandium,
1982 1173 2131 1222 quum

457 1239 655 1287 mollem
705 1242 947 1304 quandam
999 1241 1287 1303 civilemque
1337 1240 1416 1287 dei
1463 1238 1636 1302 optimi
1684 1237 1881 1286 maximi
1915 1243 2130 1286 mentem

459 1331 573 1366 esse
606 1317 807 1381 fingant,
843 1328 1143 1372 aversantur.
1211 1319 1436 1368 Fuerunt
1468 1326 1629 1366 autem
1667 1318 1749 1381 qui
1781 1333 1875 1366 non
1907 1316 2131 1380 implica-

458 1396 590 1445 tione
623 1405 827 1458 tantum,
858 1399 944 1446 sed
981 1400 1126 1447 etiam
1166 1399 1481 1463 simplicitate
1517 1397 1610 1445 hoc
1634 1397 1801 1444 drama
1835 1410 2005 1444 carere
2038 1411 2130 1458 pu-

458 1479 649 1525 tarent:
683 1477 803 1525 nihil
840 1479 966 1526 enim
1002 1478 1229 1542 primum,
1267 1478 1390 1526 nihil
1426 1469 1663 1535 medium',
1699 1475 1820 1524 nihil
1848 1480 2132 1523 ‚extremum

459 1570 590 1617 esse,
626 1557 713 1604 sed
749 1563 971 1605 tenorem
1007 1573 1170 1606 rerum
1207 1559 1497 1613 miserarum
1531 1556 1665 1603 nulla
1699 1557 1828 1604 inter
1863 1569 1917 1602 se
1951 1569 2132 1602 neces-

459 1634 603 1683 sitate
636 1635 929 1687 iunctarum.
999 1636 1074 1684 Ex
1111 1637 1285 1698 quibus
1321 1650 1527 1697 quaero,
1577 1635 1803 1698 quidnam
1852 1633 2130 1682 fabularum

461 1713 705 1777 primum,
752 1716 869 1778 quid
906 1715 1144 1773 medium,
1182 1714 1298 1778 quid
1336 1718 1608 1762 extremum
1645 1728 1757 1760 esse
1791 1714 1952 1764 velint.
2020 1712 2130 1761 Pri-

458 1807 592 1841 mum
640 1793 747 1842 sine
800 1795 949 1842 dubio
996 1801 1075 1842 est
1122 1794 1378 1858 suspensio
1413 1793 1686 1841 animorum
1737 1799 1787 1840 et
1829 1793 2135 1856 exspectatio

456 1887 620 1921 rerum
656 1875 890 1937 gravium,
925 1890 1043 1938 quas
1080 1873 1359 1922 necessario
1393 1878 1624 1920 venturas
1657 1887 1768 1919 esse
1801 1871 2133 1935 intelligimus,

462 1952 680 2000 medium
731 1953 1033 2016 appellamus
1080 1969 1175 2018 quo
1210 1953 1326 2009 illa,
1377 1967 1501 2015 quae
1536 1958 2020 2015 exspectaveramuS,
2068 1952 2133 2000 ad

461 2031 645 2080 exitum
687 2032 1026 2093 adducuntur,
1077 2040 1352 2081 extremum
1403 2031 1615 2094 denique
1661 2030 2133 2079 consummationem

459 2111 724 2158 eorundem
773 2117 825 2159 et
869 2112 1272 2176 compositionem
1319 2126 1483 2159 rerum
1534 2112 1912 2173 restitutamque
1960 2125 2134 2173 pacem

458 2193 604 2252 atque
639 2191 871 2252 quietem.
940 2191 1041 2238 lam
1077 2190 1323 2254 quomodo
1357 2190 1534 2238 horum
1570 2190 1786 2252 quidque
1821 2190 1870 2236 in
1895 2189 1992 2236 hoc
2018 2187 2131 2236 dra-

458 2273 592 2315 mate
633 2283 688 2316 se
733 2269 916 2316 habeat
961 2270 1229 2318 videamus.
1298 2268 1639 2331 Reliquiarum
1683 2268 1841 2330 gentis
1887 2266 2132 2316 Troianae

459 2361 568 2394 sors
603 2348 786 2410 agitur:
836 2364 1041 2412 quarum
1078 2350 1203 2397 duae
1237 2347 1374 2413 quasi
1411 2357 1575 2412 partes
1615 2353 1752 2406 sunt,
1787 2346 1943 2395 altera
1979 2347 2133 2395 femi-

458 2440 551 2474 nae
586 2443 695 2476 cum
731 2428 930 2489 liberis,
978 2427 1129 2477 altera
1174 2429 1310 2476 urbs.
1379 2426 1524 2476 Pueri
1559 2428 1620 2476 ad
1655 2433 1914 2491 utramque
1944 2431 2133 2490 partem

459 2507 731 2570 aequaliter
774 2509 1048 2571 pertinent:
1095 2509 1276 2556 etenim
1310 2507 1359 2556 in
1403 2507 1464 2555 iis
1509 2506 1782 2555 communis
1817 2512 1868 2554 et
1900 2513 2132 2568 matrum,

458 2601 584 2649 quae
617 2594 936 2652 pepererunt,
973 2593 1022 2636 et
1053 2589 1258 2651 patriae,
1295 2602 1384 2651 pro
1419 2602 1514 2649 qua
1550 2593 1822 2649 pugnantes
1857 2592 2022 2649 patres
2045 2600 2131 2635 eo-

455 2682 564 2714 rum
601 2669 952 2726 occubuerunt,
989 2683 1104 2731 spes
1136 2668 1381 2717 vindictae
1415 2665 1611 2713 nititur:
1647 2666 1816 2728 itaque
1849 2680 1944 2713 non
1976 2663 2132 2728 prius,

459 2761 602 2807 quam
636 2747 715 2794 his
752 2748 1037 2805 exstinctis,
1087 2749 1281 2811 penitus
1317 2745 1463 2793 Troia
1501 2746 1662 2793 deleta
1698 2760 1810 2793 esse
1844 2743 1999 2793 videri
2021 2747 2132 2807 pot-

459 2831 553 2875 est.
624 2825 933 2890 Singularum
981 2829 1192 2890 partium
1241 2826 1383 2889 quasi
1432 2824 1623 2889 effigies
1659 2824 1896 2887 quaedam
1931 2822 1980 2871 in
2015 2837 2133 2870 con·

458 2909 634 2968 spectu
680 2912 796 2954 sunt
842 2907 1060 2970 positae,
1112 2912 1162 2954 et
1208 2905 1499 2953 seminarum
1547 2904 1741 2968 quidem
1778 2909 1879 2950 tres
1912 2900 2134 2948 introdu-

458 2989 567 3038 ctae
601 2986 962 3034 nobilissimae:
1000 2986 1273 3035 Cassandra
1315 2987 1467 3049 virgo,
1504 2982 1864 3037 Andromache,
1889 2979 2132 3028 >Hectoris

456 3079 595 3124 uxor,
629 3064 820 3112 Helena
856 3067 1093 3116 adultera.
1161 3066 1419 3113 Accedunt
1453 3065 1617 3127 regina
1647 3069 1698 3111 et
1732 3061 1929 3119 choruS,
1963 3074 2133 3107 verum

456 3141 544 3202 sic,
579 3148 634 3191 ut
668 3145 811 3191 simul
847 3147 1054 3194 civitatis
1077 3159 1335 3209 personam
1360 3145 1657 3191 sustineant:
1702 3142 1867 3204 itaque
1887 3139 1943 3186 iis
1974 3143 2025 3187 et
2055 3137 2131 3186 lu-

457 3222 606 3285 gendi
639 3222 982 3286 Astyanactis,
1035 3241 1144 3273 cum
1181 3239 1275 3286 quo
1314 3240 1428 3288 spes
1464 3221 1797 3272 restituendae
1831 3217 2010 3265 Troiae
2036 3232 2133 3265 una

457 3302 695 3350 exstincta
730 3309 823 3362 est,
859 3309 909 3352 et
942 3305 1154 3354 incendii
1186 3308 1430 3352 tectorum
1466 3302 1603 3351 urbis
1639 3297 1925 3363 deplorandi
1952 3310 2130 3359 munus

459 3379 743 3444 delegatum
778 3389 884 3443 est,
932 3385 1271 3448 Astyanactem
1320 3387 1483 3431 autem
1518 3380 1875 3444 conspicientes
1919 3375 2133 3438 reliquos
