2170 3866
948 271 1074 330 493

156 418 365 472 scholiis
400 426 454 470 et
485 420 533 470 in
582 418 801 485 Etymol.
837 419 929 481 M.,
964 420 1006 469 ci
1039 419 1194 479 lubet,
1228 417 1415 468 videas.
1483 415 1584 468 Sed
1619 417 1856 466 contenta

155 517 279 551 voce
323 501 449 551 illud
510 499 798 566 (σύντονον
843 498 1024 565 μέλος)
1074 506 1125 550 et
1180 516 1302 549 sono
1348 505 1525 563 arguto
1570 490 1719 563 (ὀξὺς
1763 492 1856 548 καὶ

154 579 346 642 λεπτὸς
379 579 649 647 φθόγγος)
686 582 878 631 cantari
914 588 963 631 et
999 597 1113 629 esse
1146 587 1354 630 naturae
1389 580 1734 629 eunuchorum
1771 594 1857 628 ac-

156 662 589 727 commodatum*)
635 679 731 712 non
778 678 839 711 ex
885 663 1167 711 coniectura
1203 662 1306 722 illi,
1353 661 1443 709 sed
1482 675 1543 710 ex
1589 676 1684 710 usu
1730 661 1857 711 hau-

156 750 288 794 stum
335 744 602 792 tradidisse
647 744 892 791 videntur.
962 741 1132 790 Potuit
1176 741 1257 790 hic
1303 741 1482 789 modus
1515 741 1708 790 bellicis
1745 757 1856 790 car-

157 825 377 874 minibus
426 824 825 882 accommodari‚
873 823 923 871 id
973 823 1104 886 quod
1154 838 1216 871 ex
1254 822 1315 870 iis
1351 820 1678 885 intelligitur,
1728 838 1856 887 quae

157 904 409 955 Plutarch.
448 905 511 953 de
541 903 656 953 fort.
691 904 834 953 Alex.
871 919 912 951 c.
949 906 994 952 2.
1033 902 1304 951 memoriae
1341 903 1593 967 prodidit3
1629 902 1719 950 sed
1758 903 1859 951 hoc

157 985 358 1049 quidem
396 985 642 1034 canticum
679 986 888 1049 lugubre
922 989 1000 1032 est
1034 990 1087 1033 et
1121 983 1286 1032 simile
1321 984 1396 1045 iis,
1441 999 1567 1046 quae
1600 984 1650 1032 in
1683 999 1860 1047 regum

158 1065 393 1114 caedibus
440 1082 469 1113 a
503 1066 725 1114 barbaris
762 1065 948 1114 cantari
995 1065 1250 1113 solebant:
1296 1064 1346 1112 id
1395 1065 1526 1113 enim
1565 1065 1745 1112 docent
1779 1078 1860 1112 vv.

158 1147 556 1205 1380—1384.,
606 1162 704 1211 quo
739 1146 851 1194 loco
887 1142 1056 1210 α’ρχὰν
1089 1143 1305 1211 θρήνου
1352 1161 1444 1210 pro
1481 1140 1652 1210 α’ρχὰν
1683 1141 1860 1194 θανά-

156 1242 257 1277 του
295 1242 356 1274 ex
394 1227 597 1275 scholiis
632 1227 682 1275 in
718 1233 907 1275 textum
942 1227 1283 1290 reponendum
1321 1231 1413 1274 est.

286 1306 541 1355 Insaniens
599 1313 738 1355 metu
795 1307 957 1370 primo
1016 1306 1270 1354 incondita
1328 1305 1637 1354 vociferatur
1684 1304 1860 1370 spado,

156 1386 276 1435 ldae
309 1389 361 1433 et
395 1385 562 1434 Ledae
597 1391 649 1434 et
673 1385 983 1448 Ganymedis
1018 1385 1210 1434 faciens
1246 1386 1578 1446 mentionem3
1613 1391 1717 1434 tum
1753 1401 1863 1436 mo-

154 1470 309 1516 nente
343 1465 525 1525 choro,
562 1471 618 1514 ut
652 1465 844 1529 singula
880 1467 1056 1515 ordine
1092 1470 1335 1531 exponat,
1370 1467 1558 1515 haecce
1594 1482 1706 1515 cum
1743 1466 1863 1516 hor-

154 1562 273 1599 rore
320 1551 374 1595 et
422 1549 760 1596 membrorum
804 1548 1043 1611 vocisque
1090 1554 1310 1596 tremore
1359 1546 1467 1610 (qui
1516 1547 1594 1596 vel
1641 1546 1862 1596 numeris

155 1625 464 1690 declaratur)
509 1627 673 1676 refert
719 1633 952 1676 cantans:
1002 1628 1200 1676 venisse
1249 1629 1298 1676 in
1342 1629 1495 1676 aedes
1550 1627 1677 1677 duos
1723 1629 1866 1692 quasi

156 1707 359 1766 leones,
402 1723 611 1770 quorum
645 1707 857 1756 alterum
900 1708 1040 1771 quasi
1080 1707 1316 1771 Ulyssem
1352 1708 1580 1756 dolosum
1617 1724 1750 1766 esse,
1786 1713 1864 1757 ta-

161 1787 261 1836 cite
297 1792 547 1849 astutum‚
584 1804 729 1836 manu
765 1795 1048 1853 promtum,
1090 1789 1398 1853 proeliorum
1434 1789 1672 1854 peritum,
1709 1789 1867 1838 fidum

159 1867 364 1927 amicis,
410 1873 461 1916 et
507 1869 636 1917 intro
670 1869 924 1934 ingressos
959 1886 988 1917 a
1022 1868 1163 1917 laeva
1199 1869 1474 1933 dextraque
1509 1869 1757 1918 Helenam
1791 1869 1866 1919 la-

159 1947 429 1997 crimantes
475 1949 830 2014 supplicesque
874 1950 1151 2000 obsedisse.
1220 1950 1516 1999 Accurrisse
1550 1949 1779 2015 Phryges
1815 1954 1869 2000 et

158 2028 403 2078 metuisse
436 2030 727 2088 nonnulloS,
762 2046 824 2079 ne
859 2031 1091 2079 subesset
1126 2029 1307 2088 dolus,
1356 2046 1412 2079 se
1455 2036 1623 2080 autem
1661 2032 1865 2079 adstan-

158 2113 263 2158 tem
315 2114 561 2174 perpetuo
606 2110 831 2159 Helenae
886 2110 1060 2159 fusum
1119 2111 1280 2175 digito
1339 2111 1591 2175 torquenti
1636 2109 1868 2175 (pallium

158 2188 295 2237 enim
329 2204 391 2236 ex
428 2190 600 2253 spoliis
637 2189 869 2238 Troianis
906 2192 1057 2240 nebat
1095 2190 1528 2254 Clytaemnestrae
1563 2191 1754 2240 tumulo
1789 2191 1868 2240 in-

157 2265 446 2332 ferendum)
482 2269 734 2318 ventulum
771 2270 971 2318 flabello
1005 2271 1206 2319 fecisse.
1276 2270 1513 2320 Tractam
1550 2271 1732 2320 deinde
1760 2270 1867 2320 He-

158 2347 324 2398 lenam
370 2348 431 2399 ab
469 2348 650 2398 Oreste
698 2351 760 2398 ad
809 2350 968 2399 larum
1002 2351 1202 2412 focum,
1247 2350 1438 2416 Pylade
1476 2367 1675 2411 servos,
1722 2351 1868 2415 quasi

159 2427 239 2477 fas
272 2444 371 2478 non
406 2435 546 2477 esset
569 2435 765 2479 secreta
789 2446 878 2479 eos
913 2432 1215 2491 auscultare,
1252 2449 1281 2479 e
1313 2433 1531 2480 thalamo
1556 2433 1787 2497 abigente
1815 2436 1867 2482 et

159 2508 339 2573 partim
385 2508 436 2556 in
483 2510 635 2572 equili
678 2512 860 2575 partim
909 2513 958 2559 in
1004 2512 1192 2560 exedra
1233 2512 1539 2564 includente.
1610 2512 1742 2561 Tum
1787 2523 1867 2562 re-

160 2591 315 2652 pente
356 2589 502 2638 ambo
549 2591 734 2639 strictis
783 2591 959 2656 gladiis
1008 2593 1209 2640 adortos
1246 2609 1361 2641 esse
1395 2593 1530 2641 illam
1568 2592 1866 2643 clamantem

162 2672 216 2717 et
260 2666 484 2732 effugere
529 2676 820 2731 conantem,
869 2677 922 2720 et
947 2670 1218 2732 Orestem,
1256 2689 1372 2722 cum
1408 2679 1719 2737 occupasset,
1757 2690 1864 2722 ma-

161 2763 279 2796 num
316 2748 508 2813 capillis
541 2751 850 2815 implicuisse
884 2757 936 2800 et
971 2757 1164 2802 retorto
1200 2753 1329 2802 collo
1356 2759 1581 2818 paratum
1616 2753 1776 2802 fuisse
1801 2754 1866 2804 ad

161 2814 331 2877 ictum.
399 2828 596 2878 Interim
635 2847 807 2881 servos
843 2832 1063 2881 effractis
1098 2834 1260 2883 ianuis
1295 2834 1576 2883 accurrisse
1600 2834 1865 2898 lapidibus,

163 2908 368 2971 iaculis,
414 2909 595 2977 gladiis
631 2918 878 2977 armatoS,
925 2930 1138 2979 quorum
1183 2915 1402 2964 omnium
1436 2915 1677 2981 impetum
1714 2915 1865 2980 Pyla-

221 3121 273 3176 *)
304 3119 456 3164 Schol.
488 3137 531 3164 v.
562 3122 699 3166 1369:
738 3123 852 3170 ἔνιοι
882 3126 931 3170 δὲ
960 3125 1045 3171 τὸν
1076 3125 1235 3186 Φρύγα
1263 3125 1346 3173 τὸν
1375 3126 1731 3185 ἐκπεπηδηκότα
1762 3123 1866 3174 δυ’-

306 3191 526 3247 νοῦχόν
576 3208 717 3250 φασι·
764 3193 874 3248 τοὺς
930 3197 981 3242 δὲ
1028 3196 1280 3256 εὐνούχους
1327 3199 1538 3251 ἐπιεικῶς
1587 3196 1867 3256 ὅξυφῶνους

307 3260 555 3320 ὑπάρχειν·
596 3263 649 3308 τό
688 3258 775 3310 οὖν
804 3265 1096 3322 ὄξύτονον
1126 3268 1377 3326 ἁρμάτειον
1408 3269 1555 3316 αὐτὸν
1594 3272 1743 3327 φάναι
1771 3274 1865 3314 κτλ.

293 3329 410 3377 ‘'Ou
432 3332 484 3378 δὲ
507 3331 730 3391 εὐνοῦχος
753 3330 825 3395 ἦν,
858 3341 999 3397 φησὶν
1029 3343 1095 3398 (v,
1119 3341 1254 3397 1521)
1283 3341 1424 3398 ,,οὔτε
1451 3340 1538 3401 γὰρ
1567 3339 1682 3398 γυνὴ
1714 3340 1867 3397 πέφν-

305 3419 390 3455 κᾱς
418 3385 517 3449 οἵτ’
547 3405 595 3449 ἐν
623 3405 849 3465 ἀνδράσιν
878 3410 933 3456 σύ
958 3409 998 3468 γ’
1030 3410 1119 3465 εἶ”,
1150 3413 1230 3457 καὶ
1257 3411 1398 3459 πάλιν
1429 3409 1484 3470 ,,ὀ
1502 3411 1565 3468 ξύ
1595 3411 1685 3471 γὰρ
1715 3413 1784 3471 βο
1801 3414 1867 3469 ἧς

307 3472 518 3521 (ἑκοῦσαν
532 3473 690 3536 Ἀργος
713 3479 1030 3541 §gavelo-stac?
