2170 3848
1194 269 1314 326 108

532 411 825 477 θνητοῖσιν,
862 411 954 463 εἴτ’
987 411 1186 464 ἄπαιδα
1218 415 1559 477 καρποῦσθαι
1590 415 1727 481 βίον.

535 489 645 555 ὁρῶ
676 489 779 556 γὰρ
813 483 893 552 οἷς
924 489 1020 557 μὲν
1055 491 1154 543 οὐκ
1194 490 1400 557 ἔφυσαν
1434 492 1667 560 ἀθλίους,

530 567 701 622 ὅσοισι
733 570 780 622 δ’
815 568 946 622 εἰσὶν
979 569 1139 623 οὐδὲν
1171 571 1589 640 εὐτυχεστέρους.

522 647 613 702 καὶ
643 649 746 716 γὰρ
778 649 934 702 κακοὶ
963 652 1183 717 γεγῶτες
1215 650 1426 720 ἐχθίστη
1457 654 1632 717 νόσος,

529 728 632 782 κᾶν
664 724 732 782 αὗ
764 728 1023 797 γένωνται
1055 731 1342 798 σώφρονες,
1376 734 1543 786 κακὸν
1575 731 1731 800 μέγα·

526 812 759 863 λυποῦσι
789 809 884 862 τὸν
915 811 1176 877 φύσαντα,
1209 812 1282 880 μὴ
1314 814 1528 866 πάθωσί
1559 830 1625 865 τι.

531 966 667 1030 ὅςτις
701 969 759 1021 δὲ
792 971 1010 1037 θνητῶν
1044 971 1289 1038 βούλεται
1322 973 1642 1039 δυςώνυμον

528 1048 602 1110 εἰς
631 1052 800 1116 γῆρας
833 1049 1024 1115 ἐλθεῖν,
1060 1051 1126 1103 οὐ
1158 1053 1413 1118 λογίζεται
1445 1055 1646 1114 καλῶς·

530 1130 731 1196 μακρὸς
761 1129 863 1196 γὰρ
897 1129 1030 1183 αἰὼν
1062 1132 1291 1199 μυρίους
1319 1133 1478 1184 τίκτει
1510 1134 1729 1194 πόνους.

529 1210 787 1276 Disparem
833 1211 1032 1263 fabulae
1077 1214 1543 1278 conformationem,
1591 1215 1731 1264 cuius
1764 1213 2061 1263 auctor-So-

398 1291 602 1358 phocles
634 1290 792 1339 fuisse
823 1296 1003 1356 potest,
1036 1292 1279 1342 Lucienus
1313 1294 1363 1343 in
1399 1294 1696 1344 Charidemo
1728 1309 1772 1342 c.
1807 1297 1908 1356 20„
1942 1293 2062 1344 Phi-

396 1372 634 1420 lostratus
667 1369 753 1418 lm.
786 1369 823 1430 Ι,
858 1373 956 1432 17.,
990 1371 1214 1435 Hyginus
1249 1387 1290 1421 c.
1326 1375 1454 1435 253„
1489 1373 1655 1423 Schol.
1689 1373 1850 1437 Apoll.
1879 1373 1919 1435 Ι,
1945 1374 2059 1422 756.

396 1450 578 1514 aliique
623 1451 889 1498 memoriae
934 1451 1268 1515 prodiderunt.
1346 1453 1553 1517 Myrtilo
1601 1454 1729 1502 enim
1785 1453 1954 1501 dicunt
1999 1453 2060 1500 ab

395 1529 729 1594 Hippodamia
761 1544 1051 1592 persuasum
1086 1546 1223 1593 esse,
1270 1538 1323 1580 ut
1358 1548 1528 1581 cereos
1565 1533 1723 1581 clavos
1757 1547 1850 1596 pro
1882 1531 2061 1580 ferreis

394 1609 518 1659 rotis
550 1607 800 1668 iniiceret3
834 1607 1134 1658 Oenomaum
1167 1610 1217 1659 in
1244 1611 1350 1675 ipso
1385 1627 1534 1660 cursu
1565 1610 1906 1672 interiisse*);
1941 1625 2060 1658 eun-

395 1688 512 1738 dem
543 1702 641 1735 non
690 1687 888 1736 oraculo
922 1690 1183 1748 monitum,
1232 1690 1320 1738 sed
1354 1692 1484 1753 quod
1529 1691 1677 1739 filiam
1721 1692 1830 1754 ipse
1862 1693 2062 1754 praeter

395 1772 619 1817 naturam
661 1771 851 1815 amaret
893 1783 1055 1831 neque
1098 1783 1128 1815 a
1162 1783 1217 1817 se
1261 1769 1509 1819 dimittere
1551 1770 1725 1830 vellet,
1774 1769 1940 1817 dolum
1974 1783 2060 1817 ex-

397 1847 657 1910 cogitasse,
692 1862 788 1909 quo
822 1847 960 1909 proci
993 1847 1244 1912 perirent3
1292 1848 1671 1914 Hippodamiam
1717 1864 1780 1897 ex
1811 1848 1922 1912 ipso
1955 1862 2061 1895 cer-

393 1927 591 1986 tamine,
626 1939 737 1974 cum
771 1925 971 1990 Pelopis
1005 1942 1152 1975 curru
1185 1927 1465 1989 veheretur,
1501 1944 1614 1977 cum
1646 1927 1743 1976 hoc
1778 1926 2059 1990 aufugisse;

394 2005 570 2068 Pelopi
610 2019 807 2053 currum
842 2022 870 2052 a
904 2004 1135 2069 Neptuno
1169 2005 1399 2054 donatum
1447 2006 1605 2056 fuisse
1650 2022 1763 2055 cum
1797 2007 1934 2068 equis
1967 2006 2060 2053 im-

395 2083 709 2144 mortalibus3
744 2084 865 2132 deos
898 2086 1031 2148 ipsos
1064 2085 1293 2150 virginis,
1342 2085 1473 2148 quod
1506 2085 1631 2134 flore
1665 2084 1843 2133 aetatis
1877 2085 1926 2132 ei
1957 2084 2060 2133 frui

395 2180 493 2214 non
525 2163 727 2224 liceret,
772 2163 1005 2213 misertos
1041 2180 1153 2213 esse
1199 2167 1249 2212 et
1281 2164 1457 2228 Pelopi
1502 2167 1791 2228 praesentes
1824 2162 2060 2211 auxilium

394 2243 587 2292 tulisse.
635 2242 795 2325 ,Hanc
839 2243 1054 2292 fabulam
1103 2259 1387 2307 expressam
1446 2243 1671 2292 videmus
1720 2242 1770 2291 in
1819 2242 2059 2306 amphora

396 2323 596 2382 eadem,
639 2338 735 2386 qua
768 2322 1059 2371 Archemori
1101 2322 1258 2371 fatum
1305 2322 1596 2384 exhibetur,
1641 2324 1863 2386 itemque
1894 2321 1947 2370 in
1979 2337 2054 2375 ea,

396 2418 539 2468 quam
573 2402 760 2453 Dubois
791 2400 1173 2452 Maissonneuve
1205 2403 1303 2452 tab.
1341 2401 1497 2455 XXX.
1526 2402 1714 2452 curavit
1734 2401 2053 2452 reddendam.

829 2717 895 2773 C.
994 2719 1628 2776 Andromache.

523 2866 710 2916 Mirum
743 2871 819 2916 est
852 2867 1007 2927 dictu,
1041 2871 1269 2931 quantum
1303 2867 1532 2933 Euripidi
1555 2866 1945 2917 criminationum
1976 2865 2052 2914 in-

391 2946 724 3012 iuriarumque
755 2947 1089 3010 importaverit
1118 2947 1285 2996 iudicii
1317 2947 1398 2996 illa
1422 2948 1738 3010 perversitas,
1774 2962 1869 3009 qua
1891 2944 2052 3007 vulgo,

392 3026 488 3077 nisi
519 3027 582 3074 ad
613 3042 758 3075 unam
790 3042 1049 3090 personam
1082 3026 1365 3090 primariam
1399 3028 1557 3075 omnia
1600 3027 1904 3084 referantur,
1951 3027 2052 3072 tra-

392 3105 623 3173 goediam
663 3106 811 3156 ullam
857 3121 949 3172 pro
995 3106 1204 3171 simplici
1247 3122 1438 3170 unaque
1478 3105 1754 3156 habendam
1798 3119 1914 3153 esse
1964 3118 2052 3153 ne-

392 3189 524 3249 gant.
1832 3186 1834 3189 ’

451 3379 500 3435 *J
528 3378 582 3421 In
609 3379 761 3437 Iphig.
791 3380 929 3424 Taur.
957 3379 1057 3422 823.
1097 3377 1233 3422 etiam
1262 3378 1497 3435 Euripides
1526 3377 1800 3422 Oenomaum
1828 3388 1858 3419 a
1883 3374 2051 3432 Pelope

534 3450 664 3495 hasta
691 3450 953 3495 transfixum
979 3463 1078 3493 esse
1103 3448 1244 3494 finxit.
