2124 3860
1150 274 1271 329 322

371 426 727 476 conformatam
762 435 874 470 esse
908 421 1165 485 imaginem
1202 421 1326 469 dixit
1359 419 1598 478 Helenae,
1635 421 1698 469 de
1733 437 1830 485 qua
1861 420 2043 470 Graeci

371 504 668 567 '1¹roianique
703 504 830 551 inter
863 517 918 550 se
954 500 1262 558 dimicarent,
1299 500 1497 565 egregie
1535 502 1761 550 convenit
1795 517 1904 550 cum
1930 517 2042 549 sen-

370 585 523 634 tentia
573 585 917 647 Anaxagorae,
971 581 1153 628 animas
1189 582 1439 629 hominum
1474 594 1534 627 ex
1568 581 1770 629 aethere
1804 582 2042 630 delibatas

370 664 655 712 mortalibus
691 662 981 726 corporibus
1020 661 1316 709 circumdari
1339 658 1613 718 censentis;
1651 659 1714 708 cf.
1737 659 1875 708 T.11.
1894 678 1942 724 p.
1964 663 2042 712 16.

373 744 700 807 Agnoscimus
749 743 798 789 in
846 742 939 789 hac
976 740 1250 805 argumenti
1299 739 1688 787 conformatione
1722 755 1907 789 morem
1941 742 2043 789 Eu-

369 825 572 888 ripidis,
629 838 724 885 quo
760 822 1029 869 sententias
1066 820 1469 884 philosophorum
1505 819 1686 867 fabulis
1721 820 1794 867 sic
1826 820 2043 881 involvit,

370 910 424 951 ut
471 920 560 967 per
603 900 905 966 pellucidum
952 901 1178 948 fictorum
1223 900 1440 947 velamen
1491 915 1605 947 vera
1639 900 1765 947 ratio
1803 898 1949 947 facilc
1982 899 2042 947 ab

369 983 446 1038 iis,
482 983 563 1046 qui
599 987 766 1029 essent
799 981 1018 1028 acutiore
1053 979 1266 1038 iudicio,
1307 986 1607 1026 cerneretur.
1676 979 1754 1029 Ad
1787 994 2044 1044 argumen-

368 1068 472 1110 tum
510 1062 670 1124 ipsnm
709 1060 1051 1123 explicandum
1088 1059 1202 1106 inde
1237 1073 1319 1105 me
1353 1058 1571 1106 consero.

505 1140 554 1189 ln
603 1140 769 1187 Pharo
824 1140 973 1203 igitur
1018 1137 1239 1199 insula*)
1289 1138 1438 1184 aedes
1484 1138 1617 1200 regis
1663 1141 1713 1186 et
1757 1153 1914 1201 prope
1958 1153 2043 1186 eas

370 1220 646 1285 sepulcrum
683 1219 1227 1282 Protei,conspicitur‚
1265 1218 1342 1264 cui
1380 1218 1587 1281 supplex
1622 1218 1802 1265 insidet
1834 1216 2042 1277 Helena,

373 1316 567 1358 cavens,
603 1315 666 1346 ne
699 1298 747 1346 in
783 1298 1140 1361 Tlieoclymeni
1176 1298 1307 1359 regis
1345 1297 1522 1344 lectum
1561 1298 1935 1360 coniugiumque
1968 1297 2042 1344 in-

369 1380 465 1427 vita
500 1379 728 1442 rapiatur.
799 1377 907 1424 Non
945 1383 1022 1424 est
1056 1378 1181 1424 enim
1221 1377 1409 1424 Helena
1458 1392 1569 1423 cum
1604 1377 1878 1424 Alexandro
1915 1375 2040 1423 Tro-

367 1459 464 1506 iam
499 1458 748 1522 profecta,
783 1457 870 1504 sed
906 1456 1099 1504 Iunonis
1133 1456 1296 1514 iussn,
1335 1456 1473 1503 illum
1509 1464 1709 1519 sperato
1743 1456 1892 1521 potiri
1926 1471 2041 1520 pre-

369 1539 440 1584 tio
485 1537 724 1597 nolentis,
775 1551 801 1582 a
849 1534 1100 1583 Mercurio
1150 1552 1240 1601 per
1274 1551 1440 1584 aerem
1475 1535 1525 1583 in
1560 1536 1837 1599 Aegyptum
1872 1540 2043 1583 avecta

370 1631 427 1663 ac
460 1615 630 1663 Protei
661 1615 812 1680 regis,
846 1615 1132 1678 probissimi
1167 1615 1460 1675 mortalium,
1494 1615 1614 1663 fidei
1646 1617 1922 1674 commissa,
1958 1615 2040 1677 qui

368 1701 589 1743 servaret
621 1695 883 1756 intactam,
929 1696 1087 1742 donec
1122 1695 1380 1744 Menelaus
1423 1700 1690 1759 repeteret.
1755 1695 1918 1743 Paridi
1952 1710 2040 1742 au-

367 1780 467 1822 tem
511 1775 671 1836 imago
716 1775 958 1838 quaedam
995 1775 1217 1822 Helenae
1261 1791 1322 1823 ex
1358 1789 1473 1822 aere
1507 1775 1811 1822 conformata
1847 1775 2040 1837 vitaque

368 1853 588 1917 praedita
623 1856 673 1902 in
708 1870 880 1902 manus
917 1855 1098 1902 tradita
1133 1860 1227 1915 est,
1265 1870 1410 1917 quam
1445 1854 1634 1903 habens
1668 1869 1831 1901 veram
1867 1869 1923 1902 se
1956 1854 2040 1901 ha·

366 1933 485 1980 bere
532 1934 756 1995 opinatus
807 1939 911 1991 est,
963 1935 1182 1997 itemque
1226 1935 1396 1999 populi
1443 1934 1570 1982 lovis
1604 1934 1806 1981 consilio
1841 1932 2042 1996 decepti

368 2017 480 2059 sunt
525 2011 586 2057 ‹le
620 2011 748 2059 inani
793 2014 1065 2058 venustatis
1116 2017 1283 2073 specie
1332 2015 1520 2074 proelia
1556 2014 1867 2060 atrocissima
1903 2026 2038 2060 com-

365 2090 616 2137 mittentes
653 2095 704 2137 et
738 2091 799 2138 ad
834 2088 1222 2138 internecionem
1256 2090 1566 2139 dimicantes.
1624 2090 1892 2140 Verissima
1916 2086 2040 2139 haec

366 2175 444 2216 est
479 2168 732 2229 Euripidis
766 2171 1023 2217 sententia.
1095 2169 1218 2216 Belli
1253 2171 1383 2218 enim
1418 2169 1621 2219 Troiani
1654 2176 1876 2219 naturam
1901 2174 2040 2218 recte

366 2247 680 2306 aestimabis,
728 2248 772 2296 si
804 2248 923 2295 illud
969 2249 1394 2310 expeditionibus,
1442 2265 1562 2311 quas
1610 2250 1856 2310 quondam
1892 2248 2035 2296 Chri-

365 2326 509 2374 stiani
555 2326 780 2374 homines
825 2331 995 2374 contra
1030 2325 1421 2375 muhamedanos
1473 2333 1825 2392 susceperunt,
1873 2327 2036 2376 simile

366 2403 520 2452 fuisse
565 2406 861 2453 decreveris.
919 2404 1086 2453 ,Ficta
1128 2420 1218 2467 pro
1265 2406 1394 2453 veris
1430 2406 1628 2469 utrique
1663 2406 1875 2470 amplexi
1907 2412 2036 2467 sunt,

364 2499 525 2547 neque
563 2486 821 2548 quicquam
856 2499 917 2531 ex
949 2484 1196 2531 laboribus
1233 2486 1493 2545 commodi,
1533 2487 1661 2549 quod
1698 2487 1895 2549 quidem
1930 2502 2034 2534 ma-

364 2564 505 2611 nibus
557 2567 716 2611 teneri
762 2564 1020 2627 oculisque
1071 2564 1204 2611 cerni
1247 2572 1443 2628 posset,
1499 2566 1696 2613 domum
1745 2566 2031 2616 retulerunt.

364 2641 712 2691 Verumtamen
750 2644 876 2692 beati
913 2651 964 2690 et
1000 2644 1178 2692 Graeci
1215 2649 1265 2690 et
1300 2651 1544 2692 nostrates
1580 2646 1896 2709 praedicandi
1922 2647 2031 2694 sue-

362 2727 501 2780 runt,
539 2723 669 2784 quod
708 2724 757 2770 in
792 2722 917 2771 bella
951 2731 1003 2770 et
1036 2723 1244 2785 labores,
1281 2726 1458 2786 quibus
1495 2731 1545 2772 et
1580 2727 1745 2773 vilium
1780 2725 2030 2773 bominum

361 2802 623 2850 multitudo
659 2803 1000 2850 absumeretur
1034 2809 1084 2849 et
1117 2805 1465 2866 praestantium
1500 2806 1654 2853 virtus
1687 2805 2024 2852 manifestare-

360 2883 458 2935 tur,
496 2881 703 2929 ‹leorum
738 2881 981 2929 beneficio
1015 2883 1325 2946 praecipitati
1357 2890 1494 2932 sunt:
1528 2900 1639 2932 nam
1676 2885 1718 2932 si
1752 2883 2029 2933 Sinensium

362 2958 488 3006 vitae
537 2960 727 3009 illorum
776 2963 872 3009 vita
921 2962 1095 3009 similis
1142 2961 1349 3026 fuisset,
1408 2964 1531 3011 nihil
1579 2979 1738 3026 neque
1783 2963 2027 3026 epopoeia

359 3052 518 3099 neque
552 3040 801 3102 tragoedia
835 3040 1033 3104 dignum
1067 3039 1373 3102 tulisset**).
1444 3042 1575 3092 Vera
1600 3041 1796 3090 interim
1818 3039 2023 3101 Helena,

416 3231 464 3285 >³²]
497 3232 577 3274 Od.
599 3231 797 3287 1³335t:
830 3235 969 3290 νῆσος
995 3231 1150 3278 ἔπειτά
1180 3250 1248 3284 τις
1277 3233 1370 3279 ἔστι
1387 3260 1443 3267 -
1461 3233 1690 3291 Αἰγύπτου
1709 3227 2015 3290 προπάροιθε,

498 3303 649 3360 Φάρον
683 3303 732 3344 δέ
764 3302 784 3345 ἓ
813 3303 1144 3359 κικλήσκουσιν.

383 3370 462 3424 *⁹0‘)
491 3371 695 3414 imitatus
727 3374 842 3414 banc
874 3380 938 3416 est
965 3374 1188 3429 Euripidis
1226 3374 1513 3427 sententiam,
1551 3378 1602 3416 ut
1640 3371 1754 3415 alias
1793 3371 2021 3426 plurimas,

497 3441 679 3484 Isocrat.
709 3443 932 3499 Panegyr.
963 3459 1000 3487 c.
1030 3442 1097 3486 23.
1130 3447 1169 3495 §.
1199 3442 1269 3486 84.
1302 3444 1433 3499 (ta).
