2170 3848
960 262 1080 323 155

174 434 300 469 uinus
317 416 505 468 detexit
524 415 724 464 iuvenes
747 413 873 463 duos
890 412 939 461 in
959 411 1190 477 spelunca
1212 406 1579 468 delitescentes,
1595 419 1718 471 quos
1734 402 1838 470 pri-

175 515 256 548 mo
282 498 471 546 barbari
489 496 608 544 deos
624 512 735 544 esse
751 499 999 558 putarunt,
1023 505 1151 548 mox,
1177 504 1329 551 quum
1348 488 1610 553 naufragos
1630 501 1742 536 esse
1761 485 1838 533 in-

175 579 500 639 tellexissent,
535 576 699 624 venari
725 580 773 622 et
797 589 885 637 pro
908 570 1118 619 victimis
1146 568 1268 616 deae
1291 566 1536 616 adducere
1563 566 1841 616 constitue-e

178 664 307 707 runt.
374 658 571 706 Interim
608 655 812 703 Orestes
847 651 1127 713 mugitibus,
1160 654 1214 696 ut
1246 646 1458 707 videtur,
1492 647 1641 694 boum
1676 644 1841 709 perci-

178 745 290 800 tus,
332 753 482 800 quum
517 735 779 785 Furiarum
814 747 983 778 vocem
1019 729 1116 776 sibi
1149 728 1320 776 audire
1354 726 1634 786 videretur,
1670 725 1843 773 relicta

179 818 414 882 spelunca
447 821 596 880 caput
629 811 873 861 concussit
904 809 1203 871 tremuitque
1237 807 1493 864 manibus,
1542 811 1593 854 et
1626 804 1842 853 clamans

180 912 321 945 more
367 893 612 944 venatoris
658 891 708 938 in
761 895 982 938 armenta
1025 890 1198 937 stricto
1232 887 1394 951 gladio
1427 886 1667 950 impetum
1705 883 1844 945 fecit,

181 976 358 1025 Furias
393 989 504 1023 esse
537 977 739 1036 putanS,
788 977 837 1018 et
887 970 1028 1017 aliam
1064 970 1257 1034 viperas
1293 967 1387 1015 sibi
1420 965 1628 1015 infestas
1661 965 1845 1015 immit-

180 1062 303 1114 tere,
337 1053 481 1101 aliam
516 1052 678 1117 ignem
715 1066 986 1113 necemque
1021 1065 1080 1097 ex
1116 1065 1202 1097 ore
1239 1049 1457 1112 spirare,
1494 1046 1639 1094 aliam
1674 1043 1846 1093 matris

181 1133 440 1196 imaginem
474 1133 627 1181 instar
660 1130 763 1178 saxi
798 1131 847 1178 in
881 1145 937 1179 se
971 1130 1229 1179 coniicere.
1299 1127 1428 1176 Tum
1462 1143 1580 1175 vero
1602 1131 1846 1189 pastores,

181 1230 292 1263 cum
328 1221 470 1262 antea
504 1210 836 1275 obstupefacti
882 1209 1143 1272 timidique
1176 1207 1452 1266 sedissent,
1499 1206 1727 1256 nimirum
1763 1220 1846 1253 ae-

177 1309 268 1357 gre
301 1293 519 1341 ferentes
554 1292 755 1340 caedem
792 1297 1139 1349 armentorum,
1175 1288 1387 1338 conchas
1422 1288 1607 1347 inflant,
1643 1301 1847 1351 quarum

179 1373 347 1422 audito
380 1388 500 1421 sono
537 1374 679 1421 turha
723 1371 990 1419 incolarum
1025 1385 1198 1433 magna
1238 1374 1576 1432 congregatur.
1644 1366 1847 1416 Interim

178 1453 389 1501 remisso
423 1452 604 1501 furoris
638 1451 827 1515 impetu
856 1450 1062 1499 Orestes
1098 1455 1355 1514 spumante
1390 1465 1477 1498 ore
1503 1449 1716 1508 corruit3
1751 1447 1850 1512 Py-

182 1532 318 1582 lades
353 1539 405 1581 et
436 1534 568 1582 hunc
602 1532 820 1597 protegit
854 1537 1118 1594 curatque,
1170 1535 1221 1577 et
1253 1530 1574 1579 barbarorum
1609 1530 1850 1593 impetum

181 1614 316 1661 solus
352 1614 575 1661 sustinet.
628 1602 777 1661 >Inter
823 1612 1036 1660 telorum
1078 1625 1404 1674 saxorumque
1437 1610 1592 1658 iactus
1628 1609 1850 1670 Orestes,

180 1699 384 1757 recepta
419 1698 610 1754 mente,
659 1693 766 1740 solo
801 1692 990 1752 exsilit,
1039 1691 1333 1753 cognitoque
1379 1690 1601 1754 periculo
1647 1688 1851 1753 ingemi-

183 1788 354 1821 sceusz
402 1773 709 1821 moriendum
744 1776 846 1832 est,
892 1771 1075 1833 inquit,
1113 1769 1351 1832 Pylades:
1395 1774 1446 1817 at
1481 1771 1762 1826 videamus,
1796 1775 1854 1819 ut

183 1867 327 1914 quam
363 1852 715 1900 honestissime
749 1850 1037 1899 moriamur!
1106 1849 1225 1898 Inde
1249 1849 1521 1898 coniunctis
1547 1849 1734 1898 viribus
1764 1866 1852 1914 ge-

185 1931 305 1979 mini
336 1931 537 1980 iuvenes
573 1937 765 1995 partem
802 1931 1116 1979 barbarorum
1156 1930 1203 1976 in
1237 1929 1406 1994 fugam
1436 1929 1716 1978 coniiciuut.
1753 1929 1854 1979 Sed

187 2009 490 2075 fugientibus
524 2011 630 2058 aliis
664 2011 748 2058 alii
782 2026 938 2072 usque
970 2025 998 2055 a
1034 2015 1174 2073 tergo
1218 2009 1478 2059 instabant.
1550 2008 1657 2057 Nec
1690 2015 1856 2060 tamen

183 2090 432 2150 vicissent,
448 2091 539 2139 nisi
553 2106 779 2141 saxorum
796 2091 927 2138 iactu
943 2089 1128 2154 gladios
1144 2090 1397 2138 iuvenibus
1414 2090 1631 2152 undique
1646 2091 1856 2140 circum-

185 2168 334 2217 clusis
363 2171 428 2219 de
450 2170 674 2219 manibus
698 2171 1059 2219 excussissent:
1096 2171 1166 2218 sic
1191 2169 1388 2218 demum
1417 2169 1705 2219 lassitudine
1738 2170 1857 2220 victi

185 2248 459 2314 domitique
496 2255 548 2298 et
580 2252 642 2299 ad
677 2267 845 2314 regem
880 2250 1105 2314 perducti
1142 2256 1269 2300 sunt.
1340 2249 1433 2297 His
1469 2251 1709 2314 expositis
1745 2268 1857 2316 gra-

186 2328 371 2377 tulatur
391 2331 588 2379 nuntius
610 2331 910 2396 Iphigeniae,
941 2330 1071 2394 quod
1093 2332 1137 2379 in
1158 2345 1332 2379 manus
1358 2329 1643 2379 devenerint
1660 2331 1857 2393 Graeci,

186 2409 363 2472 quibus
412 2410 722 2459 immolandis
757 2411 981 2459 iniuriam
1017 2412 1111 2474 ipsi
1144 2412 1204 2459 ab
1240 2410 1467 2459 universa
1504 2411 1712 2460 Graecia
1747 2413 1857 2462 illa-

185 2492 286 2536 tam
335 2490 510 2538 ulcisci
550 2491 726 2555 possit.
797 2489 905 2539 Nou
956 2498 1032 2540 est
1078 2491 1327 2555 iphigenia
1373 2497 1472 2540 tam
1519 2493 1642 2542 duro
1678 2495 1858 2557 animo,

186 2573 242 2616 ut
281 2575 488 2634 propter
536 2571 834 2633 singulorum
898 2572 1123 2620 iniuriam
1171 2571 1449 2619 universam
1499 2578 1698 2636 gentem
1743 2575 1858 2624 odio

187 2654 530 2712 persequatur,
563 2667 723 2714 neque
757 2656 897 2700 vacat
931 2668 1080 2700 sensu
1113 2651 1428 2710 humanitatis
1462 2653 1761 2717 pietatisque
1795 2655 1858 2704 ad

188 2729 423 2777 barbaros
467 2731 674 2795 perinde
719 2736 867 2795 atque
916 2732 1136 2780 Graecos
1188 2731 1480 2796 pertinente.
1548 2734 1659 2782 Hoc
1693 2740 1858 2784 autem

189 2814 416 2872 tempore
450 2826 568 2858 suae
602 2813 894 2860 conditionis
929 2812 1188 2876 iniquitate
1224 2811 1427 2861 efferata
1464 2817 1558 2875 est,
1595 2819 1646 2862 et
1682 2830 1858 2864 neces-

191 2889 319 2937 sario
369 2890 583 2952 quidem.
650 2891 892 2940 Pietatem
919 2893 1069 2941 ·enim
1106 2908 1249 2940 nemo
1298 2894 1475 2953 sentit,
1523 2894 1616 2942 nisi
1653 2896 1736 2958 qui
1771 2911 1859 2944 ex-

187 2973 360 3032 pertus
397 2975 489 3020 est.
559 2971 708 3035 Atqui
741 2972 993 3036 Iphigenia
1028 2973 1086 3021 ab
1123 2973 1347 3021 omnibus
1376 2974 1616 3023 destituta
1641 2975 1702 3023 ad
1726 2976 1862 3026 hunc

190 3049 322 3097 diem
356 3049 505 3098 vitam
541 3050 659 3098 solis
693 3051 881 3100 iniuriis
915 3054 1157 3118 insignem
1203 3054 1363 3104 traxit.
1433 3053 1695 3104 Postremo
1732 3056 1858 3106 Ore-

191 3134 270 3177 ste
306 3145 418 3178 cum
454 3131 599 3178 domo
635 3138 839 3195 paterna
869 3134 1049 3181 amisso
1087 3133 1232 3182 etiam
1268 3134 1473 3197 patriam
1500 3135 1643 3199 plane
1668 3137 1860 3186 amisitt

191 3208 356 3271 itaque
390 3226 508 3259 suae
542 3211 701 3273 gentis
727 3228 894 3261 amore
919 3213 1148 3278 deposito
1173 3229 1234 3261 ne
1259 3216 1635 3279 peregrinorum
1661 3216 1859 3279 quidem

192 3289 402 3352 amplius
449 3307 555 3338 eam
597 3292 814 3341 miseret.
880 3293 989 3341 Hos
1034 3293 1182 3355 igitur
1225 3296 1409 3356 primos
1453 3295 1707 3359 hospitum
1753 3296 1861 3346 sine

191 3367 288 3416 ulla
324 3370 662 3419 misericordia
695 3372 1003 3422 immolatura
1038 3378 1134 3421 est.
1202 3374 1364 3437 Atque
1414 3376 1630 3435 utinam,
1683 3376 1860 3439 inquit,

194 3447 435 3499 Helenam
487 3457 570 3499 aut
602 3450 885 3502 Menelaum
919 3454 1051 3503 venti
1086 3453 1135 3503 iu
1168 3469 1341 3503 manus
1376 3471 1512 3505 meas
1547 3455 1861 3519 detulissent,
