2170 3848
1184 257 1266 313 98

390 405 506 471 quid
542 421 571 452 a
604 403 681 452 sui
715 402 901 451 saeculi
935 401 1154 450 moribus
1189 406 1241 450 et
1272 401 1400 461 vita,
1449 403 1604 465 qualis
1638 408 1744 453 tum
1789 410 1926 463 erat,
1972 405 2058 454 ab·

392 485 625 534 horrebat
671 483 892 546 longius,
953 496 1095 545 quam
1147 485 1201 528 ut
1249 481 1440 530 theatra
1485 482 1545 530 iis
1590 485 1775 533 moveri
1823 488 2059 548 possentt

393 567 647 611 moventur
690 562 818 610 enim
854 562 1077 610 homines
1112 561 1174 608 iis
1209 560 1325 608 solis
1361 561 1540 622 rebus,
1582 577 1700 624 quas
1737 563 1799 611 ad
1833 580 1888 613 se
1922 563 2061 612 simi·

388 641 596 689 litudine
645 642 893 705 pertinere
939 646 1129 703 putant.
1198 640 1346 704 Atqui
1380 641 1463 689 illa
1497 645 1660 691 aetate
1693 657 1807 692 cum
1839 644 2063 708 reliquae

391 726 523 770 artes
561 726 661 770 tum
711 737 793 770 res
842 721 1062 768 militaris
1098 720 1279 767 virtute
1313 720 1474 768 animi.
1497 721 1651 785 magis
1687 737 1829 785 quam
1865 723 1915 770 vi
1949 738 2061 771 cor-

389 800 527 864 pori·
578 800 909 864 procedebat,
959 815 1119 862 neque
1166 799 1469 863 singulorum
1518 801 1784 849 certamina
1817 802 1980 866 magni
2011 804 2062 850 in

393 880 593 945 proeliis
630 880 871 928 momenti
906 884 1061 939 erant,
1097 894 1259 942 neque
1294 881 1351 928 iis
1385 880 1435 928 in
1469 880 1574 928 acie
1610 880 1892 945 spectandis
1924 880 2062 929 locus

393 966 513 1008 erat.
586 960 854 1024 Speciosae
889 960 1087 1022 quidem
1123 964 1235 1006 sunt
1268 959 1504 1022 imagines
1538 975 1702 1008 rerum
1723 959 1920 1024 pridem
1937 961 2063 1019 abo—

393 1039 618 1098 litarum,
665 1041 754 1088 sed
789 1039 988 1087 inutiles
1023 1039 1276 1103 magisque
1311 1039 1615 1091 delectandis
1667 1039 2064 1088 adolescentibus

391 1134 531 1175 vana,
568 1134 693 1181 quae
729 1119 1026 1182 cogitatione
1060 1119 1332 1184 finguntur,
1369 1119 1699 1178 sectantibus,
1745 1134 1893 1182 quam
1927 1135 2062 1168 com-

391 1198 642 1246 movendis
677 1200 806 1257 viris,
842 1215 936 1247 usu
972 1204 1022 1246 et
1058 1199 1312 1262 prudentia
1350 1204 1401 1246 et
1434 1198 1787 1246 exercitatione
1811 1199 2063 1263 praeditis,

392 1278 614 1329 idoneae.
686 1278 796 1326 Hoc
830 1279 1103 1341 intelligens
1139 1278 1404 1342 Euripides
1439 1278 1661 1326 homines
1695 1278 1844 1339 tales,
1893 1277 2062 1341 quales

391 1372 564 1406 revera
600 1362 755 1416 erant,
791 1374 886 1406 non
918 1359 1060 1417 tales,
1095 1358 1264 1420 quales
1299 1363 1440 1405 antea
1471 1357 1668 1406 fuerant
1701 1357 1779 1405 vel
1811 1357 2062 1422 fingeban-

394 1443 490 1497 tur,
527 1437 745 1486 imitatus
781 1442 871 1488 est.
922 1437 1030 1485 Non
1066 1438 1195 1485 enim
1232 1438 1424 1495 iisdem,
1461 1437 1635 1500 quibus
1670 1436 1936 1494 Homerus,
1971 1435 2062 1484 ho-

392 1517 603 1564 minibus
629 1503 893 1576 scribebat,
931 1517 1318 1565 adolescentium
1343 1516 1551 1579 quadam
1578 1516 1893 1564 similitudine
1918 1531 2062 1578 prae-

394 1597 539 1655 ditis,
587 1595 675 1642 sed
712 1596 879 1644 floruit
912 1611 971 1643 eo
1008 1595 1231 1656 saeculo,
1267 1596 1427 1658 quod,
1465 1611 1575 1643 cum
1608 1596 1775 1659 priore
1809 1603 2064 1660 compara-

394 1681 527 1734 tum,
587 1675 801 1722 virorum
851 1680 1052 1722 naturae
1112 1675 1371 1739 imaginem
1417 1674 1608 1722 referre
1655 1674 1906 1724 fatendum
1951 1675 2061 1725 erit.

395 1756 466 1804 Ac
499 1753 782 1817 tragoediae
826 1754 981 1818 ipsius
1016 1761 1165 1817 atque
1199 1754 1469 1818 epopoeiae
1516 1753 1722 1802 eandem
1755 1770 1869 1803 esse
1901 1755 2063 1802 diver-

395 1836 591 1883 sitatem
643 1833 795 1880 facile
826 1834 1145 1896 intelligitur,
1190 1833 1587 1896 quandoquidem
1622 1833 1747 1880 haec
1779 1848 1944 1882 rerum
1978 1849 2064 1896 ge-

397 1920 581 1962 starum
627 1912 830 1975 gloriam
879 1914 1018 1974 quasi
1069 1913 1455 1960 adolescentium
1502 1912 1704 1974 grandia
1751 1913 1912 1962 omnia
1947 1928 2063 1978 spe-

395 1991 609 2043 rantium
635 1991 1011 2055 'imaginationes
1047 1996 1235 2050 narrat,
1270 1991 1350 2038 illa
1385 1991 1651 2039 destitutas
1686 2007 1831 2054 spes,
1866 2007 2064 2040 eversas

394 2074 636 2131 fortunas,
671 2071 835 2118 ruinas
871 2073 933 2119 de
968 2071 1222 2119 conatibus
1256 2070 1605 2130 excidentium,
1640 2070 2064 2134 qualiaviriliae-

395 2153 482 2200 tati
516 2165 607 2199 usu
641 2150 810 2198 venire
844 2150 1019 2208 solent,
1055 2154 1408 2213 repraesentat.

525 2229 774 2278 Orationis
806 2229 958 2292 igitur
989 2229 1211 2277 funebris
1245 2226 1521 2291 imaginem,
1558 2244 1702 2292 quam
1731 2228 2061 2279 laudationem

398 2306 662 2376 (ἔπαινον)
697 2310 804 2371 ipse
835 2309 1068 2372 appellat,
1105 2309 1317 2357 Adrasto
1351 2309 1518 2356 tribuit
1542 2308 1823 2372 Euripides.
1869 2308 2063 2358 Novum

395 2393 491 2441 hoc
525 2390 622 2438 fuit
655 2393 705 2436 et
738 2389 797 2436 ab
834 2388 1039 2436 heroum
1076 2389 1294 2438 moribus
1331 2387 1632 2452 discrepans,
1660 2393 1799 2437 teste
1834 2388 2063 2453 Dionysio

399 2471 515 2520 Hal.
552 2470 607 2518 A.
643 2468 702 2516 R.
738 2467 802 2528 V,
840 2470 918 2516 17.
964 2466 1037 2531 (p.
1085 2468 1258 2531 291.):
1335 2467 1649 2524 „Certamina
1709 2468 1911 2531 quidem
1955 2471 2063 2516 tum

397 2552 621 2617 gymnica
654 2555 755 2597 tum
791 2548 1043 2610 equestria
1075 2548 1122 2596 in
1157 2547 1422 2595 illustrium
1455 2548 1670 2595 virorum
1715 2546 1970 2596 funeribus
2003 2548 2063 2596 ab

398 2632 568 2681 amicis
604 2629 827 2678 instituta
874 2643 986 2676 esse
1029 2627 1297 2675 memoriae
1358 2632 1436 2675 est
1469 2627 1749 2690 proditum3
1794 2631 1845 2676 at
1889 2626 2062 2676 laudes

399 2712 461 2759 iis
510 2711 664 2759 dictas
709 2723 820 2756 esse
866 2723 1010 2756 nemo
1047 2706 1247 2755 tradidit
1280 2712 1475 2771 praeter
1505 2707 1877 2755 Atheniensium
1910 2707 2062 2773 tragi-

403 2806 514 2850 cos,
561 2789 645 2853 qui
677 2787 932 2835 adulantes
966 2787 1143 2835 civitati
1176 2802 1293 2835 suae
1328 2786 1389 2834 de
1422 2787 1479 2834 iis
1499 2821 1512 2843 ,
1563 2801 1685 2848 quos
1721 2785 1948 2835 Theseus
1982 2801 2062 2834 se-

399 2870 599 2934 pelivit,
648 2869 745 2916 hoc
792 2882 986 2930 quoque
1019 2866 1279 2914 commenti
1313 2864 1474 2913 sunt.”
1542 2865 1663 2913 Eius
1699 2870 1861 2914 autem
1894 2865 2063 2914 lauda·

399 2949 547 2997 tionis
579 2948 706 2996 ratio
740 2947 865 2994 haec
899 2951 1004 3006 est,
1058 2951 1111 2993 ut
1144 2943 1318 3008 singuli
1362 2945 1542 2993 heroes
1577 2945 1776 3009 siugulis
1808 2941 2061 2993 hominum

397 3027 659 3091 generibus
704 3027 926 3075 imitandi
971 3029 1326 3090 proponantur:
1378 3025 1674 3089 exemplaria
1718 3025 1846 3073 enim
1897 3024 2062 3088 expri-

399 3110 603 3157 muntur
637 3107 798 3155 divitis
833 3106 1045 3153 carentis
1077 3104 1363 3165 insolentia,
1411 3105 1642 3168 pauperis
1689 3103 1830 3152 vacui
1861 3104 2062 3152 avaritia

399 3202 560 3249 neque
594 3203 653 3235 ex
686 3187 798 3234 odio
832 3185 1121 3233 iniustorum
1157 3185 1207 3232 in
1242 3185 1404 3232 odium
1440 3185 1628 3250 patriae
1661 3183 1886 3247 delapsi,
1925 3183 2061 3231 iuve-

400 3266 476 3315 nis
525 3265 852 3329 frugalitatem
901 3269 952 3312 et
1000 3264 1281 3330 patientiam
1329 3279 1419 3327 pro
1466 3264 1710 3329 elegantia
1759 3267 1811 3311 et
1855 3261 2062 3310 mollitie

399 3346 693 3408 affectantis,
725 3344 948 3409 inquilini
983 3345 1185 3393 caritate
1216 3343 1515 3406 reipublicae
1549 3343 1735 3393 civibus
1769 3341 2061 3391 aemulantis

399 3429 633 3489 casteque
681 3425 933 3489 degentis,
980 3439 1088 3473 cum
1135 3427 1340 3488 propter
1373 3424 1596 3488 corporis
1641 3422 1851 3472 formam
1885 3437 1914 3471 a
1945 3421 2063 3487 plu-
