2170 3866
1125 259 1252 319 488

353 408 579 456 oratores
613 404 857 455 inducens
890 405 1130 457 factiosos
1164 408 1556 474 ambitiososque
1601 412 1653 459 et
1700 410 1941 477 populum
1973 411 2054 462 his

353 486 521 550 potius
573 501 717 549 quam
765 488 938 550 probis
990 504 1049 538 ac
1100 490 1409 554 simplicibus
1459 494 1749 554 parentem,
1794 491 2058 556 >simulque

353 565 510 614 multa
545 582 639 630 per
670 566 801 614 hanc
836 568 1150 618 occasionem
1202 570 1389 619 utiliter
1423 570 1631 618 monuit.
1703 571 1928 620 Surrexit
1959 572 2055 638 igi-

355 649 436 694 tur
482 645 675 710 primus
712 646 1011 711 Talthybius
1048 666 1262 714 praeco,
1311 649 1443 714 quod
1479 665 1636 715 genus
1671 650 1956 712 hominum,
2001 655 2058 702 ut

354 741 510 789 penes
548 743 794 791 quemque
828 729 1048 793 potentia
1084 734 1179 789 est,
1215 730 1287 778 ita
1318 730 1433 778 huic
1469 730 1718 779 addictum
1755 746 1870 779 esse
1902 730 2058 780 solet:

355 807 521 868 itaque
567 818 768 870 semper
812 809 1042 871 Aegisthi
1088 810 1276 858 amicos
1321 809 1513 858 blandis
1561 810 1756 858 intuens
1804 810 1962 859 oculis
2006 815 2059 861 et

353 887 580 949 ambigua
625 887 850 936 oratione
894 888 1112 937 miscens
1170 889 1409 938 benevola
1443 890 1911 958 malevolisbverbis
1965 889 2057 939 ad-

353 967 524 1014 mirari
561 982 616 1014 se
653 966 777 1014 dixit
810 967 1253 1030 Agamemnonem,
1291 970 1378 1017 sed
1416 970 1701 1034 improbare
1735 970 1890 1018 filium
1927 970 2055 1031 eius,

353 1046 438 1109 qui
482 1046 753 1109 pessimum
815 1063 1007 1096 morem
1065 1055 1237 1096 contra
1285 1055 1518 1111 parentes
1566 1049 1843 1099 induceret.
1934 1050 2059 1100 Post

353 1125 487 1175 hunc
523 1126 671 1174 verba
709 1126 976 1176 Diomedes
1013 1127 1203 1177 faciens
1239 1144 1329 1176 rex
1364 1128 1620 1189 suadebat,
1655 1134 1711 1178 ut
1743 1130 1922 1178 mortis
1947 1129 2057 1194 qui-

355 1204 469 1253 dem
514 1222 677 1271 poena
725 1205 935 1256 Orestes
972 1214 1024 1257 et
1058 1208 1263 1257 Electra
1297 1208 1699 1268 absolverentur,
1748 1209 1839 1257 sed
1874 1209 2059 1259 mulca-

354 1291 530 1335 rentur
575 1286 759 1346 exilio,
809 1304 934 1352 quae
980 1289 1242 1337 verissima
1294 1288 1402 1337 sine
1449 1289 1598 1337 dubio
1632 1290 1880 1339 sententia
1914 1289 2060 1354 (quid

355 1365 489 1415 enim
525 1366 678 1427 aliud,
717 1367 810 1415 nisi
844 1384 906 1416 ne
941 1368 1236 1431 contagione
1273 1368 1477 1416 sceleris
1511 1368 1836 1432 pollueretur,
1870 1369 2060 1418 civitati

357 1446 630 1495 curandum
679 1445 837 1509 fuit‘e)
887 1462 984 1496 non
1035 1448 1263 1496 omnibus
1300 1450 1506 1512 probata
1541 1454 1632 1496 est.
1703 1447 1832 1497 Tum
1870 1449 2058 1514 prodiit

355 1526 418 1574 ad
468 1526 732 1575 dicendum
776 1527 852 1574 vir
886 1527 1084 1590 quidam
1119 1529 1321 1591 procaci
1366 1528 1559 1592 lingua,
1604 1529 1870 1579 temeraria
1902 1529 2059 1578 auda-

356 1607 463 1668 cia,
512 1608 562 1655 in
599 1608 846 1655 civitatem
882 1625 974 1673 per
1006 1609 1102 1656 vim
1140 1613 1402 1672 receptus,
1453 1609 1668 1656 tumultu
1701 1609 1862 1657 fretus
1898 1615 1950 1658 et
1982 1609 2059 1658 di-

356 1687 502 1735 cendi
537 1687 764 1749 licentia,
811 1688 860 1736 in
898 1689 1168 1753 perniciem
1206 1697 1348 1736 natus
1387 1688 1597 1748 civium,
1637 1689 1723 1752 qui
1756 1704 1854 1737 non
1889 1687 2060 1738 medi-

357 1768 497 1816 cinae
533 1768 748 1816 similem
796 1768 1085 1816 facultatem
1123 1784 1237 1817 esse
1272 1770 1469 1818 dicendi
1505 1768 1700 1829 volunt,
1750 1770 1839 1818 sed
1885 1769 2060 1818 dulces

356 1848 608 1895 orationes
656 1849 954 1897 salutaribus
989 1846 1373 1917 anteponunt*).
1442 1849 1487 1897 Is
1522 1849 1697 1913 igitur,
1733 1865 1760 1897 a
1795 1848 2060 1914 Tyndareo

360 1928 675 1986 subornatus,
712 1928 1015 1992 lapidatione
1048 1946 1162 1978 reos
1210 1930 1345 1978 affici
1379 1930 1539 1978 iussit.
1611 1929 1939 1994 Cleophontis
1973 1930 2061 1978 de-

356 2005 648 2071 magogi**)
695 2009 914 2071 effigiem
953 2009 1264 2074 expressisse
1301 2010 1591 2075 Euripidem
1625 2010 1676 2058 in
1710 2010 1857 2058 huius
1893 2014 2060 2058 orato-

355 2087 426 2135 ris
460 2089 684 2136 moribus
721 2090 1063 2138 describendis
1099 2089 1431 2138 Philochorus
1467 2091 1750 2154 suspicatus
1787 2095 1895 2150 est3
1939 2106 2060 2138 con-

356 2171 435 2215 tra
470 2168 540 2227 is,
591 2169 678 2230 qui
726 2176 842 2234 post
887 2170 1024 2217 illum
1077 2170 1294 2234 prodiit,
1346 2170 1586 2234 Aeschyli
1619 2170 1697 2218 vel
1733 2185 2060 2233 personarum

356 2246 505 2295 huius
541 2248 803 2310 imaginem
840 2249 1034 2296 referre
1068 2251 1282 2310 videtur,
1325 2265 1437 2298 cum
1475 2250 1540 2296 sit
1572 2251 1647 2295 vir
1681 2249 1916 2295 robustus
1953 2262 2058 2294 ma·

355 2328 431 2391 gis
468 2343 615 2391 qnam
649 2334 916 2388 venustus,
952 2330 1164 2393 agrestis
1213 2333 1263 2376 et
1311 2328 1547 2391 operibus
1582 2328 1779 2376 rusticis
1814 2327 1881 2374 ita
1916 2327 2058 2375 dedi-

355 2413 457 2468 tuS,
493 2414 551 2455 ut
583 2424 693 2456 raro
729 2409 899 2456 urbem
938 2415 991 2457 et
1023 2408 1187 2457 forum
1224 2409 1364 2470 visat,
1401 2407 1487 2455 sed
1524 2409 1745 2470 prudens
1767 2413 1817 2455 et
1851 2407 1913 2454 ad
1939 2423 2060 2455 con-

356 2489 666 2536 tendendum
719 2489 940 2536 oratione
986 2495 1280 2552 promptus,
1339 2487 1628 2535 sinceritate
1675 2492 1727 2536 et
1778 2486 2063 2549 integritate

356 2568 489 2616 vitae
524 2569 747 2631 insignis.
819 2568 863 2616 ls
899 2567 1051 2633 igitur
1087 2584 1269 2616 corona
1304 2567 1505 2630 dignum
1543 2566 1774 2614 Orestem
1803 2581 1916 2613 esse
1942 2581 2059 2615 cen-

358 2649 476 2708 suit,
513 2649 596 2713 qui
632 2649 864 2707 cavisset,
902 2664 964 2696 ne
999 2649 1218 2697 virorum
1254 2648 1301 2695 in
1340 2645 1470 2694 bella
1505 2645 1850 2709 profectorum
1877 2661 2091 2694 uxores'

356 2729 410 2791 ii,
449 2729 534 2793 qui
569 2729 706 2777 domi
738 2730 1110 2791 remansissent,
1149 2731 1452 2791 stuprarent.
1516 2726 1806 2775 Postremus
1846 2724 2057 2774 Orestes

416 2905 470 2960 *)
501 2904 732 2959 Scriptum
761 2903 849 2947 fuit
877 2904 924 2947 in
950 2903 1097 2958 libris,
1127 2916 1238 2959 quos
1267 2903 1410 2945 schol.
1435 2902 1521 2944 Gu.
1547 2916 1608 2944 m.
1635 2916 1702 2958 pr.
1724 2905 1770 2945 et
1790 2914 1880 2944 sec.
1898 2913 2062 2956 seque-

501 2977 677 3025 bantur,
708 2975 799 3016 sic:

613 3070 664 3078 —-
695 3047 909 3089 θεᾶσθαι
945 3041 986 3088 δ’
1016 3036 1106 3088 ὧδε
1134 3039 1219 3100 χρὴ
1249 3040 1332 3086 τὸν
1360 3040 1625 3101 προστάτην

612 3114 796 3160 ἰδόνθ’·
830 3113 993 3170 ὁμοῖον
1022 3112 1110 3172 γὰρ
1138 3111 1191 3157 τὸ
1223 3114 1412 3170 πρᾶγμα
1441 3115 1647 3169 γίγνεται

608 3187 674 3246 τῷ
704 3184 814 3236 τοὺς
853 3184 1017 3242 λόγους
1050 3184 1225 3240 λέγοντι
1254 3185 1320 3244 τῷ
1352 3182 1390 3227 τ’
1423 3183 1613 3241 ἰωμένῳ.

502 3259 604 3302 Hoc
634 3259 795 3300 docent
824 3258 1007 3300 illorum
1037 3258 1456 3311 interpretamenta·
1491 3254 1570 3298 καὶ
1601 3251 1657 3298 οἱ
1694 3252 1807 3294 τῶν
1847 3250 2064 3306 ἰατρων

498 3330 720 3379 παῖδες
764 3332 862 3377 τοῖς
901 3326 984 3382 μὲν
1013 3327 1201 3371 νοσοῦσι
1244 3328 1399 3384 βαρεῖς
1439 3322 1493 3368 τὸ
1532 3319 1764 3379 καταρχὰς
1799 3321 2065 3381 φαίνηται,

501 3397 598 3443 ἀλλ’
626 3398 824 3456 υστερον
852 3399 1027 3442 πολλοῦ
1057 3413 1183 3446 τινος
1214 3393 1338 3448 ἄξιοι
1367 3399 1462 3439 κτλ.
1502 3395 1558 3438 cf.
1589 3409 1632 3450 p.
1664 3392 1749 3435 413
1778 3405 1869 3447 seq.

389 3472 474 3527 **)
505 3471 617 3515 Vide
649 3471 706 3514 de
734 3471 827 3514 hoc
847 3470 1075 3514 *Fritzsch
1106 3469 1166 3512 ad
1195 3468 1381 3511 Thesm.
1412 3481 1457 3523 p.
1488 3463 1575 3509 289
1603 3477 1726 3519 seqq.
