2124 3860
947 264 1071 324 365

168 416 313 477 bant,
355 414 638 480 promiscua
671 412 870 479 quidem
904 412 1166 463 multitudo
1199 414 1460 479 rudisque,
1510 415 1642 481 quod
1677 416 1847 466 decori

167 496 348 546 nullam
407 495 622 544 habebat
669 494 910 543 rationem
968 510 1130 558 neque
1176 495 1382 543 meliora
1438 512 1467 543 a
1517 496 1845 546 deterioribus

168 575 501 641 dignoscebat,
537 576 625 624 sed
661 575 936 642 perfectam
969 575 1183 623 insaniae
1215 575 1342 623 hanc
1374 576 1697 625 imitationem
1733 591 1848 626 esse

167 657 398 722 putabat3
456 657 741 705 urbaniores
787 660 980 717 autem,
1028 656 1187 718 quod,
1247 656 1469 718 quamvis
1516 657 1848 720 intelligerent

172 743 224 787 et
269 736 540 803 spectaculi
584 751 669 784 eos
716 737 948 800 puderet,
995 735 1226 784 nolebant
1269 736 1379 783 illos
1426 737 1624 784 silentio
1671 752 1845 800 repre-

170 818 418 867 hendere:
464 818 629 879 itaque
675 815 850 879 plausu
896 815 991 878 ipsi
1029 831 1225 878 quoque
1269 817 1533 865 amentiam
1570 816 1847 865 saltationis

173 899 422 957 celabant,
469 896 688 960 quamvis
724 898 878 960 probe
911 895 1242 958 intelligerent
1275 913 1369 946 non
1405 897 1567 945 Aiacis
1603 897 1713 954 illa,
1757 897 1849 946 sed

172 977 416 1026 saltatoris
466 975 633 1025 furore
683 977 972 1041 perpetrari.
1056 976 1230 1039 Neque
1284 979 1415 1026 enim
1465 982 1723 1026 contentus
1770 976 1848 1025 his

171 1073 442 1124 generosus
477 1056 561 1105 ille
594 1071 701 1103 rem
738 1054 860 1103 fecit
894 1057 1041 1105 etiam
1077 1057 1220 1119 louge
1247 1058 1401 1119 magis
1427 1058 1700 1105 ridiculam.
1751 1055 1850 1105 De-

173 1154 374 1203 gressus
411 1137 538 1186 euim
573 1135 623 1184 in
658 1135 966 1185 orchestram
1000 1138 1047 1185 in
1082 1143 1364 1185 senatorum
1407 1136 1513 1184 loco
1549 1138 1739 1185 medius
1773 1136 1850 1186 in-

173 1227 254 1267 ter
303 1218 426 1266 duos
472 1216 699 1264 consules
748 1205 974 1266 consedit
1021 1217 1166 1282 plane
1216 1216 1473 1276 timentes,
1523 1217 1851 1281 ne'ipsorum

174 1314 370 1361 quoque
404 1313 552 1346 unum
588 1304 821 1359 tanquam
856 1297 1062 1344 arietem
1099 1301 1382 1360 correptum
1418 1296 1650 1344 caederet
1682 1296 1851 1360 flagel-

173 1378 250 1428 lis.
346 1377 505 1439 Quam
561 1391 668 1424 rem
726 1375 808 1422 alii
865 1376 1255 1436 admirabantur,
1314 1375 1395 1423 alii
1454 1376 1707 1435 ridebant,
1767 1375 1851 1424 alii

174 1457 576 1523 suspicabantur,
623 1470 687 1503 ne
732 1454 996 1504 immodice
1032 1455 1270 1504 imitando
1316 1457 1366 1504 in
1415 1472 1583 1505 verum
1633 1455 1852 1505 furorem

174 1537 538 1601 degenerasset.
623 1535 777 1598 Atqui
823 1536 930 1600 ipse
984 1535 1195 1596 dicitur,
1256 1552 1368 1588 cum
1425 1535 1484 1583 ad
1536 1536 1854 1584 sobrietatem

173 1619 412 1678 redisset,
443 1622 564 1664 'tam
613 1615 795 1663 acriter
840 1615 1063 1664 doluisse
1096 1615 1255 1676 facto,
1302 1620 1356 1664 ut
1389 1619 1617 1679 aegrotus
1652 1614 1855 1663 decum-

173 1699 348 1756 beret,
397 1697 449 1745 in
483 1695 669 1745 furoris
705 1695 1038 1758 suspicionem
1071 1709 1252 1744 revera>
1286 1694 1555 1743 adductus:
1601 1710 1762 1758 neque
1803 1694 1856 1743 id

173 1779 285 1844 ipse
334 1776 669 1825 dissimulavit.
749 1774 1117 1824 Postulantibus
1163 1776 1292 1823 enim
1348 1775 1437 1835 iis,
1499 1774 1582 1838 qui
1633 1774 1855 1822 eiusdem

176 1862 318 1907 erant
348 1856 591 1914 factionis,
626 1860 681 1903 ut
707 1855 904 1902 Aiacem
924 1871 1095 1903 rursus
1125 1857 1243 1920 ipsis
1272 1855 1490 1915 saltaret,
1524 1854 1738 1903 adducto
1774 1869 1854 1902 se-

177 1953 289 1987 cum
325 1942 493 1985 actore
526 1932 644 1994 (τὸν
675 1931 988 2000 ὑποκριτὴν)
1025 1935 1148 1984 dixit
1197 1936 1420 1984 theatro:
1473 1935 1629 1994 „satis
1665 1939 1741 1983 est
1776 1949 1855 1982 se-

178 2018 277 2066 mel
311 2016 579 2066 furuisse.'’
649 2017 936 2079 Aegerrime
971 2032 1087 2064 vero
1122 2016 1367 2063 aemulum
1402 2015 1541 2074 tulit,
1589 2014 1668 2062 cui
1704 2029 1853 2076 quum

175 2099 307 2146 idem
358 2102 492 2145 esset
537 2097 661 2145 Aiax
709 2096 1014 2160 assignatus,
1060 2100 1200 2143 tanta
1249 2112 1360 2145 cum
1404 2094 1646 2142 modestia
1692 2094 1856 2158 ipsum

175 2178 400 2227 furorem
436 2177 658 2225 imitatus
694 2182 797 2238 est,
848 2183 901 2225 ut
944 2176 1138 2224 laudem
1174 2176 1537 2239 adipisceretur
1571 2175 1696 2222 intra
1731 2174 1856 2222 fines

178 2257 453 2307 saltationis
496 2256 708 2303 furendo
757 2271 918 2319 neque
963 2258 1010 2304 in
1058 2255 1299 2303 actionem
1357 2255 1514 2318 ipsam
1566 2253 1855 2316 grassando.

311 2338 364 2386 ln
398 2336 696 2397 carminibus
730 2335 851 2383 nihil
883 2336 1014 2384 inest
1046 2335 1286 2394 naturale,
1320 2335 1408 2383 sed
1444 2334 1858 2397 quemadmodum

179 2417 337 2467 oratio
381 2415 601 2465 numeris
649 2416 920 2480 metrisque
953 2417 1194 2475 vincitur,
1240 2416 1306 2463 ita
1339 2431 1421 2464 res
1457 2430 1652 2478 quoque
1687 2428 1858 2462 omnes

178 2498 242 2545 ad
274 2496 396 2544 artis
433 2496 567 2559 leges
595 2495 980 2543 conformantur.
1048 2495 1114 2543 Et
1148 2500 1344 2559 tempus
1381 2494 1593 2558 quidem,
1630 2509 1725 2557 quo
1760 2499 1858 2540 tra·

181 2576 468 2641 goediarum
502 2581 785 2640 argumenta
820 2576 1118 2638 singularum
1157 2574 1496 2634 includuntur,
1542 2573 1858 2622 simulacrum

182 2661 260 2704 est
303 2654 432 2710 diei,
483 2669 579 2702 non
624 2670 768 2704 verus
816 2655 953 2704 dies:
1000 2656 1222 2717 itemque
1268 2653 1362 2702 loci
1397 2654 1536 2715 ficta,
1583 2669 1679 2701 non
1725 2667 1858 2712 vera,

182 2734 488 2798 simplicitas·
570 2733 730 2783 Multa
784 2737 913 2784 enim
962 2751 1113 2800 saepe
1158 2733 1262 2798 geri
1307 2735 1355 2782 in
1401 2735 1623 2782 binorum
1658 2738 1859 2781 actuum

182 2814 454 2863 intervallis
489 2812 762 2876 finguntur,
815 2832 1021 2879 quorum
1058 2818 1193 2862 tanta
1229 2819 1307 2862 est
1340 2813 1640 2877 amplitudo,
1674 2818 1727 2860 ut
1759 2826 1859 2861 non

182 2894 341 2943 solum
390 2892 509 2941 illud
544 2894 878 2953 intervallum,
923 2895 1012 2945 sed
1058 2895 1207 2943 etiam
1252 2893 1470 2958 plurium
1515 2894 1707 2970 ‹wrum
1741 2907 1860 2956 spa-

180 2974 303 3023 tium
338 2974 615 3022 necessario
650 2980 899 3038 superent.
970 2976 1035 3024 Et
1067 2978 1385 3023 removentur
1429 2989 1457 3021 a
1504 2989 1653 3022 scena
1688 2987 1860 3038 perso-

182 3069 275 3102 nae
310 3058 360 3102 et
393 3053 686 3102 adhibentur
720 3057 993 3104 actionibus
1022 3055 1298 3117 mediisque
1330 3053 1478 3102 rebus
1513 3053 1859 3112 interveniunt,

182 3139 332 3198 prout
376 3138 555 3197 poetae
598 3134 811 3183 consiliis
857 3137 1160 3195 conducunt,
1202 3151 1407 3199 quarum
1450 3141 1557 3183 tum
1607 3131 1860 3181 absentiae

183 3218 286 3262 tum
333 3213 572 3261 adventus
621 3229 823 3263 caussae
870 3217 1120 3281 finguntur
1153 3215 1434 3278 probabiles
1477 3214 1592 3263 illae
1643 3211 1860 3275 quidem,

185 3293 276 3340 sed
311 3299 476 3341 tamen
519 3309 636 3354 eae,
685 3309 808 3356 quae
855 3296 1131 3344 accuratius
1175 3294 1543 3357 explorantibus
1588 3292 1746 3340 minus
1780 3305 1859 3337 sa-

182 3371 447 3421 tisfaciant.
528 3373 860 3423 Arcessuntur
895 3377 976 3439 qui
1011 3376 1074 3424 de
1108 3374 1257 3424 rebus
1293 3381 1434 3424 extra
1469 3387 1666 3422 scenam
1700 3369 1856 3435 gestis

184 3457 429 3517 exponant
460 3457 564 3503 tum
587 3452 754 3517 citiuS,
788 3470 934 3519 quam
955 3472 984 3506 e
1007 3455 1214 3506 remotis
1242 3455 1364 3505 locis
1390 3454 1557 3504 venire
1584 3449 1856 3515 potuerint,
