2170 3848
1145 247 1228 304 96

484 396 696 457 Quartus
730 397 868 443 actus
903 398 1008 443 tum
1040 397 1269 443 eventum
1314 409 1504 459 pugnae
1560 400 1669 446 tum
1713 402 2022 447 mortuorum

355 474 691 525 reductionem
724 473 1156 537 laudationemque
1193 476 1422 523 continet.
1490 475 1700 526 Nuntius
1723 483 1904 539 autem,
1938 479 2023 540 qui

355 557 419 603 de
451 553 597 602 rebus
631 553 786 616 gestis
822 559 1065 616 exponat,
1110 553 1324 601 famulus
1360 555 1558 617 quidam
1594 555 1808 620 Capanei
1841 557 2022 621 prodit,

355 634 466 698 qui,
514 648 662 696 quum
698 638 833 681 esset
868 634 998 696 apud
1034 632 1302 681 Thebanos
1341 635 1593 698 captivus,
1644 634 1708 682 de
1738 636 1867 684 turri
1901 653 2022 700 qua-

354 714 464 762 dam
499 712 635 761 urbis
669 713 910 775 spectavit
943 713 1202 776 proelium,
1239 713 1395 761 donec
1430 714 1560 761 inter
1593 714 1855 763 tumultum
1881 731 2020 765 occa-

353 795 539 843 sionem
588 799 758 840 nactus
806 791 994 854 effugit.
1072 794 1198 842 Ante
1254 798 1420 857 portas
1465 792 1690 841 Electras
1735 793 1788 843 in
1845 810 2021 860 campo

353 874 538 938 Aesopi
571 873 702 921 inter
736 871 936 919 Thebas
972 879 1023 920 et
1057 871 1280 920 Plataeas
1314 878 1514 938 patente
1546 879 1814 938 pugnatum
1843 880 1938 934 est,
1973 879 2026 923 et

353 954 651 1020 tripartitum
685 953 782 1000 fuit
817 968 989 1016 agmen
1022 953 1315 1013 Atticorum,
1353 954 1579 1001 dextrum
1616 968 1769 1002 cornu
1799 952 2024 1003 Pediaeis

351 1036 588 1084 adversus
638 1032 812 1080 collem
859 1032 1121 1080 Ismenium
1155 1033 1370 1096 positum
1419 1034 1520 1080 sive
1554 1033 1715 1097 gravis
1748 1038 2026 1082 armaturae

352 1114 587 1164 militibus
621 1129 734 1160 cum
767 1111 984 1171 Theseo,
1022 1112 1208 1160 laevum
1243 1118 1403 1161 antem
1442 1111 1629 1160 Paralis
1665 1113 1767 1161 sive
1812 1112 2023 1162 hastatis

353 1194 484 1261 apud
528 1193 721 1241 sontem
764 1191 945 1239 Martis
991 1192 1308 1252 tenentibus,
1365 1193 1538 1256 quibus
1585 1193 1766 1241 adiecti
1811 1193 2022 1255 equites,

351 1275 403 1325 in
438 1278 654 1322 extrema
689 1271 795 1318 acie
831 1271 1072 1331 collocati,
1107 1272 1281 1319 horum
1313 1287 1569 1320 numerum
1598 1287 1803 1321 numero
1826 1272 2022 1321 illorum

351 1354 637 1418 aequabant.
704 1351 756 1400 In
807 1351 967 1398 media
1017 1351 1227 1414 denique
1271 1352 1375 1399 acie
1424 1352 1553 1416 apud
1589 1352 1880 1415 Amphionis
1914 1367 2022 1400 mo-

351 1437 635 1484 numentum
670 1431 819 1496 positi
855 1430 1038 1479 Diacrii
1073 1438 1225 1492 erant,
1261 1431 1343 1493 qui
1378 1430 1441 1479 de
1475 1432 1698 1480 curribus
1724 1431 2019 1496 pugnabant.

353 1514 450 1577 Qui
473 1530 501 1561 a
529 1513 664 1560 laeva
691 1511 945 1574 utriusque
969 1527 1119 1559 cornu
1145 1517 1283 1574 parte
1298 1513 1505 1569 stabant,
1541 1512 1680 1576 equis
1697 1512 2022 1574 curribusque

352 1592 591 1660 praediti,
641 1590 788 1655 primi
836 1606 897 1637 ex
945 1591 1049 1638 acie
1094 1591 1317 1655 provecti
1358 1592 1598 1655 proelium
1647 1592 2020 1650 commiserunt,

351 1679 408 1723 ut
451 1671 811 1737 quodammodo
856 1671 953 1732 ipsi
998 1686 1090 1734 pro
1135 1671 1293 1735 prima
1329 1671 1463 1731 acie,
1499 1671 1695 1735 pedites
1729 1676 1891 1719 autem
1927 1686 2021 1736 pro

353 1752 570 1803 secunda
614 1751 925 1798 haberentur.
995 1750 1182 1798 I-lostes
1230 1755 1344 1798 ante
1390 1752 1585 1800 moenia
1628 1751 1785 1799 aciem
1834 1751 2021 1799 instru-

351 1838 527 1882 xerunt
571 1832 665 1890 sic,
701 1836 756 1878 ut
801 1830 990 1892 equites
1025 1830 1270 1892 equitibus
1306 1830 1554 1890 hostium,
1591 1846 1764 1879 currus
1799 1830 2021 1879 curribus

354 1916 749 1979 opponerentur3
797 1925 823 1955 a
860 1914 1002 1972 tergo
1039 1915 1204 1958 autem
1238 1910 1401 1958 inedia
1435 1911 1565 1958 inter
1590 1911 1743 1958 aciem
1770 1914 1821 1958 et
1848 1909 2021 1959 urbem

354 1993 589 2042 cadavera
640 1994 781 2038 erant
822 1989 1139 2050 Argivorum,
1190 1988 1252 2035 de
1298 1990 1477 2050 quibus
1523 1991 1815 2038 certabatur.
1883 1988 2023 2050 Quae

354 2077 409 2121 ut
455 2070 784 2120 redderentur
827 2057 1079 2131 postulan‘s
1124 2083 1302 2131 praeco
1337 2067 1523 2116 Thesei
1570 2085 1680 2116 cum
1729 2067 2022 2131 repudiatus

355 2155 509 2208 esset,
543 2149 689 2214 primi
723 2149 775 2208 ii,
811 2149 894 2210 qui
930 2148 1153 2195 curribus
1188 2147 1508 2206 insistebant,
1544 2163 1754 2211 pugnam
1789 2147 2022 2198 inierunt.

354 2229 584 2281 Provecti
630 2229 776 2292 igitur
811 2243 872 2275 ex
916 2228 1021 2275 acie
1066 2228 1260 2290 aurigae
1317 2229 1675 2275 constituerunt
1722 2231 2022 2290 pugnatores

354 2311 439 2370 ibi,
473 2309 560 2358 ubi
593 2324 764 2356 manus
803 2312 1144 2355 consererent:
1180 2308 1356 2368 quibus
1392 2307 1751 2367 dimicantibus,
1787 2306 1884 2370 ipsi
1904 2321 2022 2355 con-

354 2390 513 2440 versis
546 2404 742 2437 rursum
777 2387 913 2450 equis
949 2390 1147 2450 praesto
1184 2385 1381 2435 suerunt
1404 2387 1464 2434 ad
1487 2387 1721 2434 auxilium
1745 2384 2022 2437 ferendum.

358 2471 577 2533 Quorum
629 2474 895 2532 conspecto
954 2467 1225 2514 certamine
1278 2467 1384 2514 siue
1433 2482 1572 2514 mora
1622 2465 1875 2526 Phorbas,
1920 2465 2023 2513 dux

357 2550 576 2615 equitum
611 2548 910 2603 Atticorum,
963 2561 1075 2594 cum
1121 2546 1335 2594 hostium
1384 2546 1630 2610 equitibus
1674 2561 1868 2593 manum
1904 2559 2022 2594 con-

358 2629 527 2679 seruit.
596 2628 663 2676 Et
705 2628 802 2675 hoc
838 2625 1034 2689 quidem
1069 2630 1317 2674 certamen
1352 2626 1644 2674 acerrimum
1679 2625 1800 2686 fuit,
1849 2623 2022 2684 donec,

357 2708 646 2758 cedentibus
681 2705 948 2764 Thebanis,
988 2705 1146 2753 Creon
1181 2721 1290 2752 cum
1325 2705 1539 2770 graviter
1573 2706 1770 2752 armatis
1816 2719 2023 2751 succur-

356 2791 449 2839 rit:
486 2787 617 2852 quod
651 2786 763 2835 fieri
794 2786 962 2834 videns
997 2784 1224 2832 Theseus
1258 2801 1354 2833 non
1386 2784 1616 2847 neglexit,
1653 2785 1740 2832 sed
1772 2785 1882 2847 ipse
1901 2797 2023 2847 quo-

358 2885 455 2932 que
488 2868 699 2934 graviter
732 2869 945 2914 armatos
980 2864 1199 2924 adduxit,
1232 2871 1318 2924 ut,
1351 2865 1580 2912 retractis
1613 2865 1661 2912 in
1694 2878 1876 2914 cornua
1911 2877 2022 2909 cur-

357 2949 495 2997 ribus
542 2947 915 3010 equitibusque,
966 2944 1176 3008 graviter
1223 2945 1395 2992 armati
1442 2945 1718 3007 hastatique
1779 2940 2023 2991 exercitus

358 3028 644 3090 utriusque,
692 3026 829 3090 quasi
863 3025 1027 3073 media
1058 3025 1215 3084 acies,
1261 3024 1501 3087 proelium
1538 3023 1877 3071 decernerent.
1943 3019 2022 3069 In-

360 3107 540 3156 clinato
575 3106 714 3154 laevo
749 3105 1026 3154 Atticorum
1062 3120 1211 3152 cornu
1248 3103 1315 3167 (in
1352 3119 1448 3166 quo
1484 3108 1624 3152 erant
1645 3100 1866 3164 hastati),
1901 3099 2024 3148 dex-

359 3193 508 3246 trum,
544 3187 674 3248 quod
707 3184 936 3233 Theseus
973 3184 1211 3244 ducebat,
1245 3184 1522 3247 superavit3
1570 3182 1687 3230 inde
1719 3179 1887 3228 hic‘in
1919 3179 2022 3227 lae-

360 3282 474 3315 vum
517 3270 857 3330 transgressus
904 3280 1024 3313 voce
1075 3278 1316 3326 manuque
1350 3263 1563 3310 animum
1597 3259 2023 3323 languescentibus

361 3345 555 3395 addidit
588 3351 672 3410 et,
698 3344 900 3393 immani
934 3344 1068 3393 clava
1099 3341 1363 3408 Epidauria
1398 3343 1651 3401 saeviens,
1702 3338 1898 3388 taudem
1931 3337 2024 3386 ho·

361 3429 466 3475 stes
518 3431 656 3490 terga
710 3429 908 3475 vertere
953 3423 1132 3490 coegit.
1199 3420 1332 3473 Inter
1377 3420 1727 3472 Thebanorum
1777 3423 2024 3469 terrorem
