2170 3866
914 315 1036 376 501

135 461 268 531 egit,
317 479 467 530 quam
515 470 572 516 ut
621 463 863 516 varietate
907 466 1245 532 spectatorem
1280 462 1573 514 delectaret.
1643 462 1842 515 Etenim

134 544 303 611 poetis

269 624 560 694 „quidlibet
595 623 831 676 audendi
859 640 1063 693 semper
1083 624 1199 691 ficit
1236 639 1408 692 aequa
1432 622 1724 691 potestas’'‚

130 703 228 755 hac
279 706 477 756 scilicet
528 707 837 767 conditione,
887 712 944 756 ut
989 706 1140 755 etiam
1191 721 1276 766 ea,
1323 720 1452 770 quae
1497 704 1837 770 discrepantia

132 791 505 852 componerent,
542 786 909 851 quodammodo
938 790 1276 851 congruerent
1299 790 1453 849 atque
1480 786 1839 851 conspirarent,

265 868 627 930 Argumentum
684 866 885 917 fabulae
932 872 985 916 et
1026 882 1194 915 rerum
1243 866 1631 931 implicationem
1679 870 1835 915 totam

131 944 399 1011 Euripides
447 948 558 1011 ipse
603 948 848 997 invenisse
907 947 1122 999 videtur.
1204 946 1398 996 Habuit
1442 950 1612 996 tamen
1661 946 1712 995 in
1759 946 1839 1009 iis,

130 1041 260 1090 quae
292 1026 355 1075 ad
389 1027 634 1077 Helenam
670 1028 951 1094 pertinent,
986 1032 1240 1077 auctorem
1277 1026 1642 1088 Stesichorum,
1686 1042 1836 1091 quem

130 1111 186 1155 et
219 1107 558 1157 criminantem
594 1114 645 1158 et
678 1113 996 1158 revocantem
1034 1108 1262 1167 crimina,
1300 1124 1451 1173 quum
1476 1108 1626 1157 modo
1647 1108 1836 1173 impro-

129 1185 245 1236 bam
273 1188 430 1251 modfl
451 1195 638 1237 castam
663 1204 939 1253 puramque
966 1189 1100 1238 illius
1128 1204 1391 1253 personam
1416 1187 1699 1251 effingeret,
1720 1187 1835 1236 imi-

129 1270 265 1315 tatus
300 1274 393 1316 est.
460 1267 676 1318 Fecerat
722 1274 886 1317 autem
924 1267 1245 1317 Stesichorus
1282 1283 1482 1332 quoque
1515 1267 1834 1331 lapidationis

128 1347 460 1408 mentionem3
508 1349 598 1396 sed
648 1347 842 1396 formae
888 1341 1149 1396 venustate
1186 1349 1567 1414 obstupefactos
1601 1347 1832 1397 homines

126 1424 193 1475 de
225 1427 453 1476 manibus
489 1427 719 1476 emisisse
753 1427 974 1493 lapides,
1024 1444 1187 1491 neque
1232 1430 1457 1493 potuisse
1492 1427 1625 1492 quod
1660 1428 1832 1477 volue-

125 1511 237 1555 rant
286 1506 525 1568 efficere,
573 1506 847 1570 dixerat*).
917 1508 1054 1558 Idem
1092 1508 1260 1558 Oresti
1295 1525 1467 1558 arcum
1503 1509 1565 1557 ab
1601 1509 1834 1574 Apolline

127 1585 368 1636 traditum
419 1588 482 1636 ad
530 1588 771 1637 arcendas
818 1587 998 1638 Furias
1047 1589 1208 1639 fuisse
1252 1586 1596 1652 docuerat**).
1675 1588 1832 1637 Hele-

126 1681 244 1715 nam
289 1668 351 1717 ab
388 1665 572 1717 Oreste
615 1668 862 1717 sublatam
912 1685 1026 1718 esse
1069 1670 1342 1734 antiquitus
1389 1669 1625 1719 traditum
1668 1669 1832 1718 fuisse

127 1751 516 1797 consentaneum
563 1754 658 1798 est.
737 1749 863 1798 Erat
911 1749 1043 1799 enim
1090 1749 1177 1799 ille
1222 1751 1286 1799 ad
1331 1750 1430 1799 hoc
1466 1750 1631 1814 ipsum
1667 1753 1830 1811 natus,

126 1832 182 1876 ut
225 1827 462 1877 caedibus
512 1828 677 1892 impiis
712 1829 945 1894 quidem,
982 1829 1073 1878 sed
1109 1830 1395 1879 iustissimis
1431 1834 1581 1893 atque
1617 1831 1710 1879 sub
1746 1828 1830 1878 dei

124 1906 286 1972 ipsius
310 1907 548 1973 auspiciis
573 1910 801 1973 patratis,
827 1909 1167 1959 celebritatem
1192 1911 1405 1959 nominis
1437 1910 1828 1973 adipisceretur;

126 1987 201 2036 sic
233 1994 463 2048 matrem,
499 1989 571 2038 sic
605 1988 1009 2055 Neoptolemum,
1047 1991 1121 2040 sic
1155 1991 1399 2040 Helenam
1436 1990 1656 2040 sustulit.
1709 1991 1826 2040 Am·

124 2067 299 2117 barum
333 2068 485 2133 igitur
517 2084 746 2120 sororum
782 2071 990 2119 caedem
1024 2070 1094 2120 ita
1129 2071 1457 2129 contexendo,
1492 2076 1548 2119 ut
1581 2072 1739 2120 altera
1763 2086 1827 2120 ex

125 2147 286 2198 altera
318 2155 624 2213 nasceretur,
661 2157 1007 2215 argumentum
1031 2157 1204 2202 noster
1238 2151 1410 2203 effecit
1440 2152 1510 2213 id,
1545 2166 1645 2216 quo
1678 2151 1831 2214 thea-x

122 2232 258 2278 trum
293 2234 469 2294 posset
501 2231 693 2281 moveri
726 2236 882 2296 atque
917 2231 1173 2283 delectari.

745 2428 1159 2436 mm·-

229 2621 390 2694 XX.
484 2623 599 2693 De
648 2631 993 2697 extrema
1023 2623 1396 2720 Euripidis
1444 2631 1717 2695 aetate.

248 2862 392 2913 Diem
428 2880 720 2931 supremum
754 2868 1043 2935 Euripides,
1079 2873 1214 2920 teste
1247 2867 1558 2935 Apollodoro
1601 2867 1816 2919 chrono-

115 2943 310 3010 grapho
346 2946 478 3010 apud
527 2945 731 2998 Diodor.
769 2949 870 3001 Sic.
906 2950 1036 3012 Xlll,
1072 2954 1218 3009 103„
1268 2950 1449 2999 eodem
1501 2949 1624 2998 obiit
1667 2966 1817 3011 anno,

115 3039 216 3088 quo
253 3023 670 3091 Sophocles***),
704 3029 793 3079 sed
827 3031 1016 3097 aliquot
1051 3031 1305 3081 mensibus
1339 3029 1497 3094 prius,
1536 3036 1591 3081 ut
1625 3048 1815 3082 memo-

115 3103 219 3155 riae
253 3104 476 3170 prodidit
512 3105 719 3158 Suidas:
765 3111 981 3181 τελευτᾷ
1024 3107 1080 3163 δὲ
1117 3110 1454 3181 (Σοφοκλῆς)
1490 3110 1654 3183 μετὰ
1697 3111 1816 3165 τὸν

127 3199 313 3206 ...ἓ--

170 3239 222 3294 *)
250 3238 405 3282 Schol.
441 3239 500 3281 ad
529 3254 571 3282 v.
601 3239 728 3283 1274.

141 3309 222 3364 *ἢ
251 3310 405 3354 Schol.
437 3310 495 3351 ad
525 3324 567 3352 v.
598 3310 697 3353 258.

115 3380 223 3437 ***)
251 3381 378 3424 Adde
408 3381 574 3423 Euseb.
615 3382 781 3425 Chron.
811 3395 908 3425 can.
938 3398 981 3440 p.
1013 3383 1112 3427 158.
1148 3398 1252 3429 cum
1281 3387 1510 3447 Scaligeri
1548 3386 1812 3432 animadvv.

254 3466 298 3508 p.
320 3450 419 3494 101.
478 3452 634 3495 Schol.
657 3453 776 3496 Rav.
807 3453 867 3497 ad
894 3455 1175 3511 Thesmoph.
1208 3472 1252 3501 v.
1278 3458 1386 3502 1902
1415 3458 1562 3516 γέρων
1590 3455 1677 3516 ’γὰρ
1708 3452 1815 3502 τότε

256 3520 514 3580 Εὐριπίδης
544 3515 627 3579 η’ν·
669 3520 784 3580 {usqi
812 3525 928 3580 γοῦν
957 3524 1048 3571 ἔτει
1076 3523 1270 3588 ὕστερον
1298 3531 1505 3588 τελευτᾷ.
