2170 3866
925 306 1047 364 581

131 456 247 506 184.
281 453 393 517 12),
439 454 818 505 Heraclidis
864 455 1061 506 Pontici
1105 451 1226 518 περὶ
1257 452 1368 504 τῶν
1399 454 1526 519 παρ’
1561 449 1837 518 Εὐριπίδῃ

132 531 227 587 καὶ
256 537 537 601 Σοφοκλεῖ
574 543 624 586 et
649 532 768 601 περὶ
803 537 914 587 τῶν
940 537 1107 601 τριῶν
1141 533 1650 601 τραγῳδοποιῶν*),
1685 539 1837 598 atque

130 618 606 684 Asclepiadis,
660 617 824 682 Tagili
859 619 909 667 in
944 617 1192 668 Thraciae
1241 619 1426 669 finibus
1460 617 1593 678 nati,
1625 630 1836 680 τραγῳ-

133 695 372 764 δούμενα
408 699 594 758 (schol.
618 700 808 748 Alcest.
834 715 880 747 v.
909 702 1005 758 1.).

264 780 709 829 Grammaticorum
743 781 853 844 pari
898 780 1012 829 fere
1045 780 1097 830 in
1127 780 1319 829 honore
1352 778 1648 844 Euripidem
1683 783 1838 842 atque

131 860 435 927 Sophoclem
471 861 765 909 habentium
800 877 898 909 non
924 862 1119 910 obstitit
1151 861 1408 922 iudicium,
1443 876 1542 925 quo
1563 859 1726 908 minus
1748 858 1839 908 ille

129 941 282 990 etiam
302 940 668 1005 posterioribus
703 941 915 991 saeculis
953 942 1309 1006 praeferretur.
1379 941 1691 990 Documento
1723 944 1840 989 sunt

129 1021 428 1071 Plutarchus
476 1027 528 1070 et
573 1022 848 1083 Lucianus.,
897 1038 1110 1086 quorum
1144 1022 1278 1072 illius
1314 1022 1503 1087 scripta
1537 1020 1703 1069 omnia
1734 1019 1840 1069 Eu-

130 1103 309 1168 ripidis
344 1102 606 1152 versiculis
643 1103 878 1152 distincta
915 1110 1046 1163 sunt,
1082 1103 1166 1152 hic
1199 1119 1297 1152 non
1334 1102 1499 1150 minus
1527 1101 1838 1166 frequenter,

129 1198 279 1247 quam
324 1183 687 1248 Aristophanes
737 1185 990 1243 comicus,
1036 1184 1172 1232 illius
1217 1182 1381 1232 verbis
1428 1183 1676 1242 abutitur,
1723 1196 1838 1230 cum

131 1262 295 1312 Dione
328 1263 721 1329 Chrysostomo‚
756 1264 1094 1324 Philostrato,
1128 1263 1356 1323 Libanio‚
1392 1262 1656 1311 Clemente
1692 1262 1838 1311 Alex.

132 1350 185 1393 et
219 1344 444 1407 reliquis,
482 1360 544 1392 ex
572 1361 782 1408 quorum
810 1345 1011 1410 scriptis
1043 1345 1326 1410 fragmenta
1358 1343 1597 1408 pleraque
1632 1342 1842 1391 collecta

133 1429 268 1476 sunt.
337 1423 416 1473 Ne
450 1425 690 1474 extremis
738 1426 941 1489 quidem
977 1426 1284 1489 temporibus
1319 1425 1397 1486 agi
1430 1425 1479 1472 in
1512 1423 1724 1472 theatris
1759 1421 1844 1471 fa-

127 1505 271 1555 bulas
307 1505 467 1552 nostri
505 1505 716 1554 desiisse
749 1507 1019 1571 scriptores
1055 1507 1293 1555 historiae
1327 1504 1632 1568 Byzantinae
1672 1509 1842 1553 osten·

131 1586 276 1635 dunt.
345 1586 417 1633 lta
451 1584 642 1634 factum
681 1592 785 1645 est,
835 1592 919 1648 ut,
967 1602 1081 1636 cum
1118 1585 1388 1651 Sophoclis
1423 1584 1624 1647 quidem
1660 1589 1711 1632 et
1745 1584 1842 1634 Ae-

132 1666 295 1730 schyli
330 1666 618 1728 tragoediae
654 1672 857 1729 praeter
891 1682 994 1727 eas,
1031 1683 1155 1731 quas
1180 1664 1501 1716 Alexandrini
1522 1662 1571 1712 in
1600 1679 1840 1715 canonem

134 1752 460 1811 receperant,
510 1745 675 1794 nullae
720 1747 1149 1811 describerentur,
1185 1746 1444 1811 Euripidis
1479 1743 1637 1794 multo
1669 1744 1842 1809 plures

129 1832 559 1876 conservarentur.
626 1825 833 1875 Renatis
871 1835 1040 1877 autem
1076 1828 1257 1877 litteris
1293 1827 1427 1875 idem
1462 1826 1679 1888 tragicus
1715 1842 1839 1891 prae

131 1908 318 1956 ceteris
353 1907 491 1969 diligi
529 1909 711 1970 coepit.
771 1909 1064 1973 Euripidem
1089 1908 1326 1956 Racinius
1362 1906 1637 1956 admiratus
1670 1923 1840 1956 aemu-

133 1986 365 2050 latusque
399 1995 495 2047 est,
532 1987 787 2052 Euripidis
822 1989 973 2037 vitam
1001 1989 1203 2052 Baylius
1227 1989 1279 2037 in
1303 1988 1598 2037 dictionario
1632 1987 1717 2036 illo
1754 2003 1838 2036 ce-

133 2067 403 2116 leberrimo
440 2068 537 2117 sibi
573 2069 915 2131 explicandam
954 2085 1067 2118 esse
1104 2070 1300 2127 statuit3
1347 2069 1499 2116 iidem
1535 2067 1839 2132 Sophoclem

134 2148 474 2212 neglexerunt.
561 2148 860 2214 Euripidem
914 2157 1200 2198 nostrorum
1254 2153 1519 2213 poetarum
1566 2147 1840 2213 principes,

129 2226 455 2291 Lessing**)‚
485 2227 700 2276 Schiller
729 2234 883 2292 atque
899 2229 1117 2289 Goethe,
1146 2231 1396 2291 lectitare,
1425 2227 1662 2276 admirari
1688 2235 1839 2293 atque

129 2307 313 2355 imitari
359 2323 611 2371 nunquam
646 2309 937 2371 desierunt,
988 2327 1201 2374 quorum
1236 2310 1318 2357 hic
1354 2309 1661 2374 grandaevus
1696 2310 1839 2358 dete-

131 2387 229 2436 ctis
273 2386 608 2436 Phaethontis
654 2388 858 2437 fabulae
902 2390 1196 2454 fragmentis
1242 2390 1455 2454 perinde
1502 2389 1699 2453 gavisus
1742 2394 1838 2449 est,

133 2482 193 2515 ac
227 2467 271 2515 si
317 2483 512 2516 summa
557 2467 798 2517 felicitate
844 2469 1058 2519 affectus
1118 2477 1268 2519 esset.
1352 2471 1477 2532 Quis
1535 2469 1839 2519 credidisset

131 2546 346 2596 eundem
383 2564 553 2596 ansam
590 2547 826 2597 daturum
864 2566 979 2599 esse
1013 2551 1321 2611 iniuriarum,
1360 2566 1482 2614 quas
1517 2550 1578 2598 ab
1615 2566 1675 2598 eo
1706 2555 1838 2598 tem-

127 2642 254 2693 pore
287 2627 516 2676 homines
553 2645 581 2676 a
616 2635 756 2676 recto
794 2645 947 2678 sensu
991 2631 1138 2679 alieni
1188 2632 1240 2679 in
1274 2630 1567 2693 Euripidem
1606 2630 1836 2678 certatim

129 2707 318 2756 inferre
365 2710 676 2772 coeperunt?
722 2709 1031 2774 Iphigeniam
1071 2711 1271 2760 Goethe
1318 2711 1707 2759 mansuetiorum
1742 2710 1836 2758 ho-

129 2789 316 2837 minum
340 2788 553 2853 ingeniis
579 2791 990 2850 accommodavit,
1020 2792 1160 2840 cuius
1186 2793 1353 2854 operis
1378 2797 1550 2856 captus
1575 2797 1837 2840 venustate

127 2867 300 2917 Iacobs
341 2884 494 2931 quum
546 2869 803 2934 Euripidis
848 2870 1050 2920 Musam
1099 2872 1538 2936 reprehendisset,
1600 2870 1835 2935 Schlegel

127 2955 380 3013 arreptam
411 2949 562 2996 huius
601 2953 916 3011 sententiam,
952 2968 1047 3000 non
1084 2954 1339 3001 nominato
1375 2958 1604 3012 auctore,
1640 2951 1838 3000 iteravit

128 3027 367 3090 auxitque
412 3029 715 3090 maledictis3
775 3031 910 3080 hunc
973 3049 1093 3082 vero
1143 3033 1319 3097 ingens
1353 3038 1556 3081 secutus
1592 3038 1670 3080 est
1714 3045 1838 3095 grex

127 3108 435 3156 imitatorum
472 3109 800 3159 eruditionem
837 3129 893 3161 se
927 3114 1188 3162 testificari
1224 3114 1503 3177 putantium
1537 3111 1835 3176 Euripidem

131 3187 492 3237 contumeliose
539 3191 795 3252 vexando,
845 3209 1055 3256 quorum
1102 3210 1255 3257 quum
1303 3209 1463 3256 usque
1510 3193 1636 3240 alius
1683 3191 1832 3240 alium

127 3269 437 3334 impudentia
472 3278 750 3334 superaret,
783 3273 914 3322 infra
949 3275 1259 3324 Kotzebuem
1296 3274 1530 3323 detrusus
1566 3278 1644 3322 est
1685 3276 1834 3336 poeta

188 3443 239 3496 ³⁸²)
269 3441 338 3483 Cf.
371 3442 544 3484 Welck.
577 3458 618 3498 p.
648 3443 734 3485 900
763 3450 808 3488 et
836 3444 934 3487 980.

162 3513 244 3567 ’·“*)
272 3513 383 3556 Vide
412 3512 692 3571 dramaturg.
726 3516 892 3559 Hamb.
925 3516 957 3558 1.
992 3531 1034 3570 p.
1063 3515 1150 3559 385
1177 3530 1298 3570 seqq.
