2124 3860
875 258 994 314 321

93 409 443 460 confirmantes
502 406 790 455 sacerdotes
837 404 1197 470 Aegyptiorum
1262 400 1525 451 narrabant
1569 402 1782 453 Alexan-

91 493 236 542 drum
286 505 399 537 cum
451 494 592 552 rapta
641 487 832 535 Helena
877 503 970 550 per
1003 500 1140 533 mare
1176 483 1422 545 Aegaeum
1459 483 1782 548 proficiscen-

93 577 195 621 tem
240 569 400 618 ventis
449 568 625 632 iniquis
660 567 707 614 in
744 567 1028 630 Aegyptum
1065 562 1283 612 delatum
1321 579 1460 622 esse3
1511 564 1594 612 ubi
1630 579 1782 628 quum

91 653 141 700 in
190 651 317 699 ostio
355 649 451 698 Nili
490 647 742 710 Canopico
789 645 918 709 apud
958 643 1188 693 Herculis
1225 644 1463 708 templum
1501 659 1781 692 commora-

92 739 262 787 retur,
314 729 545 778 Proteum
593 743 790 790 regem,
839 726 1038 788 cognita
1073 738 1245 772 caussa
1296 731 1346 770 et
1380 723 1544 771 violati
1578 723 1783 786 hospitii

93 811 299 866 iniuria,
334 810 494 874 ipsum
531 808 729 871 quidem
769 804 993 854 Paridem
1030 805 1267 853 intactum
1304 802 1577 860 dimisisse,
1629 802 1783 851 Hele-

96 908 192 941 nen
228 897 391 938 autem
428 904 536 935 cum
574 887 712 935 bouis
749 886 970 949 abreptis
1016 883 1280 932 retinuisse
1316 883 1412 931 hoc
1448 883 1681 942 consilio,
1731 888 1786 932 ut

95 970 352 1028 Menelao,
405 968 447 1015 si
482 967 675 1030 quando
725 982 965 1029 quaerens
1015 980 1223 1013 uxorem
1258 964 1306 1011 in
1349 965 1626 1028 Aegyptum
1664 978 1785 1028 per-

94 1050 326 1106 venisset,
362 1048 600 1111 integram
636 1048 955 1104 restitueret;
993 1044 1058 1092 cf.
1095 1044 1286 1092 Herod.
1324 1043 1381 1102 ll,
1422 1046 1584 1090 112—
1607 1046 1719 1091 116.

227 1128 368 1177 Haec
415 1128 462 1175 in
511 1126 730 1175 favorem
769 1125 1075 1173 Graecorum
1124 1124 1184 1173 ab
1221 1123 1482 1187 Aegyptiis
1518 1122 1785 1187 Tyriisque

99 1209 423 1260 communiter
456 1207 653 1254 iuventa
688 1205 1042 1269 antiquissimis
1077 1205 1173 1251 iam
1205 1205 1512 1266 temporibus
1539 1204 1600 1251 ad
1626 1203 1785 1251 Grae-

97 1307 183 1339 cos
232 1303 431 1338 rumore
477 1286 668 1349 perlata
718 1291 885 1341 erant,
940 1284 1338 1349 quandoquidem
1389 1284 1487 1331 iam
1534 1283 1784 1331 Home-rus

96 1369 338 1419 Helenam
372 1366 497 1414 fecit
531 1365 708 1413 Paride
756 1365 954 1428 quidem
992 1365 1205 1413 ducente
1241 1363 1290 1412 in
1325 1362 1637 1425 Phoenicen,
1672 1361 1786 1411 Me-

95 1448 238 1498 nelao
287 1452 453 1495 autem
501 1445 713 1494 ducente
757 1444 806 1494 in
842 1446 1123 1510 Aegyptum
1171 1452 1361 1493 vectam
1399 1452 1451 1493 et
1483 1458 1687 1508 magnas
1724 1457 1787 1492 ex

96 1534 308 1592 utraque
343 1533 472 1574 terra
508 1542 630 1590 opes
666 1526 864 1574 domum
902 1527 1161 1589 utriusque
1188 1528 1462 1589 reportatas
1492 1539 1620 1573 esse.
1688 1522 1787 1571 Ita-

96 1624 195 1673 que
229 1607 580 1665 Stesichorus,
615 1623 712 1670 quo
747 1605 927 1654 melius
966 1606 1301 1668 discrepantes
1345 1604 1638 1669 populorum
1674 1619 1787 1652 nar-

97 1683 315 1737 rationes
353 1686 735 1735 conciliarentur
769 1686 1017 1748 simulque
1048 1685 1259 1744 Helena,
1296 1684 1421 1732 lonis
1449 1685 1566 1739 filia,
1601 1682 1788 1748 probro

99 1768 425 1826 liberaretur,
491 1766 636 1814 fiuxit
693 1780 789 1813 non
841 1781 1005 1813 veram
1062 1764 1311 1822 Helenen,
1374 1764 1463 1813 sed
1523 1764 1789 1826 imaginem

101 1847 343 1911 quandam
381 1847 506 1905 eius,
545 1844 752 1893 deorum
779 1844 973 1893 fallacia
1003 1844 1250 1904 effectam,
1277 1842 1477 1892 Troiam
1508 1843 1788 1902 abductam,

98 1942 264 1975 veram
313 1931 476 1973 autem
523 1926 571 1972 in
606 1925 832 1989 Aegypto
869 1934 1114 1973 servatam
1152 1941 1292 1984 esse,
1340 1923 1498 1971 donec
1545 1924 1790 1970 inventam

101 2005 361 2055 Menelaus
395 2005 593 2052 domum
631 2002 993 2060 reduxisset*).
1046 2004 1190 2062 Quod
1226 2001 1477 2050 inventum
1505 2002 1674 2050 multis
1700 2017 1790 2050 no-

101 2087 316 2135 minibus
351 2088 546 2149 gratum
574 2089 743 2130 nostro
775 2081 1171 2144 conveniensque
1198 2097 1312 2129 esse
1337 2083 1491 2130 visum
1519 2090 1610 2131 est.
1665 2081 1791 2129 Nam

102 2181 253 2231 quum
289 2165 557 2229 probrosos
594 2178 706 2210 esse
741 2161 953 2210 Troirae
991 2161 1212 2210 Helenae
1262 2177 1425 2209 mores
1474 2171 1584 2210 cum
1624 2160 1792 2210 Stesi-

101 2246 254 2294 choro
290 2244 545 2301 iudicaret,
583 2248 685 2290 tum
722 2242 975 2305 exemplar
1011 2241 1220 2305 proponi
1246 2241 1622 2290 venustissimae
1657 2242 1792 2290 eius-

101 2325 315 2389 demque
358 2322 688 2388 probissimae
732 2322 969 2370 mulieris·
999 2328 1051 2370 et
1094 2322 1216 2370 utile
1262 2327 1315 2370 et
1362 2322 1631 2370 iucundum
1679 2337 1793 2370 esse

103 2405 330 2454 ducebat.
399 2403 468 2451 Et
503 2403 658 2451 solam
704 2418 812 2450 eam
854 2409 1189 2460 venustatem,
1238 2417 1363 2464 quae
1399 2418 1511 2449 cum
1547 2402 1793 2466 probitate

103 2485 269 2534 iuncta
296 2488 450 2538 esset,
484 2497 647 2530 veram
676 2498 791 2530 esse
816 2482 1052 2529 censebat
1074 2486 1403 2540 venustatem,
1430 2481 1561 2529 illam
1589 2481 1792 2528 alteram

105 2570 270 2612 autem
305 2564 521 2627 speciem
558 2562 768 2616 inanem,
805 2578 898 2625 qua
933 2562 1171 2624 deceptos
1197 2559 1417 2608 Graecos
1447 2560 1793 2623 Troianosque

107 2643 279 2691 decem
315 2657 550 2691 annorum
583 2642 787 2706 proeliis
824 2642 1173 2703 laboribusque
1208 2640 1428 2687 toleratis
1464 2639 1587 2687 nihil
1621 2647 1793 2687 nactos

107 2739 221 2772 esse
257 2722 499 2770 commodi
533 2728 732 2786 praeter
767 2722 961 2769 virtutis
990 2719 1408 2768 exercitationem.
1477 2719 1653 2782 Itaque
1681 2718 1794 2766 Me-

109 2803 333 2860 nelaum,
369 2817 517 2865 quum
553 2808 696 2849 antea
730 2801 854 2849 falsa
889 2800 1154 2849 venustatis
1191 2799 1357 2862 specie
1394 2798 1674 2847 delectatus
1712 2813 1794 2846 es-

110 2887 206 2942 set,
244 2882 325 2929 ubi
357 2897 524 2929 veram
560 2882 898 2944 adspexisset,
951 2881 1115 2929 statim
1149 2879 1278 2927 illam
1317 2879 1546 2926 omisisse
1580 2884 1630 2927 et
1666 2878 1797 2926 hanc

113 2961 394 3026 amplexum
438 2977 580 3020 esse,
626 2976 682 3008 ac
716 2968 818 3008 tum
854 2961 1053 3009 demum
1091 2960 1350 3007 liberatum
1387 2960 1641 3007 erroribus
1676 2959 1797 3007 bea-

113 3047 218 3090 tum
253 3041 423 3090 fuisse.
491 3039 651 3088 Tanta
686 3041 834 3097 enim,
869 3042 1036 3090 iudice
1066 3040 1270 3087 Socrate
1303 3039 1380 3087 vel
1404 3038 1661 3102 Euripide,
1697 3038 1798 3086 vir-

112 3122 234 3170 tutis
270 3126 348 3169 est
382 3119 690 3185 pulcritudo,
737 3125 823 3179 ut,
869 3121 912 3168 si
943 3126 1114 3185 posset
1150 3118 1306 3166 oculis
1343 3119 1590 3184 conspici,
1627 3131 1799 3166 omnes

116 3201 166 3250 in
210 3217 428 3250 amorem
484 3201 590 3250 eius
641 3200 996 3264 abriperentur.
1082 3199 1227 3262 Quod
1276 3204 1438 3248 autem
1488 3215 1550 3248 ex
1596 3198 1802 3247 aethere

174 3374 224 3428 *)
252 3377 320 3418 De
347 3374 592 3419 Stesichori
616 3375 814 3417 carmine
835 3374 937 3419 vide
954 3375 1188 3419 Fritzsche
1207 3373 1266 3419 ad
1284 3375 1563 3430 Thesmoph.
1581 3369 1805 3424 Aristoph.

257 3459 300 3499 p.
331 3446 417 3488 369
447 3460 569 3500 seqq.
600 3445 901 3488 disserentem.

182 3514 244 3565 T.
270 3515 330 3565 11.
1407 3518 1471 3566 21
