2170 3848
934 227 1051 288 175

164 378 366 430 Ovidius
394 377 540 430 Pont.
564 377 644 438 111,
669 379 716 439 2,
743 379 982 429 45—95.
1051 376 1186 426 Idem
1220 375 1500 439 expositum
1522 373 1659 424 vides
1693 371 1824 439 apud

163 459 416 526 Hyginum
453 459 551 509 fab.
577 458 728 507 CXX.
751 465 801 508 et
826 456 994 508 cvm.
1077 455 1267 504 Orestis
1315 454 1614 519 Pyla'disque
1659 453 1824 503 amici-

160 540 283 588 tiam
327 540 388 588 ab
438 539 676 604 Euripide
725 539 1060 587 adumbratam
1108 534 1320 582 laudavit
1367 535 1610 583 Lucianus
1662 534 1824 582 Amor.

160 617 211 684 S.
246 621 327 670 4⁴1.
394 619 663 669 Sententiis
696 616 982 681 quibusdam
1017 616 1162 664 huius
1198 614 1431 662 dramatis
1466 615 1539 662 usi
1566 618 1680 662 sunt
1707 613 1825 662 Plu-

162 699 364 748 tarchus
395 700 464 762 (v.
488 702 600 748 253.
625 699 672 746 in
689 697 816 745 Exil.
836 712 883 759 p.
910 698 1022 744 602.
1054 696 1129 755 A„
1163 710 1203 743 v.
1221 697 1332 743 279.
1357 694 1417 740 ad
1442 694 1598 741 Colot.
1614 711 1662 758 p.
1680 696 1824 741 1123.

164 779 221 828 A.
247 779 322 838 B„
355 794 398 825 v.
431 783 540 828 555.
573 780 618 826 in
644 776 926 841 profect-in
956 776 1065 823 virt.
1094 792 1143 838 p.
1171 777 1266 834 75..
1302 791 1343 821 v.
1376 777 1484 821 ⁷70.
1511 774 1558 820 in
1587 773 1824 837 apophth.

163 876 211 924 p.
231 861 341 908 182.
368 857 469 919 E.)‚
505 858 748 905 Lucianus
771 854 838 916 (v.
870 857 979 902 302.
1002 855 1049 903 in
1077 857 1244 904 Amor.
1272 852 1331 902 T.
1349 853 1467 916 Il.p.
1486 855 1615 913 450„
1650 853 1824 901 v.584.

162 938 279 987 ibid.
296 936 356 987 T.
384 935 441 985 V.
457 935 668 1000 p.311.),
704 934 948 983 Diodorus
966 935 1063 982 Sic.
1084 933 1277 996 (v.612.
1295 934 1376 981 lib.
1398 932 1620 992 XX‚14.,
1654 935 1825 982 mozo.

164 1017 250 1065 lib.
271 1013 412 1079 1,3.),
446 1014 672 1080 Diphilus
706 1015 836 1079 apud
872 1015 1180 1064 Athenaeum
1208 1013 1272 1077 (v.
1290 1014 1495 1061 521.lib.
1512 1010 1824 1075 V1.p.24*1.),

161 1095 392 1145 Clemens
427 1095 567 1143 Alex.
602 1094 669 1158 (v.
692 1095 846 1158 555.).
923 1094 1147 1142 Imitatus
1192 1093 1406 1156 denique
1438 1092 1673 1141 Horatius
1714 1107 1827 1142 esse

157 1174 353 1225 videtur
385 1175 678 1224 sententiam
709 1190 884 1224 versus
917 1176 1032 1223 486.
1061 1175 1110 1221 ἰη
1134 1174 1225 1237 Ep.
1247 1173 1286 1231 Ι,
1313 1176 1360 1232 ἵ,
1385 1174 1463 1220 92.

290 1254 548 1318 Signorum
605 1254 935 1312 caelatorum,
1002 1255 1177 1318 quibus
1234 1257 1575 1317 argumentum
1632 1251 1828 1302 fabulae

160 1335 462 1401 Euripideae
496 1351 785 1403 expressum
822 1341 927 1394 est,
975 1337 1034 1383 ad
1081 1335 1210 1383 hanc
1258 1336 1469 1380 aetatem
1506 1332 1648 1397 plura
1681 1332 1827 1381 dura-

158 1422 287 1476 runt,
323 1431 528 1480 quorum
565 1415 662 1463 duo
700 1415 944 1465 Wimarae
979 1416 1026 1463 in
1061 1415 1219 1474 atrio,
1266 1412 1396 1477 quod
1433 1412 1633 1461 Goethii
1670 1413 1827 1461 nomi-

159 1501 329 1545 natum
362 1502 468 1554 est,
514 1502 783 1547 servantur.
851 1495 979 1543 Tres
1028 1495 1076 1543 in
1125 1495 1281 1543 altero
1315 1500 1481 1558 partes
1517 1494 1654 1556 quasi
1688 1499 1827 1542 actus

159 1575 553 1640 distinguuntur:
582 1592 787 1640 quarum
822 1577 980 1641 prima
1013 1575 1214 1623 iuvenes
1249 1573 1397 1621 vincti
1431 1589 1540 1620 cum
1578 1572 1829 1636 iphigenia

158 1657 494 1720 colloquentes
528 1657 879 1715 ostenduntur,
928 1658 997 1703 sic
1044 1671 1098 1704 se
1129 1655 1428 1702 intuentibus
1463 1653 1622 1700 fratre
1654 1668 1711 1701 ac
1746 1668 1827 1700 so-

156 1752 300 1798 rore,
347 1742 400 1784 ut
433 1736 564 1784 hunc
597 1736 657 1783 ab
693 1736 775 1783 illa
809 1751 871 1784 ex
903 1737 992 1792 iis,
1042 1751 1166 1798 quae
1200 1739 1395 1793 narret,
1441 1733 1640 1798 agnosci
1675 1748 1828 1797 appa-

159 1821 285 1865 reat.
354 1815 494 1864 Stant
524 1822 684 1862 autem
721 1822 834 1864 ante
858 1815 1095 1879 templum
1117 1819 1167 1863 et
1193 1815 1505 1862 simulacrum
1527 1813 1666 1870 deae,
1701 1828 1825 1876 quo-

158 1911 270 1944 rum
303 1894 419 1943 huic
454 1900 604 1958 caput
637 1895 900 1944 humanum
936 1895 1137 1942 affixum
1168 1902 1261 1952 est,
1298 1909 1394 1956 quo
1426 1894 1545 1941 ritus
1573 1892 1826 1941 hominum

157 1974 566 2023 immolandorum
599 1981 651 2023 et
684 1976 955 2039 periculum
995 1975 1216 2023 omnibus
1256 1974 1544 2037 impendens
1580 1972 1826 2035 siguifica-

155 2059 308 2104 retur.
373 2053 543 2102 Altera
586 2061 731 2118 parte
780 2055 1026 2119 lphigenia
1076 2055 1272 2119 quidem
1320 2053 1578 2117 epistolam
1611 2052 1827 2115 tradens,

156 2132 363 2182 Orestes
395 2140 560 2182 autem
595 2140 646 2182 et
679 2134 890 2198 Pylades
926 2136 1262 2184 iusiurandum
1299 2134 1470 2182 dantes
1500 2133 1826 2196 accipientes-

154 2229 254 2279 que
286 2213 593 2262 exhibentur.
663 2213 835 2264 Tertia
870 2215 1169 2282 conspicitur
1195 2214 1404 2278 Pylades
1441 2214 1678 2279 impetum
1712 2217 1826 2265 bar-

153 2295 384 2344 berorum
419 2294 548 2358 apud
581 2310 752 2344 navem
788 2297 1074 2356 sustine11s,.
1099 2311 1196 2345 uno
1233 2295 1525 2358 Scytharum
1560 2300 1824 2358 prostrato,

155 2371 362 2422 Orestes
396 2381 557 2423 autem
595 2373 893 2441 lphigeniam
929 2394 1039 2426 cum
1065 2376 1328 2424 simulacro
1350 2376 1397 2423 in
1426 2390 1595 2423 navem
1624 2374 1821 2424 tollens,

153 2452 372 2502 Alterius
406 2454 572 2517 operis
607 2462 774 2520 partes
811 2463 924 2506 sunt
956 2456 1180 2515 totidem,
1217 2455 1304 2503 sed
1341 2471 1437 2503 non
1477 2456 1696 2503 eaedem.
1764 2455 1820 2504 In

152 2532 313 2599 prima
350 2532 555 2583 Orestes
590 2537 892 2600 conspicitur
926 2538 1104 2585 sedens
1140 2541 1190 2584 et
1223 2543 1359 2583 veste
1396 2540 1684 2594 contectus,
1721 2535 1824 2599 Py-

152 2612 288 2661 lades
325 2618 488 2661 autem
522 2620 654 2664 stans
689 2622 801 2665 ante
836 2633 947 2665 eum
983 2621 1035 2664 et
1069 2616 1205 2678 quasi
1240 2615 1298 2662 ad
1327 2615 1649 2663 adiuvandum
1685 2630 1822 2664 moe-

150 2698 342 2741 rentem
376 2699 590 2756 paratus.
657 2695 826 2746 Altera
862 2696 1018 2745 frater
1052 2703 1101 2743 et
1136 2711 1279 2743 soror
1313 2709 1368 2742 se
1414 2694 1620 2742 invicem
1672 2709 1821 2758 agno-

153 2775 313 2821 scunt.
383 2770 553 2821 Tertia
586 2775 723 2840 virgo
757 2777 1076 2826 simulacrum
1120 2781 1294 2824 tenens
1341 2775 1540 2823 iuvenes
1590 2774 1652 2822 ad
1686 2790 1823 2824 mare

151 2850 383 2912 deducit,
430 2867 549 2917 rege
582 2847 691 2902 cum
742 2855 933 2904 duobus
967 2856 1164 2904 famulis
1199 2854 1370 2920 procul
1407 2855 1628 2905 sedente.
1694 2853 1823 2903 Ter-

149 2930 275 2979 tium
311 2946 461 2995 opus,
508 2933 639 2995 quod
676 2934 915 2985 Berolinis
960 2944 1206 2997 servatur,
1257 2935 1366 2983 fere
1413 2950 1528 2982 cum
1574 2934 1669 2983 hoc
1704 2951 1821 2983 con-

149 3010 292 3077 gruit,
311 3011 400 3059 sed
418 3011 637 3075 pluribus
662 3014 948 3065 famularum
967 3016 1360 3079 Scytharumque
1386 3014 1610 3078 personis
1624 3020 1820 3063 auctum

149 3095 244 3139 est.
313 3089 552 3153 Quartum
588 3108 711 3157 opus
748 3094 1130 3146 winckelmann.
1167 3097 1213 3143 iu
1242 3111 1458 3143 monum.
1497 3101 1593 3142 ant.
1623 3094 1820 3142 ineditis

147 3183 196 3217 n.
225 3170 336 3219 149.
369 3171 657 3221 imitandum
695 3176 909 3224 curavit:
945 3178 1081 3225 cuius
1117 3176 1272 3240 prima
1307 3182 1447 3238 parte
1477 3172 1683 3222 Orestes
1707 3189 1819 3220 cum

147 3247 313 3297 Furiis
345 3267 565 3317 pugnans
613 3254 911 3315 ostenditur3
958 3258 1066 3321 ipse
1108 3256 1326 3321 gladium
1374 3260 1544 3303 tenens
1582 3270 1611 3302 e
1647 3253 1820 3317 vagina

147 3327 381 3380 eductum
415 3331 632 3394 corruit,
686 3333 870 3397 Pylade
916 3352 1029 3386 eum
1064 3335 1321 3386 sublevare
1355 3323 1576 3383 conante.
1646 3333 1819 3382 Altera
