2170 3848
950 251 1030 306 43

283 396 621 464 κατάρῤυτόν
654 414 708 448 τε
742 396 982 463 μυρίοισι
1014 396 1244 460 νάμασι,’

284 478 376 532 καὶ
408 477 568 544 βουσὶ
602 477 691 531 καὶ
723 478 1032 543 ποίμναισιν
1067 473 1450 540 εὐβοτωτάτην,

226 578 238 593 ·
285 553 392 612 οὔτ’
429 558 487 612 ἐν
521 564 739 612 πνοαῖσι
770 559 1013 626 χείματος
1047 556 1387 623 δυςχείμερον

287 644 398 693 οὔτ’
435 636 503 693 αὖ
537 641 849 707 τεθρίπποις
879 639 1035 706 ’ἡλίου
1070 634 1278 704 θερμὴν
1311 639 1451 703 ἄγαν

285 805 317 858 ὁ
350 808 444 874 τῆς
475 804 632 870 τύχης
664 805 789 863 παῖς
821 805 1016 870 κλῆρος
1048 798 1131 852 ἐπὶ
1163 800 1337 867 τούτῳ
1370 797 1544 865 ταγείς
1560 797 1630 862 *)-
1831 873 1836 876 .

155 885 449 937 sortitiones
483 887 651 950 quales
685 885 893 944 fuerint,
930 886 1007 932 bis
1042 885 1207 932 verbis
1244 883 1461 932 ostendit
1486 881 1693 930 Strabo:
1726 876 1835 928 τῶν

154 967 339 1018 πάλων
370 964 561 1031 φησίν,
603 954 680 1016 ὧν
715 964 768 1016 οἱ
800 958 1142 1030 Ἡρακλεῖδαι
1175 961 1296 1027 περὶ
1328 965 1421 1031 τῆς
1452 960 1624 1028 χώρας
1658 956 1835 1026 ἐποιή-

155 1059 352 1109 σαντο,
385 1046 480 1098 τὸν
513 1044 612 1112 μὲν
644 1063 681 1097 π
719 1046 905 1112 ότερον
937 1043 1190 1111 γενέσθαι

284 1126 472 1194 ,,γαίης
505 1064 776 1195 Λακαίὲης
808 1126 1015 1192 κύριον,
1050 1127 1267 1194 φαύλου
1302 1124 1551 1191 χθονός,”

152 1207 248 1259 τὸν
281 1207 340 1261 δὲ
373 1208 625 1275 δεύτερον
660 1209 948 1276 Μεσσήνης

286 1288 515 1357 ,.,άρετὴν
548 1287 767 1357 ἐχούσης
801 1288 993 1354 μείζον’
1029 1288 1063 1355 ἢ
1097 1288 1239 1354 λόγῳ
1274 1286 1529 1354 φράσαι,”

155 1367 252 1436 τὴν
285 1370 344 1423 δὲ
366 1369 688 1439 Λακωνικὴν
720 1369 810 1424 καὶ
843 1370 942 1438 τὴν
962 1369 1282 1437 Μεσσηνίαν
1315 1367 1511 1434 ὁρίζειν
1536 1368 1707 1422 αὐτοῦ
1733 1370 1836 1437 φή-

156 1462 348 1514 σαντος

286 1533 573 1601 ,,’Πάμισον
607 1534 681 1596 εἰς
715 1533 993 1585 θάλασσαν
1027 1530 1447 1599 ἐξορμώμενον,”

158 1613 226 1665 οὐ
271 1614 659 1683 συγχωρητέον.
735 1616 850 1667 Οὐκ
897 1609 955 1666 εὖ
1002 1613 1059 1666 δὲ
1095 1614 1212 1665 οὐδ’
1248 1613 1354 1675 ὅτι,
1403 1616 1497 1682 τῆς
1531 1613 1842 1680 Μεσσηνίας

157 1693 356 1762 ὁμοίως
390 1695 761 1758 ἐπιθαλαττίας
796 1699 959 1763 οὔσης
991 1701 1058 1762 τῇ
1094 1698 1411 1762 Λακωνικῇ,
1448 1694 1613 1762 φησὶν
1646 1693 1815 1763 αὐτὴν

289 1779 506 1842 ,,πρόσω
542 1777 643 1845 (δὲ)
678 1777 1042 1829 ναυτίλοισιν”

160 1851 314 1909 εἶναι.
376 1853 507 1910 Ἀλλ’
543 1857 668 1909 οὐδὲ
701 1856 800 1925 τὴν
821 1849 975 1909 ςΗλιν
1009 1851 1069 1908 εὖ
1104 1856 1342 1921 διορίζει·

290 1939 508 2005 ,,πρόσω
555 1937 612 1990 δὲ
647 1939 800 2004 βάντι
833 1938 1075 2003 ποταμὸν
1099 1927 1246 1998 ςΗλις
1278 1936 1314 2005 ἦ
1348 1936 1482 1998 Διὸς

290 2019 479 2085 γείτων
510 2020 796 2087 κάθηται.”

158 2099 252 2149 His
285 2103 545 2152 transactis
580 2102 834 2152 Temenus
870 2107 920 2150 et
954 2101 1044 2150 filii
1065 2101 1370 2150 Aristodemi
1403 2102 1451 2150 in
1487 2117 1600 2149 suas
1636 2101 1846 2167 quisque

157 2186 316 2230 terras
352 2174 463 2231 cum
500 2184 797 2232 exercitibus
831 2183 1082 2247 proficisci
1116 2187 1402 2246 potuerunt.
1471 2182 1722 2247 Inter-poni
1757 2185 1846 2233 de-

157 2261 274 2311 inde
306 2263 486 2313 chorus
521 2254 699 2328 potuit,
733 2280 829 2328 quo
864 2263 1094 2312 Herculis
1129 2265 1338 2312 virtutes
1373 2262 1778 2313 celebrabantur:

290 2334 458 2408 ἦλθεν
490 2338 537 2395 δ’
570 2339 656 2395 ἐπὶ
687 2343 1030 2411 χρυσόκερων
1065 2339 1269 2408 ἔλαφον

288 2424 533 2491 μεγάλων
567 2427 753 2476 ἄθλων
789 2418 998 2491 δείμαθ’
1029 2423 1280 2489 ὑποστάς,

290 2503 390 2571 βὰς
423 2509 538 2558 κατ’
573 2503 834 2567 ἐναύλους
868 2505 1038 2572 ὀρέων
1069 2506 1318 2571 άβάτους,

290 2584 375 2638 ἐπὶ
405 2589 663 2656 λειμῶνας
695 2588 916 2655 ποίμνιά
947 2583 989 2639 τ’
1022 2590 1172 2655 ἄλση.

160 2664 290 2716 Tum
328 2670 528 2735 Cypseli
563 2678 614 2721 et
640 2674 880 2737 Meropes
916 2671 1217 2735 colloquium
1254 2671 1394 2734 sequi
1428 2672 1607 2736 potuit.
1660 2673 1845 2724 Stude-

162 2747 245 2796 bat
294 2758 459 2800 autem
505 2752 591 2800 ille
634 2753 788 2801 filiam
841 2770 869 2801 a
916 2753 1141 2816 coniugio
1178 2751 1503 2815 Cresphontis
1540 2754 1845 2817 abstrahere,

161 2836 229 2891 et,
265 2846 413 2892 quum
446 2839 716 2894 recusaret,
751 2834 897 2882 etiam
930 2834 1134 2882 invitam
1161 2832 1467 2896 Polyphonti
1503 2834 1552 2882 in
1588 2838 1846 2887 matrimo-

162 2911 297 2959 nium
326 2912 445 2962 dare
470 2915 752 2962 conabatur.
802 2915 1041 2979 Meropes
1072 2913 1269 2978 quidem
1297 2915 1446 2961 verba
1472 2915 1595 2962 haec
1621 2916 1846 2967 fuerunt:

261 2991 586 3053 „Iniuria
622 2994 832 3043 abste
868 2995 1162 3060 afficior
1196 2993 1524 3060 indigna,
1554 3004 1786 3063 pater.-

266 3071 430 3123 Nam
494 3074 557 3122 si
629 3075 992 3142 improbam
1056 3074 1539 3142 Cresphontem
1600 3080 1846 3129 emisti-

956 3174 1006 3206 m
1022 3174 1055 3206 α
1072 3173 1101 3205 v
1123 3173 1188 3205 er
1205 3173 1304 3216 cm„

268 3232 391 3282 Gur
414 3252 506 3284 me
528 3236 687 3285 huic
713 3237 985 3287 locabas
1011 3238 1308 3304 nuptiis?
1336 3239 1440 3287 sin
1466 3245 1563 3288 est
1584 3241 1846 3305 probus,

269 3314 389 3363 Cur
409 3317 610 3365 talem
633 3318 914 3368 invitam
939 3320 1228 3369 invitum
1263 3319 1447 3383 cogis
1470 3320 1847 3386 linquere?”

221 3449 272 3505 θ’)
300 3451 484 3509 Fragm.
515 3452 603 3496 inc.
635 3451 731 3494 142.
