2170 3866
973 276 1095 334 491

175 434 344 493 iubet,
392 431 514 480 dum
546 428 657 494 ipsa
691 441 812 476 aure
843 424 1022 474 ianuae
1065 421 1266 470 admota
1312 433 1440 483 quae
1472 417 1607 466 intus
1636 417 1880 481 germitur

176 512 444 565 auscultat.
523 509 710 558 Audito
767 507 947 555 deinde
996 503 1221 552 Helenae
1270 501 1519 561 clamore,
1584 489 1740 563 gestit
1785 494 1877 556 sico

176 594 320 659 quasi
372 605 610 657 praesens
658 594 937 648 tenensque
988 584 1208 650 gladium
1252 587 1449 647 pestem
1489 578 1742 638 Graeciae,
1779 591 1881 631 una

178 691 293 726 cum
341 673 440 722 illis
489 672 554 719 de
596 671 764 719 medio
808 667 967 716 tollat.
1036 664 1150 712 Hoc
1198 663 1309 727 ipso
1346 668 1572 725 tempore
1609 657 1882 715 Hermiona

180 755 316 806 redit
350 760 402 801 et
438 752 488 800 in
522 751 726 813 laqueos
763 747 979 795 devenit.
1049 744 1254 794 Anxiam
1293 747 1500 806 propter
1534 741 1755 788 auditum
1778 737 1881 794 cla-

179 850 371 885 morem
411 832 618 880 Electra
653 829 856 886 solatur,
900 827 1133 875 Orestem
1169 825 1340 872 dicens
1378 823 1552 887 capitis
1590 821 1878 868 damnatum

179 915 245 966 ad
295 930 456 979 genua
498 911 722 962 Helenae
768 906 1050 973 supplicem
1098 905 1424 969 procubuisse
1461 910 1512 952 et
1544 908 1756 951 mortem
1792 899 1883 948 de-

181 994 408 1062 precari:
455 998 624 1040 monet
671 991 849 1053 igitur,
899 995 954 1036 ut
989 988 1039 1035 in
1075 987 1277 1034 domum
1312 986 1539 1048 ingressa
1576 998 1754 1048 preces
1786 981 1884 1031 miq-

182 1075 286 1126 seri
331 1075 551 1123 adiuvet.
633 1071 904 1120 lntrantem
957 1070 1185 1126 iuvenes,
1236 1067 1378 1128 signo
1414 1066 1475 1113 ab
1512 1065 1714 1114 Electra
1749 1063 1884 1122 dato,

182 1151 590 1218 intercipiunt*).
659 1151 861 1199 luterim
897 1149 1078 1197 chorus
1116 1148 1384 1195 clamorem
1421 1145 1554 1194 tollit
1588 1158 1887 1205 cavenS,2ne

184 1252 284 1301 quo
327 1235 541 1298 strepitu
583 1231 711 1280 foris
755 1230 923 1279 audito
971 1230 1103 1277 cives
1138 1228 1200 1275 ad
1235 1243 1382 1290 opem
1417 1226 1676 1273 ferendam
1712 1239 1887 1281 accur-

182 1322 325 1374 rant,
371 1315 532 1363 donec
578 1316 718 1360 certo
764 1309 957 1358 sublata
1006 1310 1072 1356 sit
1117 1307 1298 1355 mulier
1345 1305 1643 1370 perniciosa.
1723 1304 1889 1356 Huius

181 1395 336 1460 igitur
368 1409 506 1443 mors
550 1407 614 1440 ne
651 1389 768 1454 quid
804 1388 1135 1448 miserationis
1170 1392 1426 1448 moveret,
1472 1386 1562 1434 sed
1598 1402 1715 1435 cum
1747 1384 1893 1435 laeti,-

180 1475 254 1523 tin
299 1474 360 1521 ab
410 1473 640 1522 omnibus
676 1471 1021 1535 exciperetur,
1075 1469 1292 1517 enarrari
1337 1483 1446 1516 eam
1496 1467 1622 1515 fecit
1655 1474 1827 1516 noster
1860 1483 1891 1516 a

183 1554 388 1619 Phryge
419 1554 660 1617 spadone,
697 1551 839 1599 cuius
875 1551 1093 1598 lamenta
1127 1550 1238 1612 ipsa
1258 1548 1513 1597 hilaritate
1534 1547 1746 1600 afficere
1773 1563 1890 1612 spe-

185 1641 403 1684 ctatores
449 1637 671 1697 possent.
743 1631 842 1678 lam
897 1629 1030 1678 enim
1073 1628 1208 1676 facta
1250 1645 1418 1676 rerum
1455 1629 1780 1678 conversione
1811 1628 1891 1678 fe-

187 1716 315 1765 stiva
359 1714 504 1762 seriis
539 1718 678 1760 recte
721 1712 1084 1759 immiscentur.
1153 1709 1413 1758 Gloriatur
1446 1709 1597 1758 homo
1630 1709 1890 1773 fugiendo,

186 1810 335 1860 quam
372 1794 657 1857 pugnando,
690 1792 855 1855 aptior
888 1807 944 1839 se
978 1790 1277 1855 pernicitate
1314 1790 1533 1839 Asiatica
1569 1788 1894 1854 (βαρβάροις

187 1871 492 1939 εὐμαρίσιν)
538 1879 749 1922 mortem
785 1870 1043 1934 effugisse:
1080 1871 1267 1919 etenim
1302 1886 1366 1918 ex
1399 1870 1558 1929 cella,
1593 1872 1646 1920 in
1683 1858 1780 1937 qua
1803 1873 1891 1925 *in-

188 1958 357 2005 clusus
391 1955 602 2014 fuisset,
646 1954 696 2001 in
730 1958 920 2001 tectum
957 1952 1248 2000 escendisse
1283 1957 1431 2014 atque
1466 1952 1583 2001 inde
1618 1969 1773 2017 super
1806 1970 1892 2004 ce..

189 2037 332 2086 drina
376 2035 598 2102 pastadis
645 2033 897 2082 lacunaria
932 2047 1185 2096 superque
1218 2032 1499 2096 triglyphos
1537 2034 1746 2094 Doricos
1782 2034 1892 2097 (κε-

193 2114 370 2181 δρωτὰ
402 2114 692 2168 παστάδων
723 2109 857 2176 ὑπὲρ
891 2109 1118 2193 τέρεαψ
1160 2111 1415 2177 Δωρικάς
1448 2129 1504 2163 τε
1536 2114 1893 2180 τριγλύφους)

192 2199 452 2248 sublimem
505 2194 782 2261 (φροῦδα,
845 2210 991 2258 φρου
1030 2211 1088 2257 oc,
1147 2197 1243 2258 γᾶ,
1303 2193 1397 2259 γᾶ)
1446 2196 1496 2244 ἰη
1542 2197 1705 2246 aulam
1757 2198 1892 2247 desi-

188 2276 460 2343 luisse**).
555 2278 682 2325 Erat
726 2274 930 2334 παστοῖς
955 2276 1030 2348 κί.
1068 2292 1111 2324 e.
1158 2275 1458 2341 παραστάς)
1505 2278 1613 2329 sive
1654 2277 1894 2342 προστάς

192 2358 511 2424 peristylium
546 2359 676 2407 inter
706 2358 867 2406 aulam
904 2361 957 2404 et
992 2359 1342 2420 gynaeconitin
1376 2359 1614 2420 medium,
1652 2378 1681 2409 a
1716 2361 1894 2413 dextra

191 2444 247 2489 et
264 2439 467 2488 sinistra
488 2440 710 2488 iunctum
736 2439 953 2486 thalamo
979 2447 1130 2501 atque
1156 2439 1575 2502 amphithalam03
1604 2441 1671 2493 cf.
1696 2441 1890 2493 Vitruv.

193 2516 281 2578 Vl,
317 2521 398 2571 10.
467 2519 675 2568 Beckeri
700 2519 909 2568 Charicl.
938 2518 999 2568 T.
1026 2517 1059 2564 l.
1093 2536 1139 2583 p.
1170 2521 1283 2566 175.
1336 2519 1635 2569 Schneideri
1669 2523 1766 2571 lex.
1800 2522 1890 2574 Gr.

193 2615 237 2650 s.
271 2615 319 2651 V.
355 2597 571 2658 παστοῖς.
642 2599 719 2648 Ex
755 2598 866 2648 aula
900 2606 1062 2647 autem
1094 2616 1186 2661 per
1218 2601 1527 2664 θυρωρεῖον
1557 2602 1694 2651 foras
1724 2605 1893 2667 prodi-

194 2687 303 2731 erat
357 2696 561 2741 servus,
615 2681 758 2730 ianua
802 2695 901 2727 non
948 2680 1204 2727 obserata:
1263 2697 1378 2730 nam
1425 2683 1510 2745 qui
1555 2700 1618 2732 ne
1654 2684 1892 2750 Cyclopis

193 2761 397 2825 quidem
447 2770 641 2813 antrum
689 2761 852 2810 claudi
899 2758 1023 2808 fecit
1069 2760 1366 2823 Euripides,
1415 2778 1528 2812 cum
1564 2765 1722 2815 oculis
1755 2767 1891 2817 hune

250 2918 302 2973 ⁹⁵)
340 2917 443 2960 Una
480 2931 581 2959 cum
623 2916 873 2959 Hermiona
911 2913 1094 2958 Electra
1132 2930 1306 2971 quoque
1350 2917 1532 2969 introit3
1571 2933 1678 2962 mox
1716 2926 1894 2966 mutata

338 3002 530 3044 persona
574 2987 691 3030 idem
719 2987 879 3029 histrio
910 2988 1110 3043 Phrygis
1138 2988 1256 3030 servi
1288 2995 1437 3043 partes
1467 3003 1607 3046 agens
1637 2992 1684 3034 in
1711 3007 1895 3036 scenam

337 3060 591 3101 revertitur.
662 3058 915 3100 Secundum
963 3066 1164 3100 actorem
1215 3059 1399 3101 canticis
1442 3061 1712 3105 destinatum
1753 3064 1894 3108 fuisse

337 3135 508 3186 putato,
539 3128 675 3184 primi
700 3135 852 3172 autem
874 3134 985 3182 erat,
1015 3134 1065 3171 ut
1085 3130 1310 3172 Strattidis
1331 3131 1483 3173 verbis
1505 3138 1621 3189 utar,
1651 3131 1710 3177 τὰ
1731 3137 1895 3192 πρῶτα

337 3202 431 3243 τῶν
463 3199 585 3243 ἐπῶν
617 3199 773 3254 λέγειν.

225 3273 301 3329 ssss)
339 3273 493 3315 Schol.
523 3287 565 3313 v.
598 3270 734 3312 1357:
767 3272 914 3314 ταῦτα
945 3267 1090 3322 οὕτως
1122 3271 1261 3327 φησὶν
1293 3270 1354 3322 ὥς
1381 3271 1781 3329 ὑπερπεπηδηκώς
1798 3277 1894 3320 τῶν

338 3343 425 3387 ἔσω
458 3339 583 3391 τινὸς
614 3342 778 3384 οἴκων·
809 3340 1123 3386 παστάδων
1163 3339 1250 3400 γὰρ
1291 3346 1384 3386 τῶν
1426 3342 1670 3398 θαλάμων.
1730 3347 1894 3390 Verum

336 3415 515 3457 viderat
542 3414 635 3455 iam
667 3413 922 3455 Barnesius.
980 3414 1084 3456 Alia
1113 3415 1406 3472 Musgravius
1439 3430 1621 3458 sensum
1650 3417 1894 3460 verborum

344 3485 647 3541 detorquendo
677 3485 843 3529 elicere
872 3490 1056 3528 conatus
1086 3490 1164 3528 est.
