2124 3860
1120 278 1241 334 294
1263 232 1266 235 Ἴ

364 426 468 476 sola
515 423 779 486 Euripides
825 423 993 486 arguit.
1072 422 1326 472 Eiusmodi
1373 425 1519 473 rebus
1569 441 1737 474 omues
1780 425 2014 489 Aeschyli

362 504 558 553 fabulae
601 500 816 550 refertae
850 508 990 563 sunt,
1036 509 1091 551 ut
1135 517 1227 550 non
1263 503 1420 551 solum
1456 510 1757 567 spectatores
1791 504 2013 569 stupefa-

362 599 477 632 cere
522 597 686 630 rerum
745 582 1099 631 horrendarum
1150 583 1405 639 vastitate,
1465 581 1553 631 sed
1601 588 1801 647 stupere
1844 600 2016 633 revera

362 661 510 711 etiam
557 661 665 725 ipse
711 661 950 709 videatur.
1019 662 1200 709 Contra
1236 660 1499 724 Euripides
1546 677 1640 709 non
1675 667 1864 712 tautum
1901 663 2016 712 sub-

360 739 639 797 tilissimuS‚
689 739 776 788 sed
823 741 971 788 etiam
1017 741 1418 804 diligentissimus
1454 741 1749 804 scriptorum
1782 741 2019 804 multique

361 819 539 868 laboris
575 826 694 867 erat.
760 819 903 881 Quod
934 820 1173 868 intellexit
1199 820 1284 867 Dio
1312 820 1710 884 chrysostomus,
1745 819 1866 866 nihil
1889 820 2019 884 apud

361 915 474 948 eum
506 899 780 962 neglectum
818 915 929 946 esse
964 899 1130 947 dicens
1178 896 1358 962 (οὐδὲν
1391 900 1514 963 παρ’
1551 898 1692 967 αὐτῷ
1726 898 2020 963 παρημελη-

362 974 565 1040 μένον).
605 966 704 1025 Ἀο
749 979 812 1026 de
858 978 1193 1027 lucubratione
1227 996 1312 1028 sua
1347 980 1609 1044 Euripides
1642 980 1752 1044 ipse
1785 978 2022 1043 gloriatus

363 1072 477 1106 esse
509 1057 730 1106 traditur.
787 1057 909 1105 Nam
946 1074 1091 1122 quum
1126 1060 1253 1122 apud
1282 1059 1606 1120 Alcestorem,
1640 1058 1874 1123 tragicum
1906 1072 2022 1121 poe·

362 1140 480 1193 tam,
516 1142 824 1198 quereretur,
858 1138 987 1199 quod
1025 1153 1082 1185 eo
1117 1139 1275 1186 triduo
1311 1154 1404 1187 non
1439 1138 1566 1185 ultra
1601 1145 1704 1186 tres
1733 1152 1901 1185 versus
1935 1152 2023 1201 po-

364 1215 544 1264 tuisset
562 1216 788 1262 *maximo
828 1216 1047 1279 impenso
1085 1217 1249 1266 labore
1272 1219 1533 1278 deducere,
1570 1222 1716 1278 atque
1742 1215 1786 1262 is
1821 1231 1876 1263 se
1910 1231 2023 1264 cen·

364 1300 466 1343 tum
493 1294 725 1359 perfacile
752 1296 1009 1358 scripsisse
1034 1297 1356 1358 gloriaretur:
1391 1297 1524 1356 „Sed
1557 1291 1703 1353 hoc,”
1727 1293 1898 1356 inquit,
1917 1295 2022 1354 „in-

365 1378 540 1431 terest,
575 1373 702 1436 quod
740 1376 809 1421 tui
844 1375 890 1421 in
913 1374 1124 1422 triduum
1152 1374 1504 1430 tantummodo,
1540 1374 1636 1420 mei
1665 1389 1778 1420 vero
1803 1373 1854 1421 in
1882 1389 2025 1422 omne

364 1457 564 1515 tempus
599 1450 898 1500 sufficient.’'
966 1452 1172 1499 Subiicit
1209 1452 1432 1501 Valerius
1469 1452 1742 1507 Maximus,
1784 1452 1868 1513 qui
1901 1451 2025 1501 haec

366 1531 631 1580 memoriae
666 1531 880 1592 prodidit
914 1528 1018 1590 (ΙΙΙ,
1047 1532 1091 1576 7.
1121 1535 1216 1580 ext.
1241 1530 1340 1594 1.),
1386 1532 1584 1580 alterius
1618 1530 1819 1579 fecundi
1850 1547 2021 1580 cursus

367 1610 548 1673 scripta
596 1609 719 1656 intra
764 1609 945 1672 primas
991 1610 1254 1658 memoriae
1300 1616 1456 1658 metas
1501 1611 1771 1669 corruisse,
1822 1610 2023 1659 alterius

369 1694 631 1739 cunctante
679 1687 794 1735 stilo
844 1687 1179 1736 elucubratum
1225 1705 1348 1752 opus
1395 1706 1482 1753 per
1516 1705 1659 1738 omne
1693 1688 1797 1737 aevi
1829 1693 2026 1754 tempus

368 1768 527 1834 plenis
561 1768 744 1830 gloriae
776 1767 895 1814 velis
927 1767 1064 1815 ferri.
1115 1767 1305 1816 Eodem
1339 1768 1548 1816 redeunt
1583 1768 1816 1832 pleraque
1837 1783 2025 1828 eorum,

370 1863 495 1910 quae
528 1847 687 1910 arguit
719 1846 1096 1910 Aristophanes:
1131 1863 1242 1895 nam
1276 1849 1490 1907 varium,
1530 1847 1718 1895 vafrum
1755 1854 2027 1895 versutum-

372 1942 469 1989 que
504 1941 615 1974 esse
652 1925 939 1988 Euripidem
973 1926 1056 1984 ait,
1094 1943 1431 1989 personarum,
1469 1943 1588 1991 quas
1623 1925 1830 1984 effinxit,
1866 1941 2029 1975 mores

371 2005 422 2053 in
457 2006 617 2069 ipsum
651 2005 979 2062 transferens,
1025 2005 1324 2070 Aeschylum
1353 2014 1514 2054 autem
1551 2022 1794 2067 crassum,
1840 2009 2029 2055 vastum

373 2086 825 2148 importunumque,
862 2085 976 2132 item
1011 2084 1148 2132 illum
1183 2086 1491 2148 diligentem,
1534 2093 1747 2143 acutum,
1782 2085 2029 2145 subtilem,

375 2172 627 2226 argutum,
663 2180 823 2227 neque
856 2164 979 2211 haec
1016 2164 1062 2210 in
1097 2166 1367 2213 actionibus
1405 2166 1551 2223 solis,
1592 2180 1765 2211 verum
1798 2163 1947 2211 etiam
1980 2165 2029 2213 in

373 2243 665 2291 carminibus
701 2242 934 2306 conspici.
1002 2242 1170 2305 Itaque
1204 2260 1314 2290 eum
1346 2251 1508 2292 scorto
1544 2232 1738 2289 cuidam
1769 2234 2030 2292 duodecim

374 2323 530 2371 utenti
564 2322 849 2370 concubitus
883 2321 1055 2383 figuris
1089 2321 1300 2369 similem
1335 2337 1444 2369 esse
1479 2317 1606 2384 (ἀνὰ
1639 2318 1696 2369 τὸ
1730 2318 2031 2387 δωδεκαμή-

375 2418 539 2467 χανον
571 2400 823 2466 Κυρήνης
855 2400 1173 2463 μελοποιῶν)
1222 2407 1270 2448 et
1309 2401 1368 2447 ab
1404 2401 1643 2448 universis
1676 2400 2032 2464 meretricibus,

376 2499 405 2531 a
439 2482 598 2530 Mileti
631 2482 825 2540 scoliis,
861 2497 886 2528 a
918 2481 1101 2529 Caricis
1135 2479 1381 2534 tibiciniis,
1418 2480 1616 2538 naeniis,
1653 2479 1846 2527 choreis
1882 2481 2034 2544 petita

376 2562 590 2611 carmina
624 2561 952 2624 congessisse,
998 2560 1217 2621 fecitque
1251 2559 1345 2606 olla
1382 2558 1521 2606 fictili
1554 2575 1642 2621 pro
1679 2558 1782 2621 lyra
1816 2565 2034 2609 utentem

376 2642 440 2690 de
473 2641 790 2704 halcyonibus
823 2639 1168 2702 garrientibus,
1205 2637 1268 2686 de
1301 2639 1491 2685 araneis
1517 2638 1814 2698 texentibus,
1848 2638 2033 2687 de‘del-

377 2719 540 2786 phinis
586 2726 757 2784 argute
801 2719 1147 2775 stridentibus,
1195 2717 1257 2764 de
1301 2718 1447 2782 spiris
1492 2717 1831 2781 pampinorum
1874 2717 2034 2782 deque

378 2801 600 2848 omnibus
647 2800 795 2847 rebus
838 2798 1099 2845 subtilibus
1135 2803 1417 2856 canentem,
1467 2813 1577 2844 cum
1613 2797 1914 2860 Aeschylum
1948 2814 2033 2846 ex-

379 2879 574 2927 hiberet
608 2894 739 2924 arma
775 2887 823 2925 et
857 2881 1102 2931 monstra,
1139 2876 1327 2924 cithara
1362 2882 1601 2940 perpetuo
1636 2876 1943 2925 fastidiosum
1975 2877 2033 2924 il-

382 2958 464 3005 lud
509 2955 908 3022 τοφλαττόθρατ
943 2957 1286 3020 obstrepente,
1323 2965 1622 3020 crepantem.
1691 2956 1903 3017 Quarum
1939 2957 2033 3004 cri-

380 3037 695 3085 minationum
742 3037 864 3085 haec
912 3036 1134 3098 quidem,
1181 3052 1304 3098 quae
1351 3036 1409 3082 ad
1447 3037 1622 3084 choros
1671 3035 1908 3098 pertinet,
1953 3035 2032 3097 iis,

381 3132 503 3180 quae
536 3117 831 3164 Aristoteles
868 3108 1186 3180 in'problem.
1222 3115 1349 3170 xlx,
1385 3117 1462 3163 48.
1499 3115 1714 3181 scripsit,
1749 3114 2032 3177 repellitur:

382 3211 477 3258 quo
522 3194 630 3242 loco
675 3196 822 3243 docet
869 3194 1282 3258 magnificentiora
1329 3196 1535 3242 scenicis
1570 3193 1820 3259 personis,
1867 3199 1922 3241 ut
1953 3210 2033 3241 re-

381 3274 522 3337 gibus
568 3275 644 3321 vel
694 3275 954 3331 heroibus,
1000 3273 1254 3321 familiaria
1303 3281 1464 3322 autem
1512 3274 1687 3331 choro,
1734 3287 1795 3319 ex
1830 3272 2032 3336 plebeiis

384 3352 651 3412 constanti,
705 3355 991 3410 convenire,
1039 3368 1243 3416 eamque
1290 3355 1350 3402 ob
1401 3354 1555 3418 ipsam
1603 3367 1704 3399 rem
1750 3351 2030 3399 subdor-ium

385 3432 582 3494 quidem
632 3438 948 3492 concentum,
995 3438 1047 3480 ut
1091 3433 1399 3495 magnificum
1443 3438 1493 3482 et
1526 3445 1749 3498 gravem,
1794 3428 2032 3480 monodiis
