2170 3866
928 224 1055 287 529

144 375 279 443 regis
310 375 467 427 filiam
500 374 790 426 nominatim
821 375 1071 442 poscenti,
1107 373 1198 425 sed
1233 373 1505 424 ambitione
1540 376 1707 425 motus
1741 389 1858 442 gra-

142 458 263 507 tia’m
299 458 433 524 apud
468 473 590 516 eoS,
625 457 808 522 quibus
841 457 1086 522 imperat,
1145 455 1274 505 inire
1315 455 1472 521 cupit.
1550 454 1858 506 Huiusmodi

144 538 447 588 sacrificium
483 537 601 603 quid
637 537 800 598 aliud,
852 553 999 602 quam
1032 535 1308 586 infaustum
1343 535 1594 598 reditum,
1645 536 1720 597 ei,
1771 534 1860 601 qui

143 617 334 681 obfert,
366 625 629 685 praestare
649 617 860 684 potest?
891 617 986 666 His
1011 617 1167 683 igitur
1194 615 1427 665 lacessita
1455 615 1719 665 maleficiis
1746 631 1859 665 mu-

143 698 254 762 lier,
290 700 394 761 ubi,
429 700 515 748 illo
548 699 600 749 in
633 698 766 749 bello
802 697 1027 757 absente,
1061 696 1167 746 sola
1199 701 1447 762 perpetuo
1479 712 1593 744 cum
1629 696 1767 745 luctu
1803 699 1858 745 et

145 778 362 829 lacrimis
397 778 534 828 domi
569 779 785 842 sederit,
837 794 933 843 qua
967 777 1160 827 ratione
1191 775 1576 826 interfectorem
1611 775 1854 825 reducem

144 865 420 925 exceptura
454 859 550 921 sit,
591 858 742 908 facile
773 857 1082 922 intelligitur.
1151 856 1238 908 Sic
1273 855 1673 921 Clytaemnestra
1708 870 1855 905 caus-

145 955 252 988 sam
288 939 463 989 dicens
498 938 649 989 simul
682 939 852 988 futura
885 937 1157 1004 praedicit,
1205 953 1305 1003 qua
1348 935 1697 1001 praedictione
1731 952 1852 1002 pro-

143 1025 258 1086 pter
290 1035 493 1068 saevum
528 1025 583 1070 et
614 1019 920 1085 flagitiosum
951 1017 1340 1083 Agamemnonis
1373 1017 1566 1066 facinus
1602 1031 1700 1065 non
1733 1032 1856 1082 pos-

144 1115 340 1151 sumus.
366 1099 518 1150 facile
563 1116 750 1150 carere.
821 1099 1254 1164 Clytaemnestrae
1286 1097 1722 1163 exprobrationem
1755 1096 1854 1146 mi-

142 1194 332 1245 nasque
365 1195 547 1245 preces
592 1180 850 1245 excipiunt
881 1179 1184 1246 Iphigeniae.
1249 1178 1341 1240 „Si
1376 1176 1571 1242 Orphei
1604 1177 1724 1225 mihi
1757 1192 1855 1226 vox

144 1265 198 1309 et
229 1260 461 1309 facundia
494 1265 647 1321 esset,
686 1266 743 1308 ut
774 1274 979 1324 possem
1012 1273 1131 1307 saxa
1165 1257 1370 1307 trahere
1405 1257 1652 1306 cantando
1687 1261 1740 1306 et
1775 1257 1854 1306 di-

142 1340 304 1389 cendo
337 1355 659 1404 quoscunque
694 1354 932 1403 cuperem
968 1337 1211 1397 delenire,
1249 1352 1310 1387 eo
1335 1337 1688 1403 confugerem3
1722 1352 1856 1388 nuuc

141 1418 362 1468 lacrimis
398 1424 528 1478 utar,
565 1434 694 1482 quae
729 1418 866 1467 solae
901 1421 1018 1467 sunt
1051 1417 1102 1466 in
1135 1433 1248 1466 mea
1282 1422 1565 1483 potestate3
1601 1433 1695 1484 pro
1730 1433 1854 1484 sup-

140 1498 308 1565 pliciis
342 1506 512 1550 autem
546 1514 730 1565 corpus
764 1515 934 1548 meum
970 1514 999 1546 a
1033 1503 1086 1546 te
1121 1501 1444 1563 procreatum
1494 1498 1704 1562 genibus
1753 1498 1855 1548 tuis

140 1579 420 1645 applicabo.
487 1579 604 1629 Noli
637 1594 719 1627 me
761 1579 981 1643 perdere
1013 1577 1361 1627 immaturam:
1410 1576 1558 1626 dulce
1597 1577 1730 1628 enim
1769 1582 1854 1628 est

141 1660 273 1709 hanc
306 1659 471 1708 lucem
504 1659 723 1720 intueri3
768 1659 868 1707 noli
916 1675 1000 1708 me
1034 1674 1218 1722 cogere
1264 1674 1392 1723 quae
1439 1658 1534 1707 sub
1568 1664 1704 1708 terra
1740 1662 1856 1710 sunt

142 1739 341 1789 videre!
393 1738 560 1788 Prima
607 1754 700 1803 ego
748 1744 800 1788 te
843 1744 1037 1803 patrem
1085 1738 1335 1804 appellavi
1383 1743 1438 1788 et
1469 1743 1526 1788 tu
1559 1755 1643 1788 me
1677 1739 1852 1801 filiam,

143 1820 307 1886 prima
351 1819 449 1868 tuis
493 1819 716 1869 insidens
767 1818 977 1883 genibus
1026 1817 1364 1867 blandimenta
1408 1821 1462 1868 et
1507 1819 1678 1868 oscula
1735 1818 1855 1869 dedi

143 1899 420 1966 accepique
453 1900 691 1949 vicissim.
759 1899 836 1948 Ibi
868 1902 926 1948 tu
959 1900 1187 1963 optabas,
1226 1903 1283 1948 ut
1316 1914 1399 1947 me
1435 1900 1685 1964 quondam
1720 1899 1855 1949 beati

144 1980 349 2030 alicuius
413 1980 504 2029 viri
556 1978 876 2030 matrimonio
934 1979 1137 2028 felicem
1208 1979 1575 2044 florentemque
1634 1980 1854 2040 videres,

143 2076 239 2125 ego
274 2066 471 2119 autem,
519 2066 577 2109 ut
622 2060 717 2110 tibi
764 2061 871 2109 seni
914 2058 1137 2125 hospitio
1186 2059 1442 2124 penatium
1488 2076 1716 2109 meorum
1765 2075 1854 2110 ex-

143 2147 292 2205 cepto
343 2140 566 2190 laborem
612 2140 1032 2189 nutrimentorum
1091 2139 1442 2204 rependerem.
1526 2139 1752 2202 Quorum
1797 2145 1854 2190 tu

142 2219 350 2269 oblitus·
384 2235 468 2269 me
536 2220 612 2268 vis
672 2221 976 2269 interficere.
1067 2219 1211 2280 Noli,
1274 2235 1368 2285 per
1425 2219 1695 2287 Pelopem,
1761 2237 1854 2286 per

142 2301 371 2362 Atreum,
407 2316 499 2365 per
532 2303 747 2350 matrem
780 2299 973 2350 hancce
1007 2300 1236 2363 obsecro,
1273 2300 1414 2349 cuius
1442 2300 1643 2350 dolores
1678 2308 1851 2367 partus

143 2396 243 2430 non
288 2386 404 2430 sunt
451 2379 742 2430 huiusmodi
786 2382 1011 2446 praemio
1058 2380 1426 2431 remunerandi.
1501 2381 1632 2443 Quid
1669 2383 1733 2431 ad
1767 2399 1852 2432 me

143 2459 398 2525 pertinent
436 2459 703 2509 Alexandri
746 2461 993 2525 nuptiae?
1038 2477 1102 2510 an
1147 2467 1354 2526 propter
1400 2460 1628 2510 Helenae
1674 2461 1847 2526 fugam

143 2539 267 2588 mihi
301 2539 611 2604 pereundum
646 2542 763 2590 est?
798 2541 1020 2606 Respice
1040 2557 1139 2604 me,
1174 2541 1356 2605 largire
1380 2542 1674 2607 adspectum
1701 2557 1852 2592 oscu-

144 2619 377 2683 lumque,
423 2627 477 2668 ut
520 2619 619 2670 hoc
663 2622 839 2671 saltem
881 2620 1095 2670 habeam
1140 2621 1384 2670 moritura
1432 2622 1641 2688 pignuS‚
1694 2623 1737 2672 si
1784 2623 1854 2673 nil

145 2699 363 2749 moveris
397 2699 564 2749 verbis
611 2699 792 2752 meiS.”
860 2701 958 2750 His
1006 2700 1157 2751 dictis
1192 2702 1408 2751 necdum
1444 2706 1727 2769 expugnato
1763 2721 1854 2770 pa-

145 2779 236 2829 tris
269 2779 461 2840 animo,
508 2780 719 2831 fratrem
750 2781 995 2853 infantem
1040 2782 1092 2831 in
1127 2781 1363 2832 auxilium
1398 2787 1574 2846 vocat,
1611 2789 1669 2833 ut
1705 2787 1853 2836 ambo

144 2859 362 2910 lacrimis
411 2875 504 2924 pro
552 2861 718 2910 verbis
760 2867 959 2912 utentes
1003 2867 1331 2927 mentumque
1378 2863 1535 2927 patris
1587 2868 1852 2930 tangentes

144 2940 446 3005 supplicent.
514 2940 683 2990 Unum
729 2941 864 2991 addit
897 2944 1133 3005 verbum,
1171 2959 1268 3008 quo
1304 2943 1470 2994 omnia
1505 2945 1851 2995 continentur:

145 3019 327 3084 „Haec
378 3020 462 3070 lux
506 3021 800 3070 mortalibus
845 3023 1089 3090 adspectu
1134 3023 1426 3074 dulcissima
1485 3029 1591 3087 est,
1655 3024 1855 3076 inferna

144 3105 316 3151 autem
364 3117 457 3167 pro
490 3100 645 3150 nihilo
679 3102 1010 3165 aestimanda3
1057 3103 1241 3154 stultus
1287 3109 1368 3154 est
1402 3104 1489 3170 qui
1521 3105 1653 3156 mori
1686 3107 1852 3172 cupit3

147 3181 333 3232 misere
381 3182 551 3231 vivere
598 3187 820 3246 praestat
854 3200 1002 3248 quam
1038 3184 1215 3249 pulcre
1247 3182 1431 3234 mori.'’

247 3262 391 3312 Haec
409 3262 588 3322 oratio,
615 3261 658 3310 si
685 3262 786 3311 ulla
815 3263 928 3326 alia,
947 3264 1237 3314 testimonio
1266 3270 1362 3326 est,
1390 3268 1630 3330 quantum
1654 3264 1856 3315 dicendi

148 3339 377 3392 facultati
405 3340 640 3392 tribuerit
659 3342 942 3408 Euripides,
969 3359 1118 3407 quem
1143 3344 1324 3394 merito
1348 3344 1474 3396 dixit
1487 3344 1853 3407 quinctilianus

149 3421 355 3552 cussbtit
387 3438 581 3486 eorum,
617 3421 701 3487 qui
734 3421 951 3475 fuissent
982 3425 1036 3476 in
1067 3424 1183 3475 foro
1217 3424 1428 3486 diserti,
1463 3424 1852 3491 comparandum

264 3538 278 3552 .
333 3502 370 3552 1.
1453 3506 1520 3554 34
