2170 3848
1163 261 1287 322 15⁰

368 409 513 474 Quod
559 407 654 456 nisi
700 406 952 473 Iphigenia
996 408 1223 473 a·patria
1271 410 1514 473 domoque
1547 415 1748 475 paterna
1781 413 1854 473 sic
1891 419 2028 464 esset

369 494 588 546 remota,
634 492 689 536 ut
721 503 784 535 ne
817 489 1015 537 nuntius
1052 489 1251 551 quidem
1300 489 1360 537 ad
1396 505 1503 538 eam
1538 492 1635 540 ullo
1668 492 1814 542 modo
1849 511 2031 559 perve-

369 569 475 616 nire
508 572 697 631 posset,
734 583 828 615 non
856 560 1000 616 'esset
1035 574 1213 631 poetae
1248 578 1454 617 neeesse
1488 568 1547 615 ad
1590 573 1890 622 somniorum
1925 574 2030 622 visa

369 646 653 711 confugere.
724 646 957 695 Ceterum
993 647 1292 696 somniorum
1329 663 1355 694 a
1391 648 1502 708 diis,
1537 649 1587 696 id
1615 650 1751 712 quod
1780 651 1924 702 facile
1955 659 2034 702 est

366 725 638 787 intellectu,
674 727 936 775 missorum
973 741 1068 774 non
1103 726 1254 775 levior
1287 727 1413 775 fides
1450 743 1594 790 quam
1629 729 1908 779 nuntiorum
1938 727 2034 792 est,

366 810 423 854 ut
455 810 592 855 recte
627 806 903 870 Iphigenia,
938 811 1166 869 tanquam
1200 822 1256 855 re
1293 807 1575 871 explorata,
1613 813 1664 856 et
1698 808 1902 858 inferias
1933 809 2035 859 fra-

367 885 432 933 tri
481 885 714 935 defuncto
764 883 959 933 obserat
1007 890 1057 932 et
1092 884 1317 933 funditus
1350 886 1449 933 iam
1483 892 1680 950 gentem
1717 900 1852 937 suam
1887 888 2037 940 inter-

366 964 468 1012 isse
503 964 701 1013 credat:
747 980 858 1013 nam
894 964 1023 1028 quod
1050 969 1180 1011 errat
1205 965 1255 1014 in
1292 965 1661 1028 interpretando
1690 958 1881 1016 somnio
1914 968 2036 1018 iam-

367 1059 463 1106 que
497 1049 742 1092 mortuum
776 1043 978 1091 fratrem
1015 1058 1127 1090 esse
1159 1047 1317 1107 putat,
1353 1045 1432 1107 qui
1467 1045 1516 1093 in
1549 1046 1825 1110 periculum
1849 1051 2036 1097 tantum

365 1124 540 1172 mortis
577 1123 751 1172 adduci
786 1122 1106 1185 significatur,
1143 1123 1191 1170 id
1226 1124 1384 1187 ipsum
1420 1129 1586 1188 aptum
1623 1132 1674 1174 et
1707 1128 2035 1176 necessarium

368 1208 460 1253 est.
529 1203 626 1251 Hic
677 1207 843 1251 autem
896 1218 1034 1250 error
1078 1202 1409 1266 impeditionis
1458 1202 1568 1252 fons
1615 1209 1666 1253 et
1710 1221 1885 1255 caussa
1928 1211 2035 1256 est:

366 1298 479 1331 nam
527 1283 570 1331 si
614 1286 751 1330 reete
787 1283 1024 1330 somnium
1062 1281 1311 1345 lphigenia
1355 1283 1681 1347 interpretata
1718 1290 1885 1348 esset,
1934 1284 2037 1335 fra-

366 1365 492 1410 trem
529 1378 641 1410 esse
673 1361 881 1410 alterum
918 1376 1118 1421 eorum,
1167 1362 1251 1423 qui
1296 1377 1388 1426 pro
1440 1362 1618 1411 hostiis
1653 1363 2034 1425 adducerentur,

364 1442 533 1490 statim
565 1441 905 1490 intellexisset.
974 1439 1146 1502 Neque
1181 1456 1329 1500 vero,
1357 1434 1405 1488 'si
1441 1440 1639 1505 Pyladis
1674 1459 1828 1506 genus
1864 1445 1909 1492 ei
1943 1459 2035 1493 no-

366 1526 468 1570 tum
500 1521 709 1580 fuisset,
759 1520 1047 1584 imprudens
1083 1519 1517 1569 occisurai'uisset
1551 1528 1812 1584 cognatos:
1865 1540 2036 1587 quam-

367 1602 539 1649 obrem
570 1601 706 1648 illum
738 1600 978 1646 minorem
1008 1604 1123 1646 natu
1159 1615 1306 1661 quam
1333 1599 1561 1648 Orestem
1593 1600 1751 1650 fuisse
1776 1607 1827 1651 et
1855 1607 2032 1667 postea

366 1684 532 1728 naturh
569 1695 697 1738 esse,
734 1694 880 1742 quam
915 1677 1167 1741 Iphigenia
1201 1678 1347 1726 domo
1372 1679 1718 1741 abduceretur,
1770 1682 2036 1747 significari

364 1774 571 1808 necesse
615 1757 728 1807 fuit.
799 1756 921 1805 Nam
970 1772 1146 1804 nomen
1193 1759 1387 1821 quidem
1433 1758 1637 1822 Pyladis
1670 1765 1725 1808 ιιι
1760 1759 2026 1819 celaretur,

363 1845 569 1903 propter
597 1839 816 1886 furorem
854 1835 1048 1884 Orestis
1082 1836 1191 1884 fieri
1225 1853 1319 1885 non
1344 1838 1520 1901 potuit.
1588 1837 1759 1887 Mirati
1788 1845 1903 1888 sunt
1925 1840 2035 1904 qui-

364 1907 503 1977 dam,
543 1916 672 1981 quod
707 1932 804 1964 non
839 1915 900 1963 de
935 1920 1075 1979 patre
1108 1917 1287 1978 potius,
1324 1934 1468 1981 quam
1505 1918 1568 1966 de
1605 1916 1759 1967 fratre
1785 1918 2034 1984 Iphigenia

365 1997 657 2059 cogitasset,
705 1996 787 2060 qui
833 1995 992 2042 minus
1041 1995 1314 2044 attendisse
1359 1997 1420 2044 ad
1456 2013 1708 2055 caussam,
1745 2014 1890 2062 quam
1924 1999 2033 2065 ipsa

365 2077 573 2143 profert,
606 2076 860 2124 videntur:

498 2156 675 2206 στῦλοι
711 2153 813 2220 γὰρ
849 2151 1013 2203 οἴκων
1046 2149 1142 2202 εἶσὶ
1175 2151 1355 2213 παῖδες
1388 2154 1614 2219 ἄρσενες.

497 2236 639 2285 Hanc
676 2236 1033 2298 expositionem
1067 2236 1107 2282 si
1143 2235 1226 2297 qui
1260 2235 1405 2282 nimis
1442 2236 1768 2299 importunam
1804 2239 1854 2284 et
1878 2235 2034 2303 magis

364 2321 533 2365 actore
567 2315 761 2379 aliquo,
798 2314 879 2378 qui
916 2329 970 2361 se
1005 2314 1184 2362 actoris
1223 2313 1475 2363 dumtaxat
1510 2330 1712 2363 munere
1747 2313 1883 2379 fungi
1917 2331 2034 2380 pro-
2077 2352 2081 2355 -

363 2397 617 2457 fiteretur‚
672 2410 817 2457 quam
869 2408 1081 2457 persona
1127 2392 1408 2457 Iphigeniae
1460 2394 1652 2457 dignam
1701 2411 1813 2443 esse
1847 2393 2035 2443 iudica-

362 2478 510 2535 bunt,
545 2474 780 2540 permitto
816 2473 905 2533 iis,
950 2478 1007 2520 ut
1040 2477 1191 2520 totam
1228 2473 1466 2522 abiiciunt.
1535 2473 1669 2521 Nihil
1706 2475 1832 2522 enim
1867 2474 2035 2523 demta

364 2571 422 2604 ea
458 2555 661 2602 dramati
697 2553 874 2601 deesse
909 2551 1170 2600 videbunt:
1223 2552 1352 2615 quod
1402 2557 1481 2600 est
1533 2554 1829 2602 documento
1886 2552 2034 2610 Euri-

361 2635 528 2699 pidem
564 2650 659 2682 non
693 2639 900 2698 propter
934 2633 1009 2680 sui
1042 2631 1220 2694 ingenii
1246 2632 1476 2694 inopiam,
1505 2632 1592 2679 sed
1619 2637 1674 2680 ut
1697 2638 2033 2697 spectatorum

362 2714 585 2762 tarditati
619 2717 923 2772 occurreret,
970 2713 1093 2760 haec
1137 2711 1467 2774 praemisisse.
1538 2711 1637 2761 Sed
1670 2710 1923 2777 Iphigenia
1954 2712 2033 2760 his

361 2794 509 2841 rebus
543 2793 780 2856 expositis
817 2793 866 2840 in
902 2793 1100 2840 domum
1142 2790 1290 2847 redit,
1327 2790 1566 2851 famulas,
1590 2792 1765 2855 quibus
1799 2790 2034 2840 adiuvan-

361 2872 494 2921 tibus
530 2872 732 2919 inferias
769 2872 992 2920 oblatura
1027 2875 1132 2929 est,
1167 2870 1379 2918 nondum
1415 2871 1592 2919 adesse
1626 2871 1827 2930 dicens,
1861 2886 2033 2918 revera

361 2956 524 3000 autem
561 2951 721 2998 locum
754 2951 929 3000 datura
964 2942 1207 3013 colloquio
1244 2949 1438 2997 Orestis
1473 2966 1530 2999 ac
1561 2950 1772 3014 Pyladis,
1809 2949 1911 3012 qui,
1945 2965 2032 2997 an-

360 3036 555 3092 tequam
593 3030 724 3093 capti
759 3031 820 3078 ad
855 3029 1147 3094 supplicium
1175 3029 1502 3088 traherentur,
1533 3028 1839 3093 producendi
1866 3033 2033 3077 osten-

361 3109 610 3170 dendique
638 3110 1003 3172 spectatoribus
1033 3106 1247 3166 fuerunt,
1283 3112 1339 3156 ut
1373 3109 1579 3156 invicem
1611 3108 1706 3173 ipsi
1740 3123 1936 3172 quoque
1969 3108 2033 3157 de

361 3188 611 3253 prioribus
646 3191 794 3237 rebus
832 3189 1016 3254 gestis,
1067 3187 1129 3235 de
1180 3203 1357 3235 caussa
1391 3187 1711 3254 navigationis
1747 3187 2032 3236 et-consilio

365 3267 630 3332 imaginem
684 3266 807 3315 deae
864 3266 1117 3316 auferendi
1168 3273 1487 3331 exponerent.
1578 3267 1894 3316 Commodius
1951 3282 2032 3315 res

359 3346 721 3411 procederent,
780 3348 821 3395 si
881 3347 1049 3395 statim
1101 3345 1311 3394 famulas
1357 3348 1606 3411 iphigenia
1652 3351 1850 3410 paratas
1895 3346 2033 3395 inve-

337 3487 339 3489 *
369 3426 545 3484 nisset,
580 3426 821 3489 simulque
855 3427 1015 3491 aptius
1051 3440 1326 3476 sermonem
1361 3442 1472 3477 cum
1508 3428 1588 3477 his
1622 3426 1853 3490 serendo,
1887 3440 2052 3492 quaml
