2170 3848
938 257 1057 317 157

170 415 227 461 ιιι
257 409 386 476 regis
420 407 661 474 imprimis
693 407 905 457 animum
940 407 1161 457 ferocem
1202 418 1351 454 sensu
1392 406 1705 457 humanitatis
1736 406 1829 456 im-

168 490 360 549 buerit,
405 495 463 538 ut
510 489 744 554 populum
792 488 1071 537 universum
1118 485 1358 534 beneficio
1392 487 1600 536 mitioris
1632 486 1830 550 imperii

168 568 427 634 cultusque
460 570 663 618 deorum
701 568 953 617 sanctioris
979 565 1242 615 ornaverit.
1314 564 1494 614 Contra
1524 567 1623 628 illa,
1659 582 1830 615 eversa

167 650 315 698 domo
360 655 562 714 paterna
596 647 909 710 abscissaque
943 661 1032 709 spe
1065 643 1285 705 reditus,
1336 661 1364 692 e
1404 645 1560 710 patria
1592 646 1829 696 radicitus

169 729 453 795 exstirpata,
488 743 581 776 non
615 728 763 776 habet
807 740 932 789 quae
963 730 1226 788 praeterea
1260 723 1456 788 diligat,
1508 740 1632 788 quae
1666 724 1830 774 studio

169 814 317 872 atque
349 824 518 858 amore
549 807 898 871 amplectatur,
948 819 1191 868 quamque
1224 807 1362 852 antea
1397 805 1630 868 pietatem
1665 821 1694 853 a
1727 806 1830 854 suis

170 887 231 936 ad
267 889 449 936 alienos
483 884 835 945 transferebat,
872 899 929 932 ea
964 889 1110 932 exuta
1145 889 1252 945 est,
1288 883 1480 932 amissis
1514 884 1592 944 iis,
1626 884 1674 932 in
1708 900 1831 948 quo-

170 983 278 1016 rum
322 966 522 1015 caritate
567 964 774 1029 vigebat.
857 963 1086 1026 Quamvis
1133 963 1289 1012 aliena
1337 964 1398 1012 sit
1445 980 1474 1011 a
1518 964 1831 1027 crudelitate,

169 1060 265 1094 non
299 1048 376 1093 est
406 1044 560 1093 aliena
593 1044 654 1091 ab
691 1043 955 1092 ulciscendi
1001 1043 1257 1107 cupidine,
1308 1059 1455 1106 quum
1489 1045 1833 1099 recordatione

168 1140 354 1184 eorum,
388 1139 511 1187 quae
544 1123 652 1188 ipsa
685 1139 830 1188 passa
866 1129 959 1183 est,
993 1123 1334 1171 misericordia
1370 1139 1483 1187 erga
1519 1139 1624 1184 eoS,
1658 1125 1832 1186 quibus

166 1204 301 1252 idem
318 1203 599 1268 patiendum
620 1211 713 1260 est,
731 1204 986 1252 minuatur.
1020 1203 1160 1251 Haec
1173 1202 1342 1251 dicens
1366 1219 1514 1266 quum
1528 1203 1745 1252 terminis
1757 1203 1833 1252 in-

165 1282 468 1348 telligentiae
485 1281 787 1332 Graecorum
815 1283 1030 1346 angustis
1058 1282 1351 1344 includatur,
1381 1289 1484 1332 tum
1507 1299 1695 1344 rursus,
1717 1282 1834 1332 vitia

165 1362 419 1412 hominum
454 1363 548 1411 diis
582 1363 811 1426 imputari
846 1378 1169 1427 conquerenS‚
1204 1362 1410 1411 eandem
1435 1370 1652 1428 superat.
1720 1361 1832 1410 Ma-

167 1441 228 1490 lis
275 1442 427 1504 igitur
471 1444 760 1491 exacerbata
808 1444 1037 1506 omnique
1071 1444 1252 1507 pietate
1285 1459 1434 1491 vacua
1469 1447 1549 1491 est
1582 1442 1834 1507 Iphigenia

169 1537 230 1569 eo
274 1512 384 1586 ipso
429 1527 677 1588 tempore,
725 1538 821 1587 quo
856 1523 1140 1571 immolandi
1176 1522 1485 1573 adducuntur
1516 1523 1582 1581 ii,
1634 1524 1833 1586 quibus-

169 1617 278 1651 cum
315 1603 692 1651 necessitudinis
728 1603 935 1651 vinculis
970 1603 1261 1652 arctissimis
1299 1603 1554 1651 coniuncta
1589 1609 1690 1662 est;
1739 1603 1833 1651 ho-

169 1688 273 1730 stes
307 1682 400 1730 sibi
433 1682 742 1732 ulciscendos
776 1684 826 1732 in
860 1699 1031 1732 manus
1066 1683 1173 1730 dari
1205 1688 1376 1746 putat,
1426 1698 1535 1752 cum
1581 1682 1835 1730 tradantur

170 1760 326 1810 frater
370 1768 520 1826 atque
565 1762 756 1824 affinis,
806 1778 924 1811 suae
969 1763 1158 1825 gentis,
1199 1778 1343 1825 quam
1378 1762 1572 1825 penitus
1605 1761 1835 1810 interisse

169 1845 326 1905 putat,
360 1842 538 1890 unicae
572 1843 836 1906 reliquiae3
872 1843 1043 1891 dolore
1077 1842 1297 1902 efferata,
1334 1841 1463 1905 quod
1496 1841 1709 1892 deletam
1744 1841 1833 1890 do-

170 1936 305 1968 mum
339 1927 588 1984 paternam
623 1928 791 1987 putat,
841 1923 1087 1971 columina
1132 1923 1237 1970 eius
1278 1921 1432 1970 inscia
1464 1922 1571 1986 ipsa
1605 1937 1835 1970 eversura

171 2006 263 2050 est.
332 2000 470 2062 Quae
502 2017 666 2049 rerum
704 2002 919 2050 conditio
945 2017 1061 2049 vere
1089 2002 1274 2066 tragica
1295 1996 1426 2050 nullo
1451 2001 1662 2050 artificio
1683 2017 1833 2066 quae-

171 2080 280 2140 sita,
318 2079 405 2127 sed
441 2095 503 2128 ex
539 2095 713 2129 caussa
747 2082 1024 2129 necessario
1058 2087 1167 2130 nata
1204 2087 1294 2130 est.

295 2158 626 2222 Interponitur
670 2160 809 2210 chori
842 2177 1039 2210 carmen
1074 2162 1221 2211 rebus
1242 2196 1254 2218 ‚
1309 2177 1434 2225 quae
1468 2165 1707 2225 aguntur,
1750 2177 1832 2210 ac-

169 2239 688 2288 commodatissimum.
755 2240 822 2290 Et
864 2242 1076 2305 primum
1124 2241 1320 2306 quidem
1357 2241 1486 2289 scire
1522 2241 1726 2306 cupiunt
1756 2241 1833 2290 fe·

166 2319 343 2379 minae,
378 2319 576 2383 quinam
614 2320 915 2371 Graecorum
951 2328 1003 2371 et
1036 2338 1097 2371 ex
1132 2337 1339 2385 quanam
1389 2321 1584 2370 civitate
1617 2321 1834 2385 profecti

165 2397 350 2448 fretum
384 2399 673 2449 traiecerint
706 2402 960 2462 horribile,
995 2403 1126 2467 quod
1163 2406 1277 2450 ante
1312 2400 1478 2450 Ionem
1514 2401 1681 2449 furore
1716 2417 1831 2466 per-

166 2477 315 2527 citam
346 2494 491 2527 nemo
523 2484 727 2545 tangere
758 2497 903 2530 ausus
937 2483 1018 2543 sit,
1053 2482 1247 2545 quinam
1281 2482 1407 2529 vecti
1443 2482 1542 2529 sint
1574 2482 1621 2529 in
1647 2487 1833 2530 terram

164 2558 530 2623 inhospitalem,
564 2560 647 2608 ubi
674 2562 884 2611 humano
908 2563 1141 2624 sanguine
1168 2577 1282 2609 arae
1308 2559 1490 2609 Dianae
1516 2566 1830 2626 spargantur:

165 2653 228 2686 an
263 2643 588 2701 mercatores,
639 2641 746 2690 auri
781 2657 929 2691 caeca
962 2642 1193 2709 cupidine
1238 2640 1398 2700 ducti,
1448 2640 1713 2689 temerario
1747 2656 1833 2690 co-

164 2722 282 2767 natu
331 2733 423 2782 per
471 2733 616 2767 saeva
650 2722 802 2770 maria
853 2723 901 2770 in
934 2728 1093 2771 terras
1127 2721 1483 2769 remotissimas
1517 2721 1624 2768 navi
1660 2720 1834 2769 adacta

167 2796 318 2846 delati
353 2797 450 2845 sint
485 2813 574 2859 eo,
622 2800 708 2848 ubi
742 2801 978 2850 frustrata
1023 2818 1113 2867 spe
1147 2817 1238 2865 pro
1273 2800 1453 2849 divitiis
1489 2806 1698 2848 mortem
1733 2800 1834 2849 sint

165 2876 407 2941 adepturi.
476 2876 664 2927 Deinde
698 2881 921 2944 miratur,
958 2881 1086 2946 quod
1111 2881 1365 2945 potuerint
1387 2887 1488 2928 tam
1521 2879 1675 2928 multa
1703 2886 1832 2929 tam-

165 2972 262 3020 que
295 2957 479 3005 atrocia
511 2957 694 3007 littoris
729 2960 1020 3025 importuosi
1054 2961 1290 3027 pericula,
1325 2960 1480 3009 ventis
1515 2976 1711 3009 cursum
1745 2961 1833 3010 ad-

162 3036 434 3085 iuvantibus
470 3042 522 3085 et
557 3039 933 3091 secundantibus
967 3042 1065 3090 iter
1098 3040 1392 3090 Nereidibus
1409 3036 1477 3103 *)‚
1511 3039 1727 3089 feliciter
1762 3040 1833 3089 vi-

162 3120 286 3165 tare.
354 3115 578 3180 Denique
624 3124 791 3183 optat,
841 3125 899 3170 ut
944 3126 1029 3171 aut
1060 3120 1253 3170 Helena
1305 3121 1356 3169 in
1399 3136 1572 3170 manus
1607 3119 1832 3170 dominae

219 3312 266 3366 ²⁸)
294 3313 592 3357 {lemannus
618 3313 819 3358 inutilem
856 3317 1097 3359 verborum
1137 3316 1370 3372 strepitum
1409 3316 1473 3359 ait
1511 3317 1731 3358 continere
1761 3328 1831 3369 ea,

301 3396 415 3437 quae
446 3385 501 3426 de
541 3383 806 3428 Nereidibus
842 3386 1116 3444 inserantur,
1157 3401 1333 3443 semper
1360 3387 1688 3443 reprehendens
1718 3399 1830 3440 quae

301 3466 387 3496 non
412 3452 637 3511 intelligit.
