2124 3860
926 283 1044 339 341

159 448 267 481 rum
302 429 542 496 pellibuS‚
581 430 769 479 hedera
802 432 1076 494 thyrsoque
1111 433 1283 477 ornata
1318 429 1674 491 baccharetur,
1710 430 1843 479 domi

160 527 217 560 se
261 517 436 560 tenens
470 527 562 574 per
597 509 753 558 festos
789 510 971 558 Bacchi
1007 508 1135 569 dies,
1180 510 1366 569 tibiam,
1402 526 1497 573 qua
1533 511 1592 558 ad
1628 511 1846 574 tripudia

158 591 376 640 feminae
410 591 698 648 incitantur,
747 589 1045 638 combussit:
1089 590 1223 652 quod
1268 589 1457 638 faciens
1488 589 1693 638 deorum
1729 606 1842 638 sua-

156 671 429 731 vissimum,
465 687 560 734 quo
596 671 658 718 ad
693 669 989 718 hilaritatem
1025 684 1087 716 ex
1121 670 1372 716 moestitia
1407 669 1578 716 afflicti
1603 685 1844 717 revocan-

157 756 256 809 tur,
291 767 383 815 per
418 766 560 813 quem
586 748 831 813 quondam
859 748 1005 796 Idaea
1028 753 1187 796 mater
1215 749 1323 812 ipsa
1348 754 1570 797 recreata
1596 749 1843 812 simulque

156 830 318 879 fames
355 846 412 879 ac
446 829 727 894 pestilentia
761 845 789 876 a
823 828 1113 877 mortalibus
1161 828 1368 893 depulsa
1404 834 1509 890 est,
1546 828 1842 893 repudiavit.

158 908 369 958 Tantum
413 909 565 974 igitur
610 909 778 969 abest,
827 916 884 957 ut
929 925 1020 973 pro
1064 908 1345 957 intercalari
1392 905 1707 973 (ἐμβολίμῳ)
1758 913 1845 958 aut

157 989 317 1038 alieno
352 989 449 1038 hoc
484 1005 681 1038 carmen
717 989 994 1037 habendum
1031 989 1123 1050 sit,
1171 994 1230 1037 ut
1274 989 1353 1037 vix
1399 989 1555 1038 ullum
1602 989 1693 1037 ulli
1727 988 1842 1037 dra-

156 1069 273 1118 mati
319 1069 477 1134 magis
523 1070 858 1117 necessarium
907 1085 1022 1118 esse
1070 1070 1309 1118 videatur.
1378 1068 1640 1133 imaginem
1676 1073 1842 1118 autem

157 1149 377 1199 continet
401 1150 563 1197 verbis
591 1150 859 1213 depictam,
884 1165 980 1212 qua
1003 1149 1336 1198 venustiorem
1363 1149 1511 1198 ullam
1541 1165 1602 1198 ex
1631 1149 1842 1212 antiqui-

155 1233 259 1277 tate
294 1236 539 1277 servatam
575 1245 688 1277 esse
724 1235 869 1292 negat
895 1229 1202 1291 Wielandus,
1239 1229 1454 1294 dignam,
1492 1244 1636 1291 quam
1661 1227 1842 1276 summi

154 1309 387 1368 artifices,
423 1309 505 1370 qui
532 1308 797 1371 Raphaelis
834 1309 910 1356 vel
938 1308 1196 1357 Michaelis
1231 1307 1407 1370 Angeli
1431 1308 1631 1356 laudem
1665 1322 1843 1356 aemu-

152 1387 334 1448 lentur,
383 1387 643 1451 magnifica
675 1387 840 1451 aliqua
875 1394 926 1436 et
961 1376 1162 1453 copiosa
1196 1388 1464 1453 figurarum
1499 1387 1842 1452 complexione

154 1467 423 1517 imitentur.

284 1546 435 1595 Redit
481 1563 542 1596 ex
590 1548 798 1597 aedibus
850 1548 1043 1597 Helena
1093 1552 1143 1596 et
1179 1547 1342 1596 omnia
1376 1546 1592 1595 feliciter
1626 1547 1842 1598 cessisse

153 1626 397 1676 declarat:
463 1628 678 1676 adiutam
725 1645 753 1676 a
797 1627 1038 1676 Theonoe
1086 1627 1312 1676 fraudem
1357 1643 1502 1689 esse,
1558 1626 1841 1676 Menelaum

155 1707 355 1771 optimis
404 1707 682 1771 quibusque
725 1708 872 1755 armis
906 1708 1147 1771 arreptis,
1193 1708 1384 1756 scilicet
1429 1723 1521 1771 pro
1554 1706 1745 1755 inferiis
1777 1707 1840 1755 ad

155 1802 292 1834 mare
326 1786 636 1846 delaturum,
685 1803 864 1851 corpus
899 1788 1219 1845 instruxisse,
1269 1792 1324 1835 ut
1365 1787 1444 1835 vel
1478 1787 1692 1835 maximo
1725 1787 1841 1835 bar-

153 1867 387 1915 barorum
423 1881 629 1914 numero
662 1868 885 1914 manibus
922 1869 1163 1916 consertis
1198 1883 1287 1932 par
1321 1882 1434 1915 esse
1467 1867 1656 1931 possit3
1694 1866 1838 1914 simul

154 1961 267 1994 eum
316 1951 368 1994 et
413 1946 605 1993 lavacro
640 1951 691 1995 et
724 1947 864 1994 novis
898 1949 1116 1996 vestibus
1151 1963 1238 1995 sua
1274 1963 1418 1995 manu
1453 1951 1676 1994 ornatum
1711 1961 1839 1994 esse.

155 2026 321 2074 Unum
355 2031 573 2085 restare,
608 2031 663 2074 ut
696 2026 911 2075 famulae
944 2027 1141 2075 silentio
1176 2026 1377 2075 consilia
1410 2026 1665 2085 adiuvent,
1704 2025 1839 2074 salu-

153 2110 286 2164 tem,
323 2105 367 2152 si
412 2105 522 2153 fieri
556 2107 740 2170 possit,
783 2107 968 2156 silentii
1005 2107 1247 2171 quondam
1281 2107 1495 2171 pretium
1529 2109 1840 2170 accepturae.

152 2184 223 2233 Ibi
256 2200 434 2233 novum
468 2185 682 2234 infertur
714 2187 1142 2251 impedimentum,
1176 2202 1295 2249 rege
1321 2186 1579 2244 Helenam,
1615 2185 1745 2248 quod
1772 2186 1839 2232 ti-

151 2270 273 2324 met,
291 2279 355 2312 ne
378 2265 428 2311 in
451 2264 608 2311 undas
627 2281 807 2328 corpus
835 2267 1081 2328 proiiciat,
1105 2282 1362 2314 remanere
1383 2266 1612 2314 iubente:
1632 2264 1839 2312 nimium

152 2345 287 2392 enim
332 2343 556 2392 defuncti
600 2343 902 2393 desiderium
937 2346 1248 2394 vehementia
1281 2346 1443 2393 luctus
1479 2345 1731 2393 declarare
1764 2344 1836 2391 vi-

153 2424 332 2484 detur,
380 2424 556 2486 quibus
590 2424 806 2472 lacrimis
843 2430 894 2473 et
927 2431 1134 2490 augetur
1167 2431 1402 2474 venustas
1437 2426 1544 2473 eius
1578 2429 1630 2472 et
1661 2438 1838 2472 acceu-

154 2503 292 2552 ditur
339 2519 477 2551 amor
524 2502 683 2566 regis,
730 2510 786 2552 ut
831 2505 915 2553 hic
947 2506 1210 2570 impatiens
1245 2520 1412 2553 morae
1445 2505 1695 2553 deducere
1729 2519 1839 2550 eam

155 2583 268 2646 ipse
313 2582 376 2630 ad
422 2597 593 2630 navem
639 2587 691 2632 et
730 2586 990 2649 exsequias
1026 2586 1178 2649 priori
1213 2585 1390 2633 marito
1423 2600 1516 2632 una
1550 2585 1626 2631 ire
1659 2582 1837 2647 cupiat.

157 2663 297 2711 Haec
346 2662 557 2711 declinat
597 2663 791 2713 Helena
837 2681 1029 2714 summa
1078 2665 1373 2725 calliditate,
1419 2664 1569 2712 verba
1615 2663 1699 2711 dat
1732 2662 1837 2725 regi

157 2758 350 2790 summa
372 2742 707 2806 ambiguitate,
733 2745 945 2809 denique
966 2761 1182 2793 amorem
1209 2760 1270 2792 ex
1294 2748 1433 2807 grato
1460 2744 1650 2791 scilicet
1674 2743 1836 2790 animo

156 2827 323 2871 natum
370 2828 422 2870 et
468 2839 495 2870 a
531 2823 694 2886 priore
728 2827 905 2874 marito
940 2825 1000 2872 ad
1035 2825 1173 2873 illum
1209 2839 1499 2871 conversum
1537 2823 1610 2871 sic
1644 2820 1835 2886 signifi-

158 2907 253 2963 cat,
288 2906 344 2950 ut
377 2902 499 2949 nihil
532 2908 694 2952 tamen
729 2906 822 2953 nisi
849 2905 1063 2953 Menelai
1098 2919 1317 2951 amorem
1353 2903 1564 2951 consciis
1597 2902 1833 2950 declaret.

156 2982 334 3046 Neque
370 2981 583 3030 declinat
615 2988 803 3032 tantum
836 2986 1173 3043 incommoda,
1210 2983 1300 3031 sed
1334 2983 1429 3031 alia
1460 2982 1666 3047 insuper
1699 2996 1836 3029 com-

157 3062 304 3111 moda
350 3061 600 3121 lucratur,
649 3067 952 3126 persuadens
986 3065 1117 3127 regi,
1154 3067 1210 3111 ut
1243 3062 1473 3112 Menelao
1510 3062 1713 3126 obedire
1745 3076 1835 3108 re-

158 3142 317 3206 miges
354 3141 535 3191 iubeat.
605 3142 796 3204 Quibus
832 3146 982 3207 actis,
1031 3145 1196 3192 statim
1234 3159 1319 3191 rex
1365 3144 1560 3206 nuptias
1594 3154 1834 3205 apparare

158 3222 326 3282 iubet,
372 3222 579 3270 invitare
613 3223 888 3287 principeS,
934 3225 1111 3273 adesse
1148 3223 1355 3283 choros,
1403 3223 1489 3286 qni
1533 3223 1832 3286 hymenaeos

161 3306 386 3362 cantent3
422 3302 568 3349 simul
602 3300 886 3352 Menelaum
920 3310 1115 3365 monet,
1162 3307 1219 3351 ut
1251 3303 1467 3367 peractis
1502 3300 1652 3351 sacris
1686 3300 1835 3347 redu-

162 3396 277 3431 cere
336 3382 534 3430 domum
593 3381 851 3447 coniugem
897 3400 1034 3434 suam
1084 3400 1146 3433 ne
1194 3387 1468 3434 cunctetur.
1549 3381 1641 3430 His
1688 3378 1836 3428 editis
