2170 3848
1195 246 1276 303 88

404 414 531 464 quae
573 395 632 444 ab
677 393 891 444 Adrasto
938 393 1117 442 edocta
1163 397 1260 440 est.
1326 389 1500 441 Noluit
1531 393 1661 442 enim
1710 409 1774 443 ne
1805 392 1925 444 huic
1958 393 2069 459 qui-

404 479 518 526 dem
552 474 770 523 officium
803 473 1068 538 Euripides
1102 487 1267 520 rerum
1297 472 1700 536 ‚exponendarum
1747 474 1947 523 deferre
1980 489 2070 523 ne-

403 572 498 620 que
518 570 884 620 praeoccupare
918 551 1206 614 orationem,
1244 567 1390 615 quarn
1414 552 1766 616 opportuniore
1786 553 1918 625 idem
1943 557 2071 603 tem-

403 650 527 699 pore
563 650 730 683 coram
763 632 963 682 Theseo
999 632 1223 680 dicturus
1259 636 1350 679 est.
1420 630 1473 680 ln
1506 630 1604 680 hoc
1637 630 1783 694 igitur
1817 636 1952 682 stant
1984 649 2071 682 res

404 714 538 774 loco,
584 729 695 763 cum
729 717 911 761 matres
945 711 1354 771 interfectorum,
1403 711 1466 759 de
1500 714 1678 779 eyentu
1725 711 1924 771 anxiae,
1976 728 2073 777 quo

406 794 587 842 certius
633 793 831 857 reginae
877 793 1087 840 animum
1138 791 1365 851 flectant,
1411 790 1718 855 supplicibus
1767 806 1878 839 cum
1911 792 2073 856 preci-

405 874 498 923 bus
534 875 753 938 genubus
789 872 895 920 eins
929 870 1282 929 advolvuntur,
1319 885 1402 919 ora
1437 869 1653 917 lacrimis
1689 869 1913 935 oppleta,
1962 885 2074 920 cor-

405 967 527 1017 pora
560 951 836 1016 planctibus
869 951 1047 999 laniata
1081 951 1416 1012 ostendentes,
1453 954 1504 998 et
1524 965 1616 1014 per
1635 954 1863 1014 partuum
1889 965 2079 1016 perque

408 1033 590 1080 aetatis
629 1032 1029 1080 communitatem
1064 1031 1394 1090 obtestantur,
1439 1033 1496 1078 ut
1538 1044 1625 1077 sua
1670 1028 1912 1078 felicitate
1943 1029 2077 1094 ipsa-

405 1126 515 1159 rum
565 1110 829 1159 calamitati
872 1110 1127 1161 medeatur
1160 1109 1265 1157 filio
1297 1107 1668 1174 persuadendo,
1712 1113 1768 1157 ut
1811 1108 2077 1158 liberorum

407 1205 608 1239 suorum
652 1206 860 1255 corpora
913 1206 941 1237 a
993 1189 1261 1237 bestiarum
1321 1189 1576 1237 laniatibus
1618 1188 1825 1237 liberata
1866 1193 2080 1238 matrum

407 1274 549 1319 curet
581 1271 805 1329 manibus
841 1286 898 1318 ac
933 1269 1212 1333 sepulturae
1244 1267 1512 1318 reddenda.
1582 1267 1675 1316 His
1717 1271 1927 1316 matrum
1963 1283 2079 1332 pre-

412 1349 553 1398 cibus
602 1350 817 1398 lamenta
878 1349 1203 1414 planctusque
1247 1348 1489 1397 accedunt
1550 1347 1845 1397 famularum
1892 1346 2081 1398 doloris

408 1430 740 1490 consortium,
794 1445 920 1493 quae
968 1434 1020 1476 et
1064 1443 1213 1493 genas
1246 1429 1491 1494 unguibus
1539 1427 1840 1476 cruentando
1874 1431 1927 1476 et
1958 1426 2080 1476 fletu

409 1512 461 1556 et
494 1508 842 1557 lamentatione
874 1507 1065 1556 debitos
1099 1508 1320 1558 manibus
1349 1506 1696 1556 defunctorum
1720 1507 1936 1556 honores
1965 1521 2077 1571 per-

409 1587 620 1638 solvunt,

538 1668 646 1716 Hae
702 1667 1071 1716 lamentantium
1128 1682 1274 1715 voces
1332 1667 1543 1714 animum
1588 1666 1848 1715 advertunt
1891 1664 2083 1715 Thesei

409 1746 471 1795 ad
506 1752 711 1795 matrem
748 1747 829 1794 diu
865 1748 1011 1795 domo
1047 1746 1301 1794 absentem
1340 1745 1604 1795 tendentis.
1672 1746 1785 1807 Qui,
1821 1749 2083 1811 conspecta

410 1825 790 1890 supplicantium
828 1826 989 1875 forma
1023 1832 1075 1875 et
1107 1827 1307 1884 habitu,
1343 1825 1427 1873 ubi
1461 1841 1522 1873 ex
1555 1829 1739 1885 matre,
1774 1826 1968 1890 quinam
2002 1840 2084 1873 es-

412 1911 538 1966 sent,
573 1907 829 1970 coguovit,
866 1921 1092 1953 caussam
1125 1905 1352 1953 veniendi
1388 1920 1449 1952 ex
1483 1903 1696 1953 Adrasto
1730 1904 1841 1969 ipso
1874 1905 2084 1968 quaerit,

412 2001 560 2048 quem
606 1985 745 2033 iubet
794 1985 988 2033 detecto
1037 1984 1197 2047 capite
1248 1991 1301 2032 et
1349 1983 1502 2031 misso
1549 1984 1683 2032 luctu
1735 2000 1840 2032 rem
1875 1984 2085 2034 dicendo

411 2064 671 2129 explicare.
741 2065 957 2113 Alternis
1003 2063 1227 2112 versibus
1275 2062 1390 2109 dum
1441 2078 1663 2110 caussam
1697 2063 1812 2112 belli
1845 2063 2085 2112 infelicis-

409 2143 520 2191 simi
555 2144 743 2208 quaerit
777 2145 1054 2209 accipitque
1087 2142 1333 2201 Theseus,
1369 2141 1585 2190 ferocius
1619 2141 1756 2199 illud,
1793 2159 1937 2206 quam
1967 2147 2085 2192 con·-

410 2222 616 2282 sultius,
660 2224 825 2272 invitis
872 2225 966 2272 diis
1012 2227 1299 2286 susceptum
1345 2237 1459 2269 esse
1502 2220 1745 2284 intelligit.
1815 2221 1892 2270 Ad
1931 2222 2085 2271 solam

410 2302 527 2351 inde
561 2303 950 2351 misericordiam
986 2302 1203 2364 confugit
1237 2301 1504 2361 Adrastus,
1551 2316 1700 2362 quum
1746 2318 1905 2366 genua
1941 2302 2083 2352 iuve-

411 2383 488 2431 nis
533 2399 623 2431 rex
671 2399 821 2431 senex
866 2381 1168 2446 amplectens
1212 2387 1351 2438 oret,
1400 2385 1454 2428 ut
1502 2386 1711 2428 matrum
1747 2382 1795 2429 in
1831 2381 2085 2446 decrepita

413 2467 575 2510 aetate
621 2463 898 2510 orbatarum
947 2462 1073 2509 filios
1117 2460 1349 2511 vindicet.
1420 2458 1631 2508 Miseros
1667 2462 1726 2508 ad
1762 2460 1935 2509 felices
1970 2476 2088 2510 con-

410 2541 603 2606 fugere,
640 2542 813 2590 felices
848 2541 1144 2589 miserorum
1178 2540 1418 2588 rationem
1453 2539 1668 2597 habere,
1717 2557 1925 2605 aequum
1960 2555 2089 2590 esse.

415 2620 631 2669 Patriam
666 2622 830 2669 iacere
866 2621 1144 2669 calamitate
1178 2620 1468 2668 exhaustam
1483 2616 1564 2682 *);
1614 2619 1843 2684 Spartam
1879 2637 1908 2668 a
1940 2621 2089 2670 mise-

413 2702 625 2750 ticordia
671 2701 877 2765 perinde
910 2716 967 2747 ac
1017 2700 1118 2748 fide
1152 2699 1361 2747 alienam
1398 2714 1539 2757 esse3
1592 2699 1724 2747 solos
1760 2700 2090 2750 Athenienses

417 2797 476 2829 ac
511 2782 685 2829 ducem
723 2796 895 2828 eorum
930 2779 1046 2827 huic
1082 2778 1396 2843 suscipiendo
1430 2777 1584 2826 labori
1619 2795 1762 2842 pares
1798 2796 1926 2831 esse.
1993 2780 2089 2829 His

418 2860 598 2909 auditis
652 2860 881 2908 Theseus
927 2862 1075 2922 negat
1133 2874 1188 2906 se
1229 2857 1419 2906 alienae
1468 2857 1704 2918 civitatis,
1753 2871 1878 2924 quae
1912 2860 2090 2909 merito

411 2944 618 3005 propter
653 2939 832 2988 delicta
867 2938 1161 2998 mulctetur,
1210 2937 1491 2985 calamitate
1538 2953 1655 2986 suos
1691 2938 1823 2987 cives
1855 2945 2091 2988 oneratu-

410 3035 521 3067 rum
576 3035 691 3068 esse
753 3024 835 3066 aut
884 3016 1236 3066 communitate
1269 3017 1385 3066 inita
1417 3017 1713 3081 participem
1749 3016 1858 3067 fore
1889 3019 2087 3082 piaculi.

409 3099 573 3148 Altius
608 3115 636 3146 a
669 3098 809 3147 fonte
859 3097 1096 3146 malorum
1132 3102 1370 3160 repetens
1405 3113 1462 3145 ac
1497 3097 1559 3145 de
1595 3098 1933 3148 communibus
1958 3114 2089 3148 mor-

467 3280 518 3336 *)
546 3280 675 3322 Idem
709 3293 842 3322 versu
876 3278 975 3321 126.
1000 3277 1295 3335 significatur:
1332 3279 1383 3322 τὸ
1410 3276 1449 3322 δ’
1469 3275 1626 3338 ’Ἄργος
1646 3277 1753 3333 ὑμῖν
1770 3277 1864 3321 ποῦ
1886 3275 2025 3332 ’στινς
2057 3274 2089 3336 ἢ

551 3348 721 3404 κόμποι
748 3348 923 3405 μάτηνς
962 3349 1126 3405 quibus
1161 3349 1309 3392 verbis
1347 3351 1486 3394 miror
1518 3350 1623 3406 quid
1653 3348 1912 3393 insolentiae
1947 3350 2091 3394 inesse

552 3421 775 3476 putaverit
799 3420 1106 3464 Marklandus.
