2124 3860
950 262 1072 320 31⁷

169 419 354 470 Contra
387 414 561 466 eadem
610 411 945 479 comprobavit
978 409 1072 458 Dio
1106 407 1367 474 Chrysost.
1401 425 1450 475 p.
1488 410 1599 460 117.
1633 409 1692 461 B.
1753 409 1849 460 Alii

169 501 441 565 scriptores
477 496 537 544 ad
573 495 692 544 alios
728 494 874 542 liuius
911 490 1145 541 dramatis
1173 490 1309 539 locos
1337 495 1680 556 respexerunt,
1713 490 1851 540 velut

171 582 356 632 Sextus
391 578 537 643 Emp.
589 577 650 624 ad
685 591 729 624 v.
763 576 906 633 943„
963 572 1176 621 Galenus
1211 571 1272 619 ad
1309 587 1355 621 v.
1392 574 1536 631 126„
1589 571 1849 637 Aristoph.

168 662 218 711 in
267 661 390 709 Ran.
426 676 468 709 v.
508 660 651 705 1317.
700 655 760 704 ad
809 670 852 702 v.
897 655 1010 704 435.
1062 657 1113 700 et
1162 651 1382 715 plurimis
1434 651 1677 702 Stobaeus
1737 667 1849 701 cum

168 740 506 806 grammaticis
547 754 663 786 usus
699 739 789 785 est.
862 734 936 782 Ex
973 734 1149 797 quibus
1185 732 1380 780 indiciis
1417 732 1541 781 satis
1588 739 1727 797 patet
1762 748 1851 781 ne-

171 838 270 886 que
304 822 448 886 vulgo
484 835 644 884 neque
679 815 884 866 eruditis
922 815 1016 862 hoc
1052 814 1217 861 drama
1263 812 1468 862 inferius
1516 830 1630 863 esse
1675 815 1850 872 visum,

171 917 317 966 quam
351 907 436 949 aut
470 898 734 965 Sophoclis
769 902 853 946 aut
888 895 1126 960 Aeschyli
1148 894 1368 943 dramata
1402 894 1453 943 in
1488 895 1664 944 eadem
1696 901 1853 942 mate-

170 983 247 1031 ria
281 987 535 1045 occupata.
1405 982 1412 988 ’

303 1061 490 1110 Partim
526 1063 748 1109 naturam
792 1058 971 1124 partim
1012 1056 1182 1123 populi
1216 1056 1395 1105 iudicia
1430 1060 1631 1105 secutus
1666 1058 1855 1115 noster,

173 1141 290 1208 quid
319 1143 502 1206 ubique
536 1150 725 1191 rectum
762 1155 1030 1203 verumque
1066 1143 1218 1196 esset,
1253 1138 1430 1185 melius
1466 1153 1609 1200 quam
1633 1136 1744 1184 ullis
1770 1150 1857 1183 eo-

170 1239 297 1279 rnm,
321 1224 402 1288 qui
427 1238 482 1271 se
507 1221 837 1284 intelligentes
861 1219 1032 1269 haberi
1061 1219 1246 1278 volunt,
1283 1217 1567 1282 praeceptis
1598 1215 1856 1265 intellexit.

170 1305 431 1354 Falluutur
463 1303 591 1350 enim
638 1302 951 1365 quicunque,
995 1299 1113 1363 quid
1160 1299 1464 1362 sequendum
1502 1296 1859 1359 vitandumque

173 1385 238 1432 sit
273 1384 451 1448 poetis,
486 1397 546 1430 ex
582 1382 862 1446 praeceptis
899 1380 1024 1428 disci
1060 1379 1391 1440 arbitrantur,
1429 1394 1554 1442 quae
1590 1376 1858 1426 errantium

172 1463 660 1526 deverticula-quam
697 1462 877 1510 ducum
914 1461 1171 1509 scientiam
1207 1460 1370 1508 verius
1405 1457 1749 1524 appellaveris.

309 1542 462 1600 Grau,
498 1543 705 1588 theurer
740 1541 959 1599 Freund,
994 1542 1059 1587 ist
1093 1540 1190 1585 alle
1223 1539 1462 1600 Theoi-ie,

307 1621 425 1671 Und
461 1623 587 1686 griiu
623 1619 712 1667 des
747 1617 943 1666 Lebens
978 1618 1186 1681 golduer
1219 1617 1391 1670 Baum.

172 1705 342 1754 Unum
389 1701 585 1750 virtutis
634 1699 906 1746 carminum
941 1698 1282 1747 testimonium
1332 1703 1436 1759 est,
1490 1698 1532 1747 si
1566 1697 1864 1758 hominibuS,

175 1786 352 1850 quibus
389 1787 506 1829 sunt
540 1779 753 1844 scripta,
803 1780 1007 1842 probata
1043 1784 1187 1837 sunt,
1233 1779 1276 1826 si
1311 1795 1422 1828 cum
1467 1781 1595 1840 vita,
1641 1779 1864 1828 moribus

176 1862 532 1925 sententiisque
578 1858 887 1925 popularium
936 1859 1006 1908 ita
1059 1860 1372 1922 coaluerunt,
1429 1866 1485 1909 ut
1530 1876 1626 1908 non
1662 1862 1866 1923 possent

177 1943 274 1992 nisi
322 1958 433 1990 cum
477 1941 679 1989 interitu
723 1939 1016 2004 populorum
1068 1955 1130 1987 ex
1177 1942 1428 1990 mentibus
1475 1957 1648 1989 eorum
1684 1938 1866 1987 divelli.

177 2022 376 2072 Effatus
412 2022 508 2070 hoc
543 2026 621 2069 est
668 2020 777 2085 ipse
813 2019 923 2079 ille,
961 2020 1043 2082 qui
1078 2019 1332 2069 Electram
1367 2021 1622 2086 Euripidis
1658 2019 1865 2084 iniquis-

179 2104 305 2153 sime
339 2103 529 2150 vexavit
543 2100 625 2163 *)‚
664 2107 713 2148 et
748 2108 915 2149 tamen
949 2100 1081 2148 idem
1119 2116 1216 2149 non
1253 2102 1493 2150 dubitavit
1526 2108 1744 2167 poetam,
1779 2116 1867 2149 cu-

177 2184 256 2232 ius
291 2182 518 2241 fabulae,
566 2181 726 2245 quoad
774 2181 967 2228 theatra
1015 2180 1210 2229 Graeca
1248 2181 1564 2245 Romanaque
1605 2186 1866 2242 steterunt,

178 2263 349 2313 doceri
401 2278 648 2324 nunquam
698 2261 977 2319 desierunt,
1026 2261 1522 2310 contumeliosissime
1564 2267 1782 2310 tractare
1817 2268 1869 2310 et

179 2342 600 2393 criminationibus
652 2341 1003 2403 indignissimis
1052 2340 1323 2391 diffamare.
1395 2343 1491 2405 Qui
1531 2343 1659 2391 sicut
1705 2342 1869 2391 Schil-

178 2423 297 2483 leri,
346 2440 492 2487 quem
530 2421 827 2473 contumelia
862 2421 1054 2479 affecit,
1106 2429 1158 2471 et
1205 2423 1412 2472 aliorum
1463 2423 1512 2471 in
1558 2424 1667 2471 aliis
1703 2424 1869 2488 operis

179 2505 406 2568 partibus
453 2503 633 2552 scrinia
680 2504 987 2568 compilavit,
1041 2505 1109 2553 ita
1145 2502 1193 2551 in
1228 2504 1318 2564 iis,
1368 2519 1496 2566 quae
1529 2503 1593 2551 de
1631 2503 1870 2567 Euripide

185 2583 433 2643 effutivit,
483 2582 693 2632 Iacobsii
740 2577 980 2634 iudicium
1027 2590 1219 2634 temere
1254 2583 1481 2643 iteravit,
1529 2600 1676 2647 quem
1710 2584 1869 2634 virum

184 2679 358 2712 revera
391 2665 751 2725 venerandum,
792 2681 888 2729 qua
923 2671 1000 2714 est
1034 2665 1183 2714 animi
1218 2664 1611 2725 mansuetudine,
1646 2682 1741 2714 non
1778 2666 1870 2713 mi-

184 2759 269 2792 ror
316 2741 519 2792 Goetbii
564 2743 817 2808 Iphigenia
862 2746 1154 2794 mollissima
1213 2744 1369 2807 magis
1418 2760 1565 2808 quam
1615 2745 1868 2810 Euripidis

186 2822 364 2872 fabulis
425 2822 727 2876 delectatum
783 2825 1043 2876 damnasse
1089 2840 1411 2889 quaecunque
1459 2842 1489 2874 a
1539 2826 1870 2891 placidissima

244 2976 297 3032 *)
326 2976 441 3034 Aug.
474 2976 594 3019 Guil.
628 2978 843 3035 Schlegel
880 2980 924 3022 in
962 2981 1078 3024 libro
1109 2981 1164 3022 de
1194 2979 1319 3035 poesi
1347 2979 1524 3023 scenica
1554 2980 1718 3037 scripto
1747 2981 1802 3024 Τ.
1832 2981 1869 3022 1.

327 3062 371 3103 p.
401 3047 453 3088 6:
502 3048 688 3098 „lnnere
729 3049 1107 3094 Vortrefflichkeit
1137 3051 1272 3093 allcin
1301 3052 1601 3095 entscheidet:
1646 3067 1717 3095 wo
1749 3052 1869 3095 diese

328 3118 592 3160 vor-handen
633 3119 710 3170 ist,
754 3122 841 3163 soll
884 3134 987 3164 man
1030 3122 1127 3163 sich
1169 3121 1293 3163 nicht
1337 3135 1393 3164 an
1436 3122 1870 3165 Aeurserlichkeiten

330 3189 513 3230 storsen.
581 3188 672 3230 Auf
708 3189 778 3232 die
819 3192 999 3235 Wurzel
1035 3206 1215 3234 unseres
1253 3193 1439 3235 Daseins
1478 3194 1598 3236 murs
1639 3196 1750 3236 alles
1791 3206 1870 3234 zu·-

330 3258 629 3315 riickgefiihrt
658 3260 863 3303 werden:
893 3261 950 3304 ist
980 3277 1027 3304 es
1057 3264 1114 3305 da
1147 3267 1458 3320 entsprungen‚
1488 3279 1538 3306 so
1568 3266 1647 3306 hat
1677 3278 1724 3306 es
1753 3263 1871 3305 auch

332 3329 646 3372 unbezweifelt
675 3330 824 3373 seinen
853 3333 1036 3382 Werth3
1080 3332 1137 3375 ist
1178 3347 1226 3374 es
1266 3334 1375 3375 aber
1412 3335 1530 3377 ohne
1557 3335 1687 3376 einen
1717 3334 1871 3375 leben-

335 3398 468 3455 digen
509 3398 642 3440 Keim
682 3414 766 3441 nur
802 3415 889 3444 von
930 3403 1086 3445 aussen
1127 3403 1411 3461 angehiingt,
1456 3419 1505 3447 so
1543 3406 1660 3448 kann
1691 3419 1738 3446 es
1768 3403 1870 3446 kein

334 3468 564 3512 Gedeihen
594 3470 710 3511 noch
740 3473 926 3516 wahren
956 3474 1256 3517 Wachsthum
1285 3475 1479 3521 haben.'’
