2170 3866
936 279 1057 338 413

165 427 393 475 iuvenem
427 426 615 490 patriae
647 441 768 478 suae
800 444 936 478 arma
967 427 1287 486 inferentem,
1339 425 1473 476 nulla
1515 424 1692 476 iniuria
1733 424 1843 489 ipse

165 506 454 566 lacessitus,
515 508 768 558 adiuvaret
823 516 872 558 et
922 515 1130 573 propter
1171 509 1299 556 hanc
1341 508 1500 572 ipsam
1539 507 1843 570 impietatem

164 586 401 651 perniciei
436 604 463 635 a
499 588 592 636 diis
629 588 972 651 destinaretur,
1008 589 1057 637 id
1091 587 1223 651 quod
1248 587 1534 651 Amphiarai
1567 583 1843 634 vaticinati-

166 682 261 715 one
297 667 688 731 praedicebatur.
755 670 1000 718 Adrastus
1037 674 1200 717 autem
1236 667 1321 715 ille
1356 667 1570 716 universi
1598 665 1844 714 exercitus

167 747 267 795 dux
303 753 454 811 atque
487 748 784 812 imperator,
829 749 1031 812 privatis
1067 748 1338 796 commodis
1374 763 1470 795 non
1502 747 1662 795 minus
1698 760 1845 808 quam

167 825 428 875 Menelaus
464 828 688 890 studens,
724 828 906 877 bellum
944 829 1162 892 suscepit
1194 828 1288 891 ipsi
1318 827 1672 891 perniciosum:
1708 825 1844 873 solus

169 907 301 955 enim
348 922 460 956 cum
510 907 758 957 dedecore
796 925 1085 973 summaque
1118 909 1362 966 omnium,
1412 922 1621 970 quorum
1656 902 1845 968 cognati

166 986 456 1046 interierint,
492 987 824 1051 indignatione
859 990 1056 1037 domum
1088 1004 1380 1037 reversurus
1415 994 1518 1035 est:

297 1064 407 1131 ἐρεῖ
437 1063 493 1117 δὲ
529 1066 595 1133 δή
630 1084 736 1127 τις·
777 1060 818 1118 ὦ
852 1067 987 1120 κακὰ
1021 1067 1406 1133 μνηστεύματα,

283 1141 558 1212 ’Ἀδραστε,
594 1148 866 1210 προςθείς·
903 1147 991 1200 διὰ
1025 1154 1148 1213 μιᾶς
1179 1148 1395 1215 νύμφης
1428 1149 1603 1214 γάμον

297 1227 691 1295 ἀπωλόμεσθα]
725 1229 935 1295 (Phoen.
975 1231 1132 1295 580.)

169 1311 326 1373 Quam
362 1317 527 1359 autem
564 1311 696 1358 idem
734 1312 973 1359 Adrastus
1010 1327 1123 1359 cum
1160 1310 1394 1374 Polynice
1419 1310 1527 1359 iniit
1550 1310 1846 1360 affinitatem

168 1391 573 1454 societatemque,
611 1407 718 1438 eam
755 1390 965 1438 similem
1000 1406 1113 1439 esse
1149 1390 1195 1439 ei
1231 1391 1489 1452 amicitiae,
1525 1407 1669 1455 quam
1704 1391 1849 1440 Alci-

167 1469 340 1518 biades
374 1486 485 1518 cum
522 1469 875 1534 Spartanorum
912 1471 1205 1534 quibusdam
1230 1470 1554 1535 principibus,
1589 1470 1724 1520 velut
1745 1471 1850 1521 En·

169 1548 252 1597 dio
288 1549 493 1614 ephoro,
533 1550 776 1612 iunxerat,
811 1549 960 1598 facile
991 1556 1070 1598 est
1103 1550 1374 1599 intellectu.

302 1629 357 1678 In
405 1629 600 1678 Orestis
647 1630 811 1679 fabula
859 1629 1019 1694 plebis
1053 1629 1274 1678 voluntas
1311 1630 1589 1679 ostenditur
1619 1646 1742 1694 vaga
1774 1630 1848 1680 in-

170 1715 527 1774 constansque,
575 1714 684 1758 tota
732 1711 952 1774 pendens
1001 1726 1028 1757 a
1064 1709 1273 1759 ducibus
1310 1710 1610 1767 factionum,
1655 1711 1848 1772 quibus,

170 1805 465 1853 quocunque
500 1790 696 1850 volunt,
739 1789 1107 1839 multitudinem
1143 1790 1525 1853 impellentibus,
1560 1806 1712 1838 coeco
1745 1795 1851 1838 stu-

171 1869 256 1918 dio
290 1868 468 1933 probat
502 1870 780 1928 damnatve,
817 1876 966 1934 prout
986 1869 1057 1916 illi
1084 1870 1160 1918 vel
1186 1869 1398 1918 suadent
1426 1871 1503 1917 vel
1531 1869 1847 1918 dissuadent:

303 1945 482 1998 δεινὸν
517 1946 572 1999 οἱ
591 1947 793 2010 πολλοί,
830 1947 1165 2014 κακούργους
1199 1947 1327 1999 ὅταν
1353 1947 1506 2015 ἔχωσι
1525 1947 1847 2013 προστάτας·

303 2027 451 2091 ,,άλλ’
501 2025 633 2080 ὅταν
675 2022 934 2097 χρηστοὺς
980 2030 1209 2095 λάβωσι,
1259 2027 1456 2095 χρηστὰ
1502 2029 1850 2095 βουλεύσαιεν

1002 2112 1104 2161 ἄν”
1141 2111 1205 2177 (v.
1243 2112 1401 2173 ⁷61.).

171 2190 480 2239 Describitur
514 2191 682 2255 populi
715 2193 915 2251 concio,
955 2192 1004 2241 in
1042 2209 1136 2256 qna
1169 2194 1315 2241 verba
1348 2192 1536 2240 faciunt
1569 2190 1700 2239 cives
1733 2206 1852 2255 sup-

171 2271 388 2335 posititii,
422 2272 653 2335 improbi,
689 2272 985 2334 perniciosi:

296 2345 529 2415 Ἀργεῐος
562 2349 662 2401 οὐκ
690 2344 938 2416 Ἀργεῖος,
971 2349 1391 2417 ἠναγκασμένος,

306 2430 533 2496 θορύβῳ
567 2447 622 2481 τε
654 2430 880 2491 πίσυνος
913 2431 1149 2497 κάμαθεῖ
1177 2431 1458 2500 παῤῥησίᾳ,

303 2509 535 2570 πιθανὸς
569 2509 636 2561 ἔτ’
673 2505 871 2573 αὐτοὺς
904 2513 1207 2578 περιβαλεῖν
1240 2519 1385 2578 κακῷ
1419 2529 1537 2563 τινι.

175 2591 286 2653 Qua
331 2594 700 2657 opportunitate
734 2595 898 2643 oblata
931 2602 1192 2643 monentur
1224 2612 1250 2642 a
1286 2601 1432 2659 poeta
1465 2591 1760 2659 populareS‚
1795 2597 1853 2642 ut

174 2687 261 2720 eos
296 2671 556 2721 adsumant
590 2673 743 2722 duces
778 2675 937 2738 iisque
972 2675 1325 2738 rempublicam
1352 2674 1620 2723 sanandam
1647 2673 1846 2738 permit·

173 2757 299 2809 tant,
335 2752 417 2814 qui
452 2767 547 2800 non
580 2753 880 2820 voluptatem
915 2761 1158 2820 spectent,
1194 2755 1284 2802 sed
1320 2754 1614 2803 utilitatem:

306 2828 438 2881 ὅταν
470 2829 573 2896 γὰρ
608 2831 741 2899 ἡδύς
773 2851 852 2893 τις
884 2834 1061 2900 λόγοις
1094 2835 1317 2899 φρονῶν
1349 2834 1523 2893 κακῶς

303 2910 466 2978 πείθῃ
501 2910 562 2962 τὸ
595 2914 817 2980 πλῆθος,
851 2920 916 2981 τῇ
952 2914 1100 2966 πόλει
1131 2911 1300 2966 κακὸν
1334 2912 1497 2980 μέγα·

306 2990 423 3043 ὅσοι
458 2990 516 3043 δὲ
550 2985 653 3044 σὺν
685 2995 762 3064 νῷ
795 2993 991 3063 χρηστὰ
1025 2995 1342 3061 βουλεύουσ’
1378 2993 1475 3057 άεί,

306 3072 409 3125 κᾶν
441 3070 512 3139 μὴ
548 3075 846 3139 παραυτίκ’,
884 3072 1044 3137 αὖθίς
1079 3076 1176 3127 εἰσι
1211 3077 1454 3144 χρήσιμοι

303 3154 476 3206 πόλει·
511 3158 744 3208 θεᾶσθαι
778 3156 826 3208 δ’
862 3146 964 3211 ὧδε
979 3158 1030 3220 *)
1065 3155 1162 3224 χρὴ
1196 3158 1291 3210 τὸν
1323 3157 1625 3223 προστάτην

230 3333 279 3386 ²¹²)
301 3325 408 3375 Ὧδε
438 3333 496 3374 ad
531 3331 694 3375 ἰδόντα
722 3334 1006 3378 referendum
1038 3339 1127 3385 est3
1173 3327 1263 3378 ὦδε
1294 3335 1411 3378 ἰδεῖν
1441 3338 1591 3377 autem
1619 3331 1740 3373 idem
1769 3342 1850 3372 va-

314 3405 378 3445 let
406 3403 522 3457 quod
559 3400 675 3458 πρὸς
702 3400 813 3448 τάδε
843 3406 981 3459 ἰδεῖν,
1023 3410 1067 3447 et
1096 3406 1306 3448 θεᾶσθαι
1333 3405 1454 3447 idem
1495 3403 1611 3458 quod
1651 3403 1850 3444 σκοπεῖν.

316 3473 446 3517 Verte
473 3472 633 3530 igitur:
679 3474 747 3516 ad
776 3475 919 3518 haec
958 3475 1294 3532 respiciens
1323 3476 1497 3518 debes
1528 3477 1729 3518 ducem
1759 3471 1849 3525 ἰμ-
