2170 3848
1133 253 1256 310 196

483 399 630 467 γόοις
663 396 1037 463 ὀρθρευομένα

467 476 632 543 Ἴτυν,
650 471 802 530 Ἴτυν
833 479 1198 545 πολύθρηνον.

1012 559 1241 628 άντιστρ.
1279 558 1342 615 α’.

484 639 740 706 σύριγγας
772 634 820 691 δ’
856 639 1137 706 ούριβάται

484 724 730 774 κινοῦσιν
761 720 991 786 ποίμνας
1025 719 1202 775 ἐλάται
1216 741 1229 751 ·

483 798 733 869 ἕγρονται
767 794 814 852 δ’
851 800 924 861 εἰς
957 801 1194 867 βοτάναν

486 883 692 946 ξανθᾶν
724 881 919 933 πώλων
952 882 1198 947 συζυγίαι
1212 902 1224 911 ·

485 963 590 1031 ἤδη
624 958 673 1013 δ’
706 961 780 1023 είς
812 962 941 1029 ἔργα
975 962 1204 1029 κυναγοὶ

480 1044 776 1111 στείχουσιν
807 1043 1134 1111 θηροφόνοι,

487 1127 681 1192 πηγαῖς
715 1117 756 1175 τ’
791 1119 868 1175 ἐπ’
903 1122 1145 1176 ὠκεανοῦ

488 1204 738 1272 μελιβόας
770 1205 969 1266 κύκνος
1002 1204 1130 1270 άχεῖ.

1021 1295 1130 1351 στρ.
1171 1278 1236 1350 β’.

486 1367 675 1418 ἄκατοι
709 1358 756 1417 δ’
789 1363 1084 1432 α’νάγονται
1115 1361 1207 1416 ὑπ’
1238 1363 1459 1431 εἰρεσίας

488 1445 702 1512 α’νέμων
733 1438 775 1496 τ’
810 1444 1019 1499 εύαέσιν
1053 1444 1276 1513 ῥοθίοις,

489 1526 594 1580 άνὰ
628 1519 676 1578 δ’
711 1525 847 1578 ἱστία
931 1565 942 1579 .
1013 1565 1025 1577 .
1095 1562 1110 1575 .

494 1926 694 1980 σινδὼν
728 1926 787 1979 δὲ
819 1927 1090 1994 πρότονον
1123 1925 1208 1979 ἐπὶ
1241 1927 1406 1994 μέσον
1437 1930 1694 1987 πελάσσει.

966 2043 969 2047 -
1028 2007 1259 2074 άντιστρ.
1294 2003 1357 2075 β’.

495 2088 562 2140 τὰ
594 2087 692 2154 μὲν
726 2080 829 2140 οὖν
862 2084 1086 2154 ἑτέροισι
1118 2086 1347 2154 μέριμνα
1381 2089 1539 2158 πέλει,

492 2158 701 2235 κόσμον
735 2168 783 2220 δ’
819 2167 1090 2234 ὑμεναίων
1121 2168 1469 2224 δεσποσύνων

495 2247 586 2316 ἐμὲ
619 2247 710 2301 καὶ
742 2250 803 2300 τὸ
838 2247 1047 2300 δίκαιον
1080 2251 1195 2314 ἄγει
1227 2249 1318 2302 καὶ
1351 2247 1486 2316 ἔρως

498 2330 714 2398 ὑμνεῖν·
751 2327 958 2396 δμωσὶν
989 2326 1093 2394 γὰρ
1129 2328 1376 2382 ἀνάκτων

497 2412 752 2478 εύάμεροι
783 2412 1102 2477 προςιοῦσαι

502 2489 702 2560 μολπαὶ
733 2490 939 2558 θράσος
972 2482 1188 2554 αὔξουσ’

500 2571 586 2625 ἐπὶ
619 2564 834 2640 χάρματ’
854 2585 868 2600 ·
902 2570 948 2623 εἰ
982 2569 1042 2623 δὲ
1073 2571 1207 2639 τύχα
1237 2587 1289 2622 τι
1320 2568 1476 2636 τέκοι,

501 2647 678 2721 βαρὺν
711 2653 901 2719 βαρεῖα
933 2652 1113 2718 φόβον
1146 2648 1375 2717 ἔπεμψεν
1407 2652 1591 2716 οἴκοις.

1003 2727 1012 2743 “
1105 2729 1324 2800 ἐπῳδός.

502 2812 729 2879 ὁρίζεται
763 2811 822 2864 δὲ
853 2811 976 2864 τόδε
1009 2810 1149 2879 φάος
1179 2812 1369 2880 γάμων
1397 2811 1558 2878 τέλος,

500 2893 563 2946 τὸ
597 2893 664 2962 δή
697 2886 812 2946 ποτ’
847 2892 1024 2961 εὐχαῖς
1056 2891 1159 2960 ἐγὼ
1191 2886 1408 2959 βωμοὺς

503 2972 792 3039 λισσομένα
824 2973 1092 3041 προςέβαν
1123 2973 1380 3040 ὑμέναιον
1413 2972 1584 3026 άεῖσαι

504 3055 666 3122 φίλον
698 3054 872 3122 φίλων
907 3054 1168 3107 δεσποτᾶν
1182 3072 1194 3086 ·

1979 811 2043 857 35

1984 2497 2052 2544 50

1984 2978 2050 3026 55

483 3224 536 3266 V.
559 3224 631 3267 31.
660 3225 1246 3281 TransposuitHermannus
1266 3224 1409 3267 verba
1431 3220 1745 3281 ὀρθρευομένα
1771 3219 1897 3277 γόοις
1911 3225 2048 3275 recte,

372 3298 421 3339 ut
441 3293 639 3338 videtur:
669 3294 792 3338 idem
808 3295 926 3338 enim
948 3310 1071 3338 error
1090 3295 1381 3338 librariorum
1395 3295 1443 3338 in
1462 3309 1508 3337 v.
1526 3291 1623 3335 12⁰.
1646 3296 1690 3335 et
1708 3290 1805 3334 123.
1828 3292 2048 3350 arguitur.

481 3365 532 3408 V.
558 3363 630 3409 44.
660 3365 729 3408 cf.
759 3367 871 3408 Hec.
903 3365 1014 3408 114:
1043 3365 1187 3420 λαίφη
1215 3363 1462 3422 προτόνοις
1494 3359 1855 3421 ἑπερειδομένας.

478 3435 528 3477 V.
555 3432 627 3479 46.
655 3434 852 3492 κόσμον,
881 3435 1081 3490 decus,
1110 3448 1197 3479 non
1226 3439 1294 3479 est
1320 3436 1439 3491 quod
1465 3437 1702 3478 mutemus.
