2170 3866
915 263 1039 322 447

131 410 458 476 comprimat,
523 414 674 475 utque
718 408 868 460 Diana
914 413 1124 478 virgines
1174 427 1202 460 a
1256 411 1541 476 captivitate
1598 416 1799 467 tutetur.

129 489 557 555 Tranquillitatem
595 491 724 540 inter
759 491 883 540 haec
917 499 1082 541 servat
1114 508 1280 551 senex,
1315 493 1400 541 tali
1434 494 1690 557 adspectui
1714 493 1802 543 ad-

129 576 304 619 suetus
353 578 404 620 et
437 577 731 635 propterea,
780 571 909 635 quod
947 577 1105 620 castra
1140 573 1387 632 hostium,
1435 587 1545 621 cum
1581 573 1803 638 Polynici

132 651 332 699 nuntius
369 668 397 698 a
432 659 589 699 matre
623 651 840 709 veniret,
893 652 1038 700 modo
1072 651 1325 710 lustravit,
1379 653 1440 700 ad
1476 655 1696 703 docenda
1728 670 1802 717 ea,

131 746 260 794 quae
289 731 426 794 virgo
462 731 759 789 sciscitatur,
796 730 1017 781 idoneus.
1779 733 1782 736 ⁴

262 812 699 875 Appropinqnante
724 811 985 859 mulierum
1010 815 1222 869 caterva,
1242 811 1488 874 Antigone
1514 829 1540 860 a
1567 829 1701 873 sene,
1724 814 1802 861 fa-

131 906 260 939 mam
287 891 485 954 virginis
516 891 748 955 religiose
777 897 960 948 tuente,
999 892 1047 938 in
1081 892 1278 939 domum
1307 892 1589 941 retrahitur.
1640 893 1804 955 Quum

130 970 418 1029 mulieribus
453 971 621 1035 utique
648 972 694 1019 in
722 971 855 1018 urbis
887 973 1248 1036 oppugnatione
1273 987 1362 1036 pro
1389 972 1541 1021 choro
1569 973 1804 1021 utendum

130 1056 280 1110 esset,
311 1051 604 1115 peregrinis,
633 1067 774 1115 quam
807 1050 1110 1111 domesticis,
1145 1058 1312 1100 noster
1336 1052 1407 1100 uti
1433 1053 1615 1102 maluit.
1673 1052 1806 1100 Cho-

130 1147 238 1179 rum
274 1132 403 1179 enim
440 1130 589 1178 voluit
623 1147 736 1179 eum
771 1131 963 1191 adesse,
998 1133 1080 1194 qui
1117 1138 1394 1180 moveretur
1416 1131 1612 1195 quidem
1637 1134 1804 1189 rebus,

131 1225 257 1273 quae
289 1218 596 1274 gererentur,
632 1210 719 1258 sed
755 1226 849 1259 non
878 1211 1107 1259 haereret
1129 1212 1178 1259 in
1201 1212 1278 1269 iis,
1313 1227 1406 1259 non
1433 1212 1807 1275 perturbaretur

130 1291 219 1349 iis,
257 1290 343 1337 sed
379 1288 612 1337 liberiore
646 1291 806 1336 animo
841 1293 1121 1354 praesentia
1156 1296 1474 1354 componeret
1507 1291 1805 1354 praeteritis,

130 1370 492 1417 demonstraret
525 1383 740 1426 caussas,
775 1370 1088 1431 prospiceret
1125 1371 1311 1427 exitus,
1355 1384 1692 1432 renovansque
1730 1370 1806 1419 fa-

129 1463 261 1496 mam
295 1452 567 1504 vetustam,
608 1461 998 1495 commemorans
1033 1449 1194 1512 priora
1230 1448 1478 1512 pericula,
1518 1450 1806 1513 praedicans

130 1527 366 1575 maiorum
401 1526 636 1585 virtuteS‚
673 1527 886 1590 denique
923 1543 1086 1574 rerum
1134 1536 1385 1591 gestarum
1422 1529 1805 1593 magnitudinem

131 1623 190 1655 ac
223 1607 541 1670 splendorem
576 1606 788 1654 civitatis
826 1607 1076 1671 explicans
1113 1609 1394 1657 conveniret
1428 1609 1474 1656 ei
1511 1609 1806 1671 tragoediae,

130 1704 227 1751 qua
250 1702 536 1752 magnorum
574 1686 866 1750 populorum
897 1703 1166 1751 regumque
1194 1688 1648 1750 potentissimorum
1678 1689 1808 1737 salus

131 1768 181 1816 in
216 1768 480 1815 discrimen
516 1774 687 1813 vocata
715 1767 1075 1815 ostenderetur.
1128 1767 1262 1815 Scite
1294 1768 1441 1830 igitur
1467 1783 1496 1815 e
1524 1767 1696 1815 Cadmi
1721 1784 1809 1832 pa-

131 1847 227 1896 tria
261 1846 519 1895 arcessivit
552 1845 762 1893 feminas
799 1846 859 1893 ad
894 1846 1131 1909 originem
1165 1848 1323 1910 gentis
1371 1856 1423 1896 et
1467 1847 1651 1895 famam
1684 1848 1809 1896 anti·

132 1943 277 1990 quam
312 1925 655 1975 celebrandam
691 1941 983 1989 propensas;
1020 1934 1191 1975 contra
1227 1917 1809 1975 domesticarum'mulie-

131 2021 239 2054 rum
287 2006 548 2054 tumultum
597 2021 655 2053 ac
688 2006 1063 2070 trepidationem
1101 2007 1477 2071 supplicantium
1514 2022 1604 2071 per
1636 2008 1810 2056 urbem

131 2085 457 2148 lamentisque
491 2085 598 2133 loca
633 2087 793 2134 omnia
828 2086 1138 2150 implentium
1174 2087 1375 2136 sustulit
1419 2092 1494 2145 et,
1540 2085 1671 2148 quod
1707 2086 1810 2135 Ro-

130 2167 262 2216 mani
296 2166 346 2215 in
382 2166 569 2229 magnis
605 2166 969 2214 calamitatibus
1002 2166 1172 2214 facere
1205 2167 1453 2224 solebant,
1506 2165 1662 2212 arcuit
1706 2181 1810 2213 ma·

131 2251 300 2294 tronas
347 2245 545 2310 publico
592 2246 930 2307 continerique
972 2246 1099 2293 intra
1145 2246 1338 2294 aedium
1386 2245 1554 2293 limina
1586 2242 1811 2309 iussit*).

132 2326 365 2375 Ceterum
400 2325 567 2373 videas
603 2341 731 2388 quae
766 2325 829 2371 de
862 2326 955 2371 hac
994 2325 1134 2372 chori
1169 2332 1340 2374 natura
1375 2325 1483 2374 aliis
1518 2324 1641 2373 locis
1676 2323 1737 2372 T.
1774 2324 1809 2372 1.

127 2406 179 2471 p.
214 2407 328 2453 5⁸24.
366 2411 415 2453 et
449 2403 510 2456 T.
549 2405 605 2453 Il.
642 2423 690 2470 p.
726 2407 838 2452 370.
877 2405 1140 2468 disputavi.

257 2483 479 2532 Parodus
529 2490 725 2547 praeter
769 2499 989 2532 caussam
1038 2483 1274 2532 adventus
1319 2488 1371 2531 et
1411 2483 1811 2533 venustissimam

132 2565 385 2622 locorum,
431 2563 479 2611 in
528 2563 707 2627 quibus*
753 2563 967 2627 virgines
1018 2569 1409 2610 commoraturae
1444 2568 1583 2622 sunt,
1636 2562 1810 2625 imagi-

133 2659 245 2692 nem
281 2643 799 2692 commemorationem
836 2644 1055 2690 continet
1089 2658 1254 2691 earum
1292 2658 1493 2701 rerum,
1530 2658 1654 2705 quae
1696 2647 1811 2690 ante

134 2731 303 2787 portas
338 2722 475 2770 urbis
512 2722 571 2769 ab
607 2722 900 2784 Argivorum
938 2723 1158 2770 exercitu
1194 2729 1242 2770 et
1277 2721 1539 2785 Polynice,
1576 2722 1808 2785 patrimo-

133 2804 267 2852 nium
300 2818 329 2850 a
362 2802 520 2851 fratre
554 2807 826 2866 repetente,
860 2810 1107 2867 parantur.
1176 2801 1336 2850 Maius
1365 2801 1561 2849 interim
1596 2802 1810 2866 spatium

133 2882 372 2945 temporis
407 2889 714 2930 consumtum
749 2899 888 2945 esse,
929 2898 1074 2947 quam
1111 2882 1191 2929 bic
1227 2887 1397 2930 cantus
1434 2881 1629 2945 explet,
1678 2880 1808 2944 cogi-

133 2963 335 3012 tandum
372 2969 462 3010 est.
531 2960 709 3010 Statim
754 2963 880 3012 enim
929 2979 988 3011 eo
1024 2963 1164 3010 finito
1199 2961 1462 3026 Polynices
1498 2977 1560 3009 ex
1593 2961 1810 3009 hostium

189 3103 240 3157 *)
268 3103 363 3146 Nou
402 3101 510 3143 satis
546 3102 689 3144 firmis
726 3104 1002 3159 arg-umentis
1031 3117 1235 3146 caussam
1265 3101 1494 3159 peregrini
1520 3101 1649 3144 chori
1677 3102 1810 3144 ncho-

271 3174 405 3215 liasta
434 3171 652 3214 defendit:
694 3171 898 3228 ἐπίτηδες
938 3172 1020 3218 οὐκ
1052 3174 1166 3217 εἰσὶν
1195 3172 1435 3229 ἐπιχώριαι
1465 3172 1514 3215 αὶ
1543 3172 1627 3215 τοῦ
1655 3172 1810 3228 χοροῦ,

276 3238 390 3286 ἀλλὰ
420 3241 546 3295 ξέναι
576 3241 653 3284 καὶ
687 3243 968 3300 ἱερόδουλοι,
1011 3240 1136 3295 ὅπως
1166 3242 1213 3287 ἐν
1243 3248 1340 3293 τοῖς
1370 3242 1475 3298 ἑξῆς
1504 3239 1651 3291 &danic
1678 3239 1808 3284 α’ντι-

274 3311 444 3368 λέγοιεν
492 3309 576 3367 τὴν
626 3310 740 3370 πρὸς
776 3311 1058 3365 Ἐτεοκλέους
1100 3312 1286 3359 ἀδικίαν
1326 3314 1407 3370 (cf.
1446 3328 1489 3355 v.
1519 3311 1654 3365 526.).
1725 3308 1810 3354 Ἀεὶ

273 3399 360 3440 γαρ
391 3378 415 3426 ὁ
445 3380 581 3439 χορὸς
609 3382 1026 3442 παρῤησιαζόμενος
1053 3386 1139 3429 τοῦ
1168 3385 1351 3429 δικαίου
1371 3382 1658 3440 προΐσταται.
1709 3382 1810 3432 παῖς

276 3447 361 3496 οὖν
384 3451 564 3509 ἔμελλον
582 3449 664 3497 τὸν
681 3452 867 3510 βασιλέα
898 3454 1107 3511 ἐλέγχειν,
1138 3456 1182 3500 εἰ
1199 3451 1515 3514 ἐβασιλεύοντο
1533 3446 1612 3497 ’ὑπ’
1634 3447 1782 3495 αὐτοῦ
1791 3468 1806 3503 ‚-
