2202 3892
389 407 557 461 cerat,
601 397 727 448 adeo
773 402 829 447 ut
874 398 1123 448 consuetis
1169 399 1265 448 iam
1299 414 1467 448 rerum
1513 401 1764 452 vocabulis
1799 402 2074 454 immutatis

391 482 628 530 virtutum
682 479 878 528 nomina
936 479 1067 528 vitiis
1111 480 1494 545 imponerentur.
1574 479 1887 542 „Temeritas
1938 484 2073 534 enim

394 559 757 609 inconsiderata
792 575 882 623 pro
917 559 1210 608 fortitudine
1245 560 1319 609 sui
1355 559 1599 609 incuriosa
1633 562 1921 625 habebatur,
1957 579 2075 614 cun·

393 639 549 688 ctatio
582 639 844 705 providens
880 655 970 704 pro
992 639 1220 704 speciosa
1243 639 1524 699 timiditate,
1559 641 1800 692 modestia
1821 659 1913 708 pro
1938 644 2076 709 igna-

391 721 471 768 via
522 722 921 783 praetexebatur.
1007 719 1098 768 Cui
1139 719 1347 768 insidiae
1397 719 1759 781 succedebant,
1827 723 1908 772 hic
1970 728 2080 774 erat

396 805 590 848 astutus
638 807 788 863 atque
823 815 882 848 eo
917 800 1149 859 astutior,
1186 799 1227 846 si
1265 799 1470 848 alterius
1508 799 1707 848 insidias
1741 800 2079 864 praevidisset.

392 878 490 941 Qui
536 879 587 928 in
639 879 862 927 nocendo
910 879 1122 927 alterum
1157 881 1535 942 praevertisset,
1583 880 1876 930 laudabatur
1910 886 1962 930 et
1994 882 2079 944 qui

391 959 454 1006 ad
489 958 585 1006 hoc
622 957 907 1006 cohortatus
942 961 1077 1007 esset
1110 974 1205 1006 non
1236 959 1581 1022 cogitantem.''
1650 959 1788 1009 Haec
1815 966 1962 1024 atque
1987 960 2081 1010 alia

392 1036 456 1086 de
480 1054 675 1087 morum
701 1038 1047 1102 depravatione
1075 1054 1460 1087 commemorans
1487 1037 1811 1104 Thucydides
1829 1039 1938 1100 (ΙΙΙ,
1953 1040 2083 1103 82),

392 1117 539 1178 „fons
575 1124 625 1166 et
660 1115 885 1178 caussa,”
921 1118 1093 1183 inquit,
1131 1117 1343 1180 „borum
1381 1118 1598 1167 omnium
1633 1127 1738 1168 erat
1774 1119 2078 1184 principatus

393 1213 485 1261 per
523 1198 776 1246 avaritiam
824 1199 1239 1262 ambitionemque
1287 1199 1497 1261 quaesiti
1547 1196 1820 1265 cupiditas,
1876 1215 1939 1249 ex
1984 1215 2081 1263 qua

398 1275 573 1326 eadem
610 1285 777 1326 natum
812 1283 888 1326 est
924 1279 1141 1327 studium
1179 1277 1501 1329 factionum.'’

524 1357 854 1420 Quamobrem
904 1373 1001 1407 non
1048 1363 1125 1407 est
1170 1357 1403 1418 dubium,
1451 1359 1568 1421 quin
1602 1373 1768 1407 mores
1802 1357 2072 1424 Euripides

394 1439 447 1485 et
480 1438 657 1502 agendi
702 1437 944 1486 rationem
995 1437 1319 1502 descripserit
1355 1437 1664 1502 popularium
1699 1437 2074 1487 ambitiosorum

396 1521 448 1565 et
481 1516 823 1573 factiosorum,
859 1532 887 1564 a
921 1515 1052 1565 nulla
1079 1516 1258 1566 fraude
1293 1517 1679 1575 abhorrentium,
1721 1517 1884 1566 omnia
1918 1517 2082 1566 divina

396 1601 448 1644 et
482 1596 695 1646 humana
730 1597 835 1645 iura
871 1597 1212 1659 polluentium,
1249 1603 1305 1647 ut
1339 1598 1469 1660 quod
1504 1597 1685 1646 vellent
1713 1613 2081 1662 consequeren-

394 1680 492 1724 tur.
562 1677 724 1740 Atque
769 1677 802 1724 ii
837 1676 896 1724 ad
933 1677 1179 1726 tollendos
1215 1677 1701 1725 adversarios-falsis
1737 1678 1810 1726 uti
1845 1677 2077 1726 crimina-

394 1755 609 1804 tionibus
658 1756 915 1817 solebant,
963 1762 1015 1805 ut
1056 1757 1314 1806 damnatos
1350 1756 1561 1821 populus
1592 1756 1903 1806 interficeret
1934 1771 2082 1821 quos-

399 1851 594 1899 cunque
632 1836 847 1884 consiliis
883 1837 983 1884 suis
1019 1838 1218 1886 obstare
1253 1843 1501 1902 putarent.
1570 1836 1676 1898 Qua
1710 1836 1758 1885 in
1783 1853 1840 1885 re
1865 1851 1963 1900 quo
1987 1835 2082 1884 im-

396 1916 666 1979 pudentiae
723 1923 872 1980 atque
935 1916 1170 1966 audaciae
1227 1917 1479 1965 hominum
1527 1916 1714 1964 malitia
1764 1914 2083 1981 processerit,

400 1994 695 2044 documento
756 2002 836 2045 est
899 2011 958 2044 ea
1012 2012 1136 2059 quae
1187 1997 1353 2061 paullo
1405 2001 1520 2061 post
1561 1996 1742 2044 accidit
1787 1997 2084 2044 Hermarum

399 2074 616 2123 deiectio
654 2081 703 2124 et
738 2091 865 2139 quae
900 2076 1016 2125 inde
1050 2084 1344 2126 consecutae
1381 2083 1494 2125 sunt
1528 2075 1862 2124 innocentium
1903 2074 2083 2124 civium

398 2154 753 2217 damnationes,
788 2171 915 2218 quae
949 2157 1008 2204 ad
1034 2157 1339 2219 perdendum
1369 2156 1670 2204 Alcibiadem
1698 2155 1862 2203 omnia
1885 2159 2082 2217 specta-

395 2233 530 2283 bant.
583 2233 756 2294 Iidem,
794 2234 836 2282 si
873 2251 1020 2298 quem
1055 2236 1324 2282 amicorum
1358 2235 1579 2299 potentia
1603 2240 1655 2282 et
1687 2233 1986 2282 factionibus
2011 2231 2082 2281 ci-

394 2312 530 2361 vium
581 2314 800 2363 innixum
861 2315 1192 2379 potentiorem
1242 2329 1355 2362 esse
1402 2313 1661 2369 videbant,
1727 2328 1871 2375 quam
1935 2327 2081 2376 quem

397 2393 553 2442 everti
590 2394 754 2441 statim
789 2410 941 2458 posse
989 2398 1274 2457 sperarent,
1322 2398 1583 2455 antequam
1631 2392 1793 2455 ipsum
1840 2391 2083 2455 aggrede-

396 2479 595 2532 rentur,
649 2474 835 2521 amicos
871 2474 993 2534 eiuS,
1031 2472 1169 2537 quasi
1200 2472 1445 2521 columina
1482 2470 1690 2533 fastigii,
1733 2487 1828 2535 quo
1863 2471 1950 2520 ille
1984 2475 2082 2519 sta-

397 2551 501 2609 bat,
538 2552 952 2613 demoliebantur,
987 2553 1122 2600 velut
1151 2553 1507 2617 Anaxagoram,
1544 2550 1784 2611 Phidiam,
1822 2549 2082 2616 Aspasiam

399 2631 623 2695 aliosque
658 2632 860 2682 Periclis
897 2633 1084 2681 amicos
1119 2631 1406 2679 invadentes
1442 2631 1574 2680 hunc
1609 2631 1655 2678 in
1682 2630 1961 2694 periculum
1989 2629 2080 2679 ad-

400 2712 658 2763 duxerunt.
713 2713 978 2778 Imaginem
1005 2713 1155 2778 igitur
1183 2712 1430 2775 expressit
1456 2718 1623 2759 noster
1652 2726 1747 2759 non
1773 2711 1915 2760 unius
1938 2709 2078 2768 facti,

401 2792 491 2840 sed
527 2809 732 2854 eorum,
784 2810 912 2857 quae
957 2797 1008 2840 et
1043 2799 1187 2840 antea
1223 2791 1421 2854 saepius
1458 2790 1590 2838 facta
1624 2797 1763 2839 erant
1798 2795 1850 2840 et
1882 2789 2082 2853 saepius

396 2878 570 2935 postea
605 2874 805 2922 evenire
833 2877 1109 2936 potuerunt.
1172 2870 1298 2919 Nam
1336 2872 1651 2936 Anaxagoras
1674 2869 1876 2934 quidem
1902 2869 1952 2918 in
1976 2868 2082 2918 vin-

399 2951 505 2999 cula
534 2954 788 3001 coniectus
817 2954 880 3002 de
904 2954 1003 3002 vita
1030 2952 1262 3003 decessit,
1294 2949 1494 2998 Phidias
1526 2959 1691 3000 autem
1720 2965 1867 3015 aegre
1881 2947 2081 2996 Periclis

403 3033 622 3080 consiliis
661 3018 884 3081 servatus
922 3038 1016 3094 est,
1051 3032 1308 3094 rogatione
1342 3030 1439 3078 lata
1464 3047 1490 3077 a
1522 3030 1770 3094 Diopithe,
1806 3025 2083 3094 utnomina

401 3110 721 3160 deferrentur
754 3129 942 3172 eorum,
981 3112 1060 3175 qui
1087 3112 1206 3159 deos
1235 3126 1346 3158 esse
1372 3117 1609 3175 negarent
1633 3109 1710 3157 vel
1736 3108 1798 3156 de
1823 3106 1969 3155 rebus
1996 3121 2082 3154 ae-

398 3190 587 3238 thereis
617 3191 856 3240 docerent
872 3190 940 3254 *).
992 3192 1067 3239 Eo
1095 3191 1204 3253 ipso
1234 3196 1397 3238 autem
1426 3198 1667 3253 tempore,
1703 3202 1798 3251 quo
1822 3186 1950 3234 hanc
1977 3191 2080 3234 tra-

399 3270 626 3334 goediam
669 3272 998 3335 componebat
1035 3271 1327 3335 Euripides,
1379 3269 1648 3319 Alcibiadis
1684 3266 1884 3316 levitate
1909 3270 1962 3314 et
1995 3279 2082 3313 re-

458 3442 509 3496 *)
538 3442 769 3485 Plutarch.
801 3441 961 3485 Pericl.
995 3456 1032 3483 c.
1064 3439 1119 3484 31
1149 3453 1241 3495 seq.
1271 3439 1405 3498 Diog.
1434 3441 1582 3484 Lacrt.
1612 3437 1673 3491 11,
1699 3435 1744 3490 9,
1772 3434 1829 3479 12
1855 3448 1976 3491 seqq.
