2124 3860
887 263 1006 324 351

110 415 375 484 Cognoscit
408 413 588 465 deinde
620 429 840 465 errorem
865 420 916 464 et
948 413 1200 477 virginem,
1235 426 1332 462 non
1354 403 1633 478 imagineril‚
1667 422 1780 474 pro-

108 499 320 564 positam
358 512 470 546 csse
504 497 763 562 intelligit:
1571 504 1580 515 ·

240 604 304 613 —
471 604 536 611 —-
702 603 766 611 -
931 567 1209 635 παρθένον

239 658 388 715 θεοῖς
423 653 616 719 ὁμοίαν
650 656 787 705 ναῦν
820 649 965 713 ὅπως
999 649 1349 718 ὡρμισμένην.

110 735 209 789 Vix
244 738 492 803 adspexit,
526 753 639 790 cum
672 751 836 783 amare
871 735 1066 797 incipit:

242 845 305 855 —
476 843 535 852 —
702 812 1036 880 ἀνθρώποισι
1069 811 1171 879 γὰρ
1206 810 1481 879 νοσήματα

243 895 437 947 ἅπασιν
471 892 634 946 ἔστιν·
934 922 999 930 —-
1163 921 1228 930 —
1392 924 1458 932 —-

241 975 477 1028 λύσαντά
508 976 563 1041 μ’
599 971 766 1041 αὐτὴν
931 1002 995 1010 -
1163 1002 1228 1010 —-
1391 1002 1457 1011 ——

241 1059 420 1108 πεσεῖν
454 1055 507 1117 ἐς
542 1054 705 1123 εὐνὴν
738 1053 827 1107 καὶ
861 1054 1120 1122 γαμήλιον
1164 1053 1331 1121 λέχος.

248 1210 291 1268 ὦ
324 1214 570 1284 παρθέν’,
607 1215 844 1282 οἰκτείρω
880 1227 937 1267 σε
972 1213 1304 1282 κρεμαμένην
1338 1213 1559 1280 ὁρῶν*).

247 1386 398 1445 σιγᾷς
410 1398 425 1438 3
462 1376 633 1444 σιωπὴ
669 1377 718 1428 δ’
754 1379 956 1442 ἄπορος
992 1368 1249 1444 ἑρμηνεὺς
1281 1375 1471 1442 λόγων.

114 1459 325 1510 Lacunis
362 1460 617 1524 explendis
653 1461 869 1508 serviunt
905 1461 1049 1508 verba
1087 1459 1275 1507 Ovidii:

246 1539 356 1602 „Ut
391 1541 570 1590 stetit.-
611 1540 669 1603 0,
707 1539 857 1598 dixit,
894 1557 996 1589 non
1032 1542 1143 1588 istis
1177 1538 1338 1604 digna
1373 1537 1589 1597 catenis,

250 1620 360 1670 Sed
393 1621 573 1688 quibus
610 1622 747 1670 inter
780 1638 837 1669 se
868 1620 1046 1686 cupidi
1077 1622 1366 1684 iungantur
1402 1610 1652 1678 amantes,

247 1701 480 1751 Pande
535 1703 938 1768 requirenti
993 1716 1223 1750 nomen
1274 1705 1637 1764 terraeque
1683 1702 1788 1746 tu-

941 1797 1178 1847 umque

247 1860 337 1910 Et
393 1876 504 1909 cur
553 1861 788 1910 vincla
839 1877 1048 1925 geras,
1142 1859 1363 1908 Primo
1411 1858 1577 1907 silet
1633 1857 1788 1919 illa,

940 1957 1055 1990 nec
1100 1939 1307 1989 audet

251 2019 629 2086 Appellare
661 2021 876 2069 virum
911 2022 1132 2086 virgo;
1167 2020 1500 2086 manibusque
1541 2015 1792 2067 modestos

254 2099 481 2149 Celasset
515 2101 702 2159 vultus,
738 2103 784 2149 si
815 2117 916 2150 non
949 2101 1175 2165 religata
1196 2101 1408 2163 suisset.

251 2179 501 2241 Lumina,
538 2180 672 2247 qaod
698 2183 902 2247 potuit,
939 2182 1168 2230 lacrimis
1202 2180 1435 2246 implevit
1471 2179 1668 2228 obortis.

252 2259 549 2326 Saepius
584 2262 891 2309 instanti
925 2264 1054 2310 etc.'’

120 2341 342 2390 Strictim
394 2341 530 2404 virgo
578 2357 752 2390 nomen
800 2342 1142 2405 fortunamque
1188 2357 1326 2390 suam
1364 2347 1416 2390 et
1451 2356 1676 2390 caussam
1710 2355 1791 2389 ca-

121 2420 352 2470 lamitatis
388 2422 615 2485 exposuit
649 2421 1026 2488 explanavitque
1061 2438 1147 2481 ea,
1194 2437 1318 2486 quae
1354 2426 1495 2471 erant
1528 2425 1643 2472 ante
1675 2437 1792 2471 ocu-

118 2501 193 2551 los
227 2502 416 2565 posita:
970 2514 972 2516 ·

251 2607 316 2643 :—
481 2608 543 2617 —
701 2573 1042 2645 Ἀνδρομέδα,
1077 2581 1201 2640 παῖς
1236 2578 1481 2646 Κηφέως,

256 2735 352 2803 οἴῳ
384 2735 437 2801 μ’
473 2737 503 2789 ὁ
537 2737 742 2806 δαίμων
774 2740 948 2808 θηρίῳ
982 2738 1291 2807 συνῴκισεν.

123 2820 335 2872 Videtur
369 2825 508 2868 cetus
543 2837 636 2870 non
672 2823 825 2871 semel
860 2825 1095 2889 impetum
1133 2825 1341 2871 minatus
1377 2838 1516 2884 esse,
1561 2822 1650 2870 sed
1683 2836 1793 2886 per·

123 2907 277 2968 petuo
321 2899 491 2963 virgini
542 2903 761 2951 assidens
796 2920 902 2952 eam
939 2905 1280 2954 custodivisse.
1351 2903 1505 2953 Simul
1538 2904 1615 2952 his
1649 2900 1793 2952 dictis

124 2982 258 3047 virgo
294 2996 354 3028 ex
391 2980 591 3041 Perse0,
627 2982 847 3045 quisnam
884 2990 1036 3046 esset,
1074 2984 1338 3049 quaesivit:

254 3052 321 3110 σὺ
356 3058 402 3110 δ’
438 3053 488 3110 εἶ
516 3059 608 3123 τίς,
643 3058 778 3122 ὅςτις
809 3063 1011 3131 τούμὸν
1044 3065 1293 3131 ᾤκτειρας
1325 3062 1527 3124 adens,-

131 3138 423 3206 Respondet
457 3141 670 3191 Perseus
704 3144 914 3195 haecce:

182 3323 230 3377 ²⁶)
260 3322 508 3375 Fritzsche,
536 3323 609 3378 qui
638 3327 787 3379 paullo
818 3331 918 3371 ante
948 3327 1010 3379 ὥς
1038 3326 1326 3387 ἐκρεμάσθην
1353 3344 1408 3372 ne
1436 3343 1464 3372 a
1495 3326 1665 3371 cantico
1696 3325 1794 3381 qui-

267 3394 368 3435 dem
407 3395 653 3437 abhorrere
693 3396 926 3452 iudicavit,
971 3401 1057 3442 hoc
1096 3402 1195 3442 loco
1233 3400 1279 3442 in
1317 3401 1467 3443 verbis
1510 3395 1794 3455 κρεμαμένην

263 3461 385 3519 ὁρῶν
414 3465 649 3508 offenditur
677 3471 722 3510 et
747 3466 1040 3514 festinationis
1068 3470 1391 3526 Matthiaeum‚
1422 3471 1497 3527 qui
1524 3467 1794 3526 probaverit,

263 3539 456 3579 accusat.
