2170 3848
941 224 1063 285 185

170 378 282 438 erit,
313 376 516 426 innuens
549 373 635 423 ille
669 374 855 437 singula
889 374 1011 422 mihi
1043 371 1495 437 interpretabitur.’'
1542 370 1616 421 De
1637 385 1825 423 summa

166 457 499 525 perfectione,
552 471 694 518 quam
732 454 935 517 Augusti
980 458 1142 502 aetate
1176 452 1358 521 Pylade
1394 458 1445 501 et
1476 450 1705 515 Bathyllo
1739 465 1825 498 au-

169 535 384 586 ctoribus
418 551 497 583 ars
532 533 741 582 saltandi
776 534 952 596 adepta
986 522 1077 590 est,
1112 531 1236 579 haec
1269 536 1539 580 narrantur.
1587 530 1684 579 Sed
1707 536 1826 593 per-

167 616 299 664 fecta
334 616 393 662 ab
426 613 668 662 inchoatis
700 612 1030 675 magnitudine
1065 615 1115 658 et
1149 611 1285 674 quasi
1318 611 1574 673 gradibus,
1608 626 1702 659 non
1738 625 1825 674 ge-

167 710 310 753 nere,
347 693 506 742 solent
539 691 752 740 differre.
818 690 988 754 ltaque
1030 690 1126 738 iam
1162 690 1396 753 Aeschyli
1441 691 1646 738 saltator
1678 688 1827 737 Tele-

169 779 274 822 stes
309 773 488 821 dicitur
522 770 741 835 plurimis
775 769 983 818 inventis
1017 769 1187 831 figuris
1221 770 1482 818 admodum
1519 773 1691 834 argute
1724 784 1826 816 ma-

167 854 306 901 nibus
353 867 434 900 res
482 850 845 897 demonstrasse
889 856 968 907 et,
1013 865 1121 897 cum
1173 850 1374 898 saltaret
1418 855 1611 913 septem
1657 848 1826 908 duces,

167 932 248 995 qui
275 930 472 978 Thebas
494 928 794 988 obsiderent,
828 929 1032 992 singula,
1068 946 1192 993 quae
1216 936 1519 992 gererentur,
1556 927 1829 977 saltationis

164 1009 383 1072 gestibus
428 1007 685 1056 manifesta
729 1008 1093 1073 reddidisse*).
1160 1008 1367 1074 Triplex
1413 1007 1619 1073 perinde
1653 1012 1826 1072 panto-

163 1088 422 1136 mimorum
458 1087 561 1136 sive
596 1087 881 1137 saltatorum
916 1096 1063 1154 atque
1097 1094 1314 1138 actorum
1350 1105 1504 1153 genus
1540 1094 1671 1148 erat,
1723 1092 1829 1136 tra-

163 1167 342 1230 gicum,
378 1167 644 1233 satyricum
681 1173 728 1215 et
763 1169 1035 1230 comicum,
1072 1174 1124 1219 et
1158 1170 1437 1218 excoluerat
1470 1168 1680 1233 Pylades
1716 1167 1828 1230 qui-

165 1247 277 1295 dem
338 1248 610 1313 tragicum,
665 1247 919 1312 Bathyllus
974 1255 1143 1299 autem
1189 1249 1431 1297 comicum
1482 1247 1691 1296 saltandi
1742 1263 1829 1310 ge-

163 1342 257 1374 nus
271 1323 371 1390 **).
443 1327 868 1389 Quemadmodum
905 1333 1069 1378 autem
1096 1329 1336 1383 scenicae,
1371 1329 1489 1376 item
1524 1327 1707 1390 lyricae
1731 1326 1829 1375 sal-

163 1406 363 1454 tationis
397 1407 493 1455 tria
529 1413 668 1456 erant
698 1424 896 1472 genera,
935 1426 1141 1473 quorum
1178 1408 1456 1472 Pyrrhiche
1491 1406 1709 1455 Sicinnio
1744 1422 1829 1455 ve-

163 1485 359 1534 locitate
392 1487 566 1535 similis
601 1494 722 1546 erat,
759 1487 1164 1553 Gymuopaedice
1199 1489 1438 1554 gravitate
1461 1493 1512 1536 et
1535 1487 1829 1535 verecundia

163 1564 482 1623 Emmeliam,
530 1566 981 1630 Hyporchematice
1015 1574 1179 1617 autem
1218 1569 1490 1617 Cordacem
1525 1567 1635 1614 ioco
1669 1572 1721 1615 et
1752 1566 1829 1614 fa-

164 1645 307 1693 cetiis
356 1644 737 1709 aequabat***).
816 1647 1028 1713 Tragica
1090 1649 1282 1696 saltatio
1332 1648 1435 1694 sive
1481 1646 1722 1694 Emmelia
1767 1646 1830 1695 ad

163 1723 342 1773 choros
415 1725 546 1772 solos
611 1726 936 1788 pertinuerat,
1016 1726 1177 1791 quoad
1248 1725 1548 1790 tragoediam
1627 1725 1828 1774 canticis

165 1805 302 1851 auxit
340 1803 620 1866 EuripideS.
692 1804 801 1852 Hoc
846 1805 974 1853 enim
1023 1807 1176 1854 inter.
1200 1806 1479 1853 saltatorem
1516 1811 1661 1867 atque
1695 1811 1830 1853 acto·-

164 1897 272 1929 rem
305 1883 537 1941 interest,
584 1884 714 1947 qnod
761 1884 844 1932 ille
879 1885 939 1932 ad
976 1901 1263 1942 numerum,
1300 1885 1524 1932 modulos
1560 1890 1830 1949 praeeunte

163 1961 384 2018 tibicine,
419 1963 770 2024 gesticulatur,
807 1964 889 2011 bic
923 1971 1061 2012 extra
1097 1980 1351 2012 numerum
1389 1968 1638 2023 movetur,
1673 1965 1829 2027 quod-

165 2054 261 2103 que
294 2041 488 2088 saltatio
523 2057 550 2088 a
585 2049 731 2090 cantu
768 2058 1010 2106 nunquam
1047 2042 1391 2109 separatur†).
1461 2043 1640 2092 Saltari
1675 2045 1829 2107 igitur

164 2119 270 2166 sive
313 2120 536 2184 gestibus
589 2120 915 2170 demonstrari
965 2130 1190 2188 poterant
1237 2126 1384 2173 etiam
1422 2140 1548 2188 quae
1583 2124 1641 2171 ab
1678 2125 1829 2189 epicis

162 2207 358 2247 narrata
402 2204 565 2262 erant,
614 2201 750 2250 velut
795 2201 988 2266 Virgilii
1023 2204 1244 2252 Turnum
1291 2220 1346 2252 se
1390 2204 1682 2252 saltaturnm
1717 2221 1830 2253 esse

162 2278 410 2342 pollicitus
460 2287 538 2328 est
586 2280 719 2328 Nero
768 2281 931 2345 (Suet.
959 2300 1000 2332 c.
1027 2286 1151 2348 54.).
1222 2284 1489 2347 Separatae
1525 2284 1656 2331 enim
1691 2289 1831 2333 erant

162 2359 312 2421 vocis,
341 2366 391 2407 et
424 2360 811 2424 gesticulationis
847 2370 1013 2427 partes
1049 2365 1098 2411 in
1134 2364 1416 2425 saltatione,
1465 2379 1590 2426 quae
1625 2363 1829 2412 eaedem

162 2438 213 2486 in
248 2439 442 2487 actione
478 2441 760 2489 coniunctae
794 2450 967 2506 erant,
1001 2444 1070 2492 ita
1105 2450 1184 2502 ut,
1218 2444 1331 2492 dum
1368 2443 1573 2491 saltator
1607 2444 1829 2507 corporis

163 2519 378 2566 motibus
415 2524 466 2567 et
499 2535 724 2569 manuum
759 2524 1027 2587 praecipue
1060 2522 1438 2585 gesticulatione
1479 2538 1559 2569 res
1595 2524 1828 2571 ostende-

162 2602 256 2658 ret,
294 2601 441 2647 verba
475 2608 729 2662 poetarum
764 2603 838 2650 vel
873 2610 1160 2666 argumenta
1195 2602 1468 2649 fabularum
1503 2601 1682 2650 chorus
1717 2618 1829 2650 cum

162 2676 422 2736 tibiarum,
473 2679 768 2730 cithararum
814 2682 1122 2745 aliorumque
1166 2698 1459 2746 organorum
1505 2686 1741 2729 concentu
1777 2686 1829 2730 et

163 2757 487 2806 scabellorum
533 2762 723 2825 crepitu
769 2759 1131 2826 recitaret††).
1206 2761 1273 2809 Et
1306 2761 1355 2809 in
1389 2760 1597 2810 scenicis
1632 2776 1827 2826 quoque

218 2985 266 3039 *)
299 2985 536 3028 Aristocles
561 3001 632 3043 ap.
659 2989 814 3036 Athen.
837 2994 872 3035 1.
892 3008 936 3048 p.
957 2991 1027 3035 21.
1047 2996 1092 3036 et
1109 2992 1179 3034 22.

190 3055 268 3109 >le⁹⁵)
302 3056 371 3167 gf.
412 3058 759 3104 Sommerbrodt.
810 3063 987 3119 disputt.
1038 3077 1154 3106 scen.
1193 3061 1239 3104 in
1276 3074 1551 3119 programm.
1603 3062 1827 3118 gymnasii

343 3127 492 3183 iegnit.
526 3127 650 3171 1843.

162 3195 264 3249 *κη
294 3197 451 3238 Athen.
483 3199 594 3239 XlV.
627 3214 669 3253 p.
699 3199 796 3243 630.
826 3204 881 3245 D.

220 3264 273 3320 †)
302 3266 445 3308 Tacit.
477 3268 591 3310 Dial.
624 3270 677 3312 de
717 3277 851 3317 orata
892 3273 1089 3327 „iactant
1129 3272 1297 3315 cantari
1334 3272 1576 3327 saltarique
1605 3283 1826 3314 commen-

300 3337 439 3379 tarios
468 3339 612 3379 suos.’'

191 3405 278 3462 ††)
305 3407 375 3450 Cf.
404 3409 752 3457 Sommerbrodt.
783 3414 814 3456 l.
842 3414 874 3458 l.
932 3415 1056 3458 Suet.
1090 3414 1185 3456 Cal.
1215 3428 1254 3455 c.
1281 3411 1352 3455 54.
