2170 3848
918 255 1037 312 183

148 406 281 456 actio
314 418 460 468 quam
496 404 730 467 gestuosa
773 402 951 463 fuerit,
1000 399 1236 462 colligere
1269 399 1399 450 licet.
1467 399 1619 464 quue
1652 401 1724 451 sic
1757 415 1814 452 sc

146 485 379 535 habuisse
413 483 634 548 plurimis
669 483 962 546 scriptorum
1002 478 1295 528 testimoniis
1324 479 1665 530 confirmatur:
1698 498 1812 531 nam

148 571 221 627 ut,
255 564 451 612 omissis
488 562 717 624 reliquis,
754 578 841 621 ea,
876 576 1001 622 quae
1035 563 1148 606 sunt
1183 559 1242 605 ab
1279 557 1532 623 Euripidis
1566 561 1810 627 interpre-

145 644 278 693 tibus
307 643 527 706 scripta,
562 640 810 697 referam,
863 640 922 687 ad
952 639 1101 702 Hipp.
1125 654 1170 685 v.
1196 639 1308 686 214.
1346 638 1609 687 scholiasta
1643 646 1813 691 monet

144 724 329 773 debere
362 722 678 779 histrionem,
712 721 793 783 qui
826 719 1082 767 Phaedrae
1116 724 1227 780 agat
1261 733 1554 782 personam,
1589 723 1643 767 ut
1677 720 1810 768 desi-

145 803 337 852 deriam
380 802 607 850 silvarum
655 805 800 861 atque
847 802 1053 847 venatus
1098 797 1368 860 exprimat,
1422 803 1472 845 et
1516 814 1727 862 corpore
1761 804 1812 848 et

145 898 266 931 voce
299 879 623 936 commoveri,
670 884 774 926 tum
823 878 871 926 in
915 878 1078 926 verbis
1113 871 1218 940 εἶμι
1250 877 1382 942 πρὸς
1413 874 1549 926 ὕλαν
1583 877 1811 942 prosilire

142 978 172 1010 a
204 961 363 1018 lecto,
413 957 554 1022 quasi
608 957 1021 1021 proticiscentem.
1090 957 1163 1007 De
1196 958 1327 1006 Ionis
1361 965 1527 1007 autem
1561 958 1809 1008 actoribus

139 1036 419 1087 Demetrius
444 1038 492 1084 in
526 1037 671 1086 Rhet.
703 1036 791 1084 Gr.
820 1036 879 1087 Τ.
906 1037 1033 1088 Vlll.
1059 1055 1108 1102 p.
1144 1040 1256 1089 584.
1280 1039 1462 1100 tradit,
1500 1039 1665 1087 solere
1698 1053 1806 1097 eos,

139 1131 239 1181 quo
284 1116 396 1164 loco
438 1115 521 1164 lon
571 1132 685 1164 aves
730 1133 758 1164 a
800 1118 986 1181 templo
1032 1118 1206 1181 fugare
1254 1123 1485 1181 conetur,
1538 1117 1695 1166 multo
1738 1117 1810 1165 uti

136 1202 275 1244 motu
306 1195 368 1243 ad
403 1211 568 1244 arcum
614 1198 880 1261 petendum
929 1205 1272 1255 recurrentes,
1327 1203 1380 1246 et
1413 1199 1462 1246 in
1511 1198 1719 1247 sublime
1754 1211 1810 1244 os

137 1281 478 1324 convertentes
514 1278 652 1340 quasi
688 1293 968 1326 sermonem
1005 1294 1117 1327 cum
1151 1279 1318 1326 avibus
1368 1278 1712 1336 conferentes,
1759 1279 1811 1325 et

136 1356 291 1403 ictum
337 1356 516 1418 sagitta
560 1356 844 1405 minitantes
881 1357 970 1421 (cf.
1000 1357 1059 1406 T.
1089 1358 1120 1405 l.
1150 1375 1197 1422 p.
1228 1355 1382 1419 492).
1450 1357 1687 1406 Mannum
1724 1372 1809 1404 ar-

136 1434 331 1500 gutiae,
377 1442 430 1483 et
475 1436 670 1499 ineptae
713 1439 940 1500 quidem,
997 1439 1278 1502 exemplum
1327 1439 1389 1486 ad
1421 1437 1587 1484 Orest.
1613 1451 1658 1486 v.
1691 1436 1808 1483 632.

135 1513 415 1580 profertur:
462 1514 660 1565 τούτου
695 1513 954 1581 ῥηθέντος
1001 1516 1249 1581 αἴρουσιν
1296 1515 1352 1566 οἱ
1390 1512 1668 1581 ὑποκριταὶ
1710 1511 1810 1579 τὴν

133 1596 278 1659 χεῖρα
311 1594 418 1644 κτλ.
488 1595 670 1644 Oreste
711 1598 906 1644 dicente
942 1597 1061 1645 nibil
1092 1613 1146 1644 se
1173 1612 1438 1660 reposcere
1466 1612 1653 1653 eorum,
1682 1610 1809 1658 quac

135 1676 274 1738 quasi
307 1682 474 1722 mutua
509 1674 765 1723 Menelaus
803 1676 862 1723 ab
899 1677 1264 1740 Agamemnone
1315 1677 1618 1739 accepisset,
1671 1679 1810 1721 actor

135 1752 355 1802 Menelai
407 1754 526 1801 nihil
577 1755 816 1817 pecuniae
877 1756 994 1803 fidei
1045 1771 1163 1804 suae
1209 1771 1237 1802 a
1282 1755 1439 1803 fratre
1486 1753 1805 1802 commissum

136 1849 251 1881 esse
294 1847 439 1880 manu
486 1832 819 1896 significabat,
888 1850 1033 1897 quem
1083 1839 1279 1900 gestum
1323 1850 1350 1881 a
1398 1849 1547 1883 sensu
1592 1831 1807 1881 auctoris

135 1910 347 1960 alienum
381 1927 493 1959 csse
526 1913 687 1975 arguit
721 1914 983 1961 scholiasta
1000 1913 1068 1976 *).

267 1991 343 2040 Ad
379 2007 548 2038 vocem
586 1993 716 2055 quod
751 1993 943 2050 attinet,
981 2010 1105 2057 quae
1140 2000 1217 2043 est
1251 1994 1396 2043 tertia
1430 2008 1547 2059 pars
1581 1990 1804 2050 actionis,

135 2071 293 2120 rictus
330 2070 398 2118 illi
433 2086 752 2140 personarum
789 2072 997 2134 hiantes,
1033 2089 1237 2136 quarum
1273 2075 1508 2138 imagines
1529 2071 1679 2120 hodie
1713 2070 1804 2118 mi-

133 2166 328 2210 ramur,
375 2151 595 2198 taedium
643 2153 982 2213 spectantibus
1029 2154 1309 2202 necessario
1356 2153 1662 2208 attulissent,
1711 2148 1807 2197 nisi

134 2231 266 2277 vocis
307 2231 554 2278 contentio
603 2234 654 2278 et
699 2239 935 2295 perpetua
982 2232 1091 2280 fere
1133 2234 1557 2297 perturbationum
1600 2228 1804 2278 imitatio

134 2325 245 2357 cum
291 2309 375 2357 illo
421 2311 520 2357 oris
566 2311 740 2358 habitu
790 2312 1114 2360 convenisset.
1197 2313 1592 2362 Moderationem
1638 2314 1803 2357 autem

132 2390 267 2438 vocis
302 2404 327 2436 a
364 2389 563 2438 tibicine
597 2391 810 2439 adiutam
847 2407 959 2439 esse
994 2392 1208 2441 arbitror
1242 2392 1412 2440 eadem
1449 2392 1661 2448 ratione,
1710 2403 1806 2452 qua,

134 2468 200 2517 G.
234 2468 494 2518 Gracchus
527 2485 720 2518 servum
755 2471 938 2519 habere
972 2472 1031 2519 ad
1067 2480 1259 2520 manum
1307 2472 1523 2531 solebat,
1558 2470 1658 2533 qui,
1692 2482 1805 2515 cum

131 2548 297 2597 fistula
327 2550 547 2598 veburnea
582 2557 696 2612 post
729 2551 890 2615 ipsum
926 2552 1292 2614 concionantem
1329 2556 1461 2598 stans
1496 2548 1722 2605 occulte,
1759 2546 1804 2593 si

132 2629 326 2695 quando
359 2628 435 2676 ira
468 2628 751 2693 impetuque
777 2631 1050 2679 concitatus
1084 2630 1314 2688 ferretur,
1350 2629 1681 2676 remissiorem
1709 2624 1802 2682 mi,-

131 2707 407 2771 tioremque
440 2707 652 2756 inflando
679 2724 858 2757 >sotium
893 2726 921 2758 a
969 2711 1184 2758 clamore
1228 2714 1512 2767 revocaret,
1559 2707 1802 2770 impetum

185 2860 235 2914 ²²)
264 2860 416 2910 Idem,
456 2875 510 2903 ex
538 2861 697 2904 eodem
724 2863 818 2906 sine
848 2863 984 2904 dubio
1023 2862 1144 2904 fonte
1172 2861 1381 2925 petitum,
1421 2861 1732 2916 Hermogenes
1755 2856 1803 2900 in

273 2931 409 2973 Rhet.
442 2931 518 2972 Gr.
548 2931 602 2973 T.
632 2933 702 2973 lv.
735 2947 776 2988 p.
805 2933 846 2974 7.
878 2932 1073 2976 notavit:
1106 2932 1188 2974 τοῦ
1218 2930 1303 2988 γὰρ
1334 2929 1547 2988 Ὀρέστου
1577 2927 1800 2976 εἰπόντος·

258 2993 306 3041 “A
347 2996 388 3043 δ’
429 2997 630 3055 ἔλαβες
670 2999 899 3053 ἀπόδος
949 2998 1170 3059 πατρὸς
1208 3000 1347 3055 ἐμοῦ
1389 2997 1584 3055 λαβὼν
1623 2996 1801 3055 πάρα,

277 3072 646 3126 σχηματίσασθαί
674 3086 788 3126 φασι
815 3072 896 3115 τὸν
924 3071 1164 3116 Μενέλαον
1202 3068 1308 3127 ἤτοι
1335 3069 1416 3114 τόν
1442 3065 1695 3126 ὑποκριτὴν
1723 3066 1802 3110 καὶ

275 3136 528 3183 ἀνανεῦσαι
546 3155 556 3166 ·
602 3136 717 3185 ὅθεν
747 3141 823 3185 καὶ
852 3141 876 3186 ὁ
920 3140 1243 3199 ἐπιφερόμενος
1274 3142 1437 3198 ἴαμβος
1465 3137 1526 3190 οἷς
1553 3139 1801 3182 οἷνανενευ-

274 3208 411 3260 κότος
439 3212 526 3254 τοῦ
564 3210 820 3267 Μενελάου,
855 3215 1122 3268 νομίσαντος
1158 3211 1260 3266 περὶ
1303 3212 1394 3254 τῶν
1440 3207 1684 3268 χρημάτων
1718 3204 1801 3249 τὸν

271 3279 489 3338 Ὀρέστην
518 3282 827 3338 διαλέγεσθαι,
856 3281 1119 3341 ἐπιφέρεται
1150 3278 1321 3334 οὕτως·
1350 3278 1421 3326 Ου’
1447 3276 1694 3339 χρήματ’
1722 3272 1799 3320 εἴ·

271 3366 385 3396 πον
411 3367 452 3395 κ.
482 3368 522 3395 τ.
552 3355 589 3396 λ.
