2170 3848
1136 256 1216 311 32

355 395 593 468 qu'aedam
627 399 788 449 divina
821 397 979 448 adfuit
1012 413 1278 461 saxumque
1311 397 1501 462 pectori
1532 398 1714 452 iniecit.
1772 398 2020 449 Recubuit

354 481 503 545 igitur
545 480 747 542 supinus
793 480 855 528 ad
903 478 1201 537 columnam,
1250 493 1375 541 quae
1420 493 1512 541 per
1543 480 1734 528 ruinam
1767 479 1887 528 tecti
1919 479 2020 528 dis·

355 566 500 624 rupta
532 559 749 618 iacebat,
801 565 851 606 et
885 559 933 607 in
968 573 1192 605 somnum
1228 558 1418 605 solutus
1454 562 1543 606 est.
1609 557 1684 605 Ibi
1718 560 1882 607 statim
1917 558 2020 608 mi-

354 639 496 688 nistri
539 655 650 687 cum
697 654 838 696 sene,
884 654 945 686 ne
980 638 1094 701 quid
1129 637 1254 684 ultra
1290 637 1402 685 mali
1439 635 1817 701 expergefactus
1851 643 2017 702 patra-

352 724 462 775 ret,
502 734 689 782 corpus
725 717 1007 765 dormientis
1045 717 1300 764 columnae
1336 717 1607 780 alligarunt.
1675 715 1804 764 Tum
1838 717 2018 766 chorus

352 799 477 847 hanc
517 798 718 845 caedem
767 803 817 844 et
855 795 1122 843 Danaidum
1158 801 1209 844 et
1253 796 1472 845 Procnae
1509 796 1663 844 caede
1697 795 1851 843 multo
1885 802 2017 845 atro-

351 877 534 926 ciorem
563 892 673 924 esse
708 875 900 923 clamat.
980 876 1279 939 Aperiantur
1315 877 1507 924 aedium
1542 876 1698 932 soreii,
1734 881 1786 924 et
1821 875 2016 939 conspi-

351 957 478 1005 citur
524 956 695 1003 infelix
740 954 931 1003 medius
965 954 1095 1003 inter
1128 955 1499 1004 interfectorum
1537 971 1745 1020 corpora
1777 955 2019 1019 stragem-

349 1051 447 1099 que
491 1035 670 1083 editam
718 1034 994 1090 dormiens,
1045 1050 1254 1100 corpore
1297 1035 1551 1083 columnae
1599 1035 1826 1098 alligat03
1873 1032 2018 1092 simul

349 1131 499 1165 senex
547 1114 859 1178 progreditur
905 1114 1007 1162 avis
1052 1115 1204 1163 instar
1250 1114 1409 1179 pullos
1456 1114 1668 1161 amissos
1714 1113 2016 1178 deplorantis

346 1196 488 1246 tardo
522 1194 677 1259 pede,
722 1199 778 1240 ut
821 1192 1007 1242 fractus
1054 1195 1242 1242 dolore.
1406 1195 1514 1242 ibus
1554 1193 1835 1258 conspectis
1870 1207 2016 1241 senes

346 1290 505 1337 neque
549 1272 764 1320 lacrimis
807 1289 966 1336 neque
1010 1274 1234 1322 lamentis
1278 1194 1583 1337 teffierant,
1644 1288 1766 1335 quos
1814 1273 2016 1334 quidem

345 1353 667 1418 Amphitruo,
712 1367 775 1399 ne
821 1353 947 1401 bene
995 1358 1278 1418 soporatum
1319 1338 1625 1417 oblitumque
1659 1353 1896 1401 malorum
1930 1367 2016 1400 ex-

343 1433 662 1499 pergefacere
690 1432 983 1481 clamoribus
1015 1433 1183 1490 velint,
1208 1432 1349 1480 enixe
1384 1441 1547 1495 rogat:
1582 1433 1848 1481 verendum
1884 1430 2015 1492 enim

344 1529 484 1573 esse,
535 1527 596 1558 ne
641 1512 795 1576 ruptis
837 1511 1044 1560 vinculis
1078 1518 1129 1560 et
1163 1513 1409 1562 civitatem,
1443 1520 1494 1561 et
1526 1520 1718 1577 patrem
1754 1512 1928 1576 perdat
1962 1503 2016 1561 et

341 1597 471 1642 tecta
504 1590 714 1639 deiiciat.
770 1590 898 1639 Tum
933 1608 1052 1640 aure
1086 1594 1279 1640 admota
1314 1608 1538 1640 somnum
1567 1592 1756 1649 miseri,
1791 1593 1875 1655 qui
1909 1599 2014 1640 tru-

342 1672 520 1721 cidavit
545 1686 647 1732 eos,
683 1686 806 1733 quos
841 1671 1084 1719 habuerat
1120 1673 1415 1730 carissimos,
1453 1672 1726 1730 examinat;
1762 1672 2014 1720 volutante

340 1752 424 1800 illo
462 1766 656 1815 corpus,
693 1766 749 1799 se
782 1750 832 1798 in
869 1751 994 1798 atrio
1030 1751 1276 1810 occultat,
1311 1768 1408 1800 non
1443 1767 1540 1814 quo
1574 1767 1670 1799 non
1703 1751 1930 1800 lubenter
1963 1751 2013 1800 in

339 1833 487 1882 tantis
523 1830 662 1878 malis
698 1830 857 1878 lucem
893 1830 1165 1893 relinquat,
1214 1832 1331 1889 sed,
1378 1846 1440 1879 ne
1474 1831 1556 1878 ille
1591 1822 2012 1895 caede'genitoris

338 1914 557 1979 pollutus
593 1910 718 1958 mala
751 1910 894 1958 malis
929 1917 1131 1972 augeat,
1165 1911 1360 1960 timenS.
1429 1910 1802 1975 Expergiscitur
1833 1909 2014 1960 deinde

339 1991 601 2063 HerculeS‚
637 1989 869 2038 horrente
902 1995 1211 2053 paventeque
1243 1990 1621 2051 Amphitruone,
1656 1989 2014 2040 occultantibus

339 2090 395 2122 se
438 2071 638 2120 senibus
683 2075 735 2118 et
784 2073 970 2117 sortem
1003 2069 1160 2132 patris
1197 2069 1403 2133 perinde
1449 2074 1597 2131 atque
1641 2068 1733 2115 filii
1775 2070 2010 2119 miseran-

336 2154 485 2203 tibus.

467 2229 623 2279 Totus
659 2229 742 2278 hic
775 2234 943 2286 actus,
981 2227 1066 2292 qui
1099 2227 1450 2293 catastrophen
1485 2229 1715 2287 continet,
1750 2227 1871 2276 mira
1904 2233 2012 2278 arte

338 2317 559 2362 structus
597 2311 999 2375 compositusque
1034 2314 1126 2357 est.
1203 2307 1328 2356 Nam
1362 2324 1509 2371 quum
1543 2309 1675 2357 intus
1709 2323 1790 2356 res
1823 2307 2010 2371 gravis-

338 2393 492 2441 simae
539 2406 762 2455 quaeque
808 2388 1053 2452 gerendae
1087 2394 1275 2447 essent,
1327 2394 1489 2436 tamen
1534 2388 1768 2436 effectum
1803 2393 1907 2447 est,
1953 2393 2012 2438 ut

338 2478 452 2520 ante
487 2487 570 2519 ora
606 2476 940 2534 spectatorum
977 2467 1139 2516 omnia
1172 2467 1282 2515 fieri
1300 2467 1597 2519 viderentur.
1648 2467 1860 2516 Primum
1880 2468 2009 2517 enim

336 2551 460 2616 Lyci
505 2551 681 2599 caedes
729 2551 800 2597 sic
835 2554 1111 2613 comparata
1157 2553 1260 2605 est,
1305 2552 1361 2595 ut
1394 2543 1776 2611 praeter‘ictum
1811 2547 2009 2597 letalem

336 2647 495 2696 paene
541 2631 610 2678 nil
654 2633 988 2694 spectatorum
1032 2627 1185 2676 oculis
1221 2626 1535 2676 subducatur.
1604 2627 1792 2675 Deinde
1826 2626 2008 2676 furoris

337 2712 461 2759 ratio
488 2710 676 2768 statim,
702 2716 957 2771 antequam
985 2707 1199 2771 incipiat,
1227 2706 1410 2755 Furiae
1434 2706 1556 2755 deae
1590 2707 1867 2771 praesentis
1903 2722 2009 2755 ser-

336 2806 498 2850 mone,
536 2796 637 2837 tum
673 2790 895 2836 eiusdem
930 2789 979 2835 in
1015 2788 1213 2835 domum
1246 2786 1473 2835 abeuntis
1507 2788 1647 2834 minis
1683 2787 1756 2835 sic
1791 2785 2008 2834 ostendi-

334 2874 431 2930 tur,
467 2875 521 2918 ut
554 2869 679 2917 haec
715 2868 870 2916 oculis
906 2884 1001 2916 non
1034 2866 1339 2914 manifestius
1374 2866 1589 2931 perspici
1622 2882 1773 2931 posse
1803 2864 2007 2913 videan-

334 2958 435 3009 tur,
470 2965 614 3013 quam
649 2950 989 3014 percipiuntur
1023 2947 1244 3006 auribus3
1289 2961 1434 3008 quam
1469 2946 1799 2994 narrationem
1831 2944 2009 2993 merito

335 3028 603 3077 admiratus
635 3036 711 3077 est
745 3030 1039 3093 dignamque
1073 3042 1214 3086 esse,
1250 3041 1394 3088 quam
1429 3025 1645 3089 pictores
1681 3026 2005 3084 imitarentur,

335 3109 477 3157 duxit
500 3108 843 3168 Philostratus,
879 3109 1016 3156 cuius
1051 3107 1197 3155 verba
1228 3105 1544 3169 transcripsit
1578 3104 1827 3168 Pflugkius
1850 3120 1900 3167 p.
1925 3104 2002 3153 13.

334 3186 532 3236 Maiore
567 3188 714 3236 etiam
747 3189 954 3236 horrore
988 3186 1133 3234 animi
1167 3191 1482 3248 occupantur,
1518 3185 1668 3233 choro
1703 3199 1763 3232 ex
1790 3181 2006 3246 strepitu

335 3267 720 3316 discurrentium
754 3268 916 3325 intus,
966 3282 1028 3314 ex
1060 3265 1324 3313 eiulatione
1357 3265 1673 3312 morientium
1707 3267 1757 3309 et
1789 3261 2005 3310 clamore

335 3346 736 3407 lamentantium,
771 3362 832 3394 ex
866 3346 1060 3394 aedium
1095 3343 1415 3393 concussione
1448 3343 1664 3407 singula,
1709 3356 1836 3404 quae
1866 3340 2004 3388 intus

334 3430 600 3488 geruntur,
635 3426 942 3491 significante
975 3441 1032 3476 ac
1065 3424 1263 3491 proprio
1294 3439 1476 3487 pavore
1508 3423 1741 3486 luctuque
1772 3419 2004 3471 timorem
