2170 3848
927 250 1046 311 125

162 419 432 469 eorumque
464 402 574 452 loco
609 402 819 464 PeleuS,
864 402 1003 451 cuius
1036 411 1274 466 generosa
1306 397 1660 448 intercessione
1691 395 1825 463 peri-

161 484 273 534 culo
315 484 512 533 liberati
547 485 644 532 sint
677 482 1023 533 Andromacha
1057 484 1107 527 et
1139 479 1244 526 eius
1277 478 1424 539 filius,
1457 479 1506 527 in
1540 479 1720 527 malum
1753 478 1828 527 in-

163 564 297 613 cidat
346 580 403 612 ac
450 564 604 612 veluti
636 578 820 628 poenas
854 562 955 609 luat
1000 558 1218 608 iustitiae
1252 573 1384 606 suae.
1452 558 1654 606 Scilicet
1684 573 1829 622 prae-

162 648 417 708 ceptorum
468 643 783 705 iudicumque
822 654 1024 688 munere
1070 645 1246 702 poetas
1292 637 1429 699 fungi
1469 637 1682 701 primum
1716 652 1830 686 esse

164 722 318 773 ducit.
386 723 571 773 Melius
616 722 908 779 iudicasset,
954 719 998 767 si
1045 717 1273 765 Emiliam
1319 716 1566 779 Lessingii
1609 717 1831 766 audisset

164 803 290 851 haec
324 802 600 851 dicentem:
648 799 855 861 „Dieses
890 797 1059 846 Leben
1093 797 1160 844 ist
1194 797 1346 854 Alles‚
1383 812 1483 844 was
1519 796 1602 844 die
1629 795 1830 845 Laster-

165 882 335 931 hasten
382 882 557 930 haben.
626 880 755 938 Mir,
811 878 941 926 mein
978 877 1159 937 vater,
1204 877 1299 925 mir
1342 875 1502 942 geben
1536 875 1621 924 Sie
1662 877 1832 926 diesen

164 957 393 1009 Dolch!‘'
457 957 526 1008 Et
558 960 609 1008 in
643 958 872 1008 Schilleri
904 957 1096 1016 fabula,
1148 972 1272 1020 quae
1305 956 1414 1005 Don
1446 955 1621 1004 Karlos
1654 955 1833 1004 inscri-

163 1040 312 1101 bitur,
347 1039 508 1087 salvus
543 1038 707 1087 evadit
743 1038 1019 1103 Philippus,
1055 1031 1216 1085 ‘salvus
1250 1036 1402 1097 Alba,
1437 1036 1595 1084 salvus
1630 1036 1833 1086 Domin-

162 1134 272 1183 gus,
308 1119 428 1167 salvi
462 1120 670 1183 improbi
706 1134 901 1178 omnes;
936 1118 1070 1165 solus
1106 1115 1232 1165 Posa
1265 1125 1315 1166 et
1347 1116 1520 1172 Karlos
1546 1115 1834 1164 mulcantur.

164 1198 300 1247 Nihil
335 1199 509 1248 didicit
542 1215 604 1247 ex
636 1198 902 1261 tragoediis
934 1196 1274 1255 Hermannus,
1310 1197 1354 1246 si
1385 1197 1480 1245 hoc
1515 1211 1612 1245 non
1644 1194 1834 1255 didicit,

164 1278 355 1328 virtutis
389 1280 657 1343 praemium
690 1279 886 1326 labores
920 1292 1047 1325 esse.

297 1358 564 1407 Probatum
612 1374 724 1406 esse
757 1359 853 1405 hoc
901 1358 1070 1405 drama
1114 1356 1324 1420 antiquis
1371 1356 1529 1405 multa
1572 1358 1836 1415 testantur,

166 1439 409 1502 imprimis
456 1439 665 1498 iudicia,
719 1454 842 1501 quae
889 1443 1061 1485 auctor
1109 1438 1387 1501 argumenti
1436 1436 1622 1485 retulit.
1692 1434 1837 1496 Quod

167 1519 300 1567 idem
350 1534 444 1567 non
489 1518 735 1584 primum,
785 1517 874 1565 sed
911 1518 1182 1565 secundum
1217 1516 1340 1565 illud
1374 1516 1424 1564 in
1460 1514 1729 1564 certamine
1763 1515 1837 1563 di-

166 1598 491 1647 dascaliarum
534 1599 803 1646 iudicatum
851 1613 964 1645 esse
1009 1597 1256 1660 significat
1301 1594 1384 1657 (τὸ
1431 1591 1486 1645 δὲ
1522 1593 1699 1658 δρᾶμα
1729 1593 1838 1644 τῶν

167 1676 472 1742 δευτέρων),
507 1693 604 1726 non
638 1678 950 1725 mirabuntur
983 1678 1065 1739 qui
1100 1677 1266 1724 inesse
1289 1692 1347 1724 ea
1371 1678 1694 1741 reputabunt,
1730 1676 1838 1738 qui-

166 1762 258 1810 bus
293 1774 516 1824 magnam
549 1758 724 1806 civium
758 1761 968 1821 partem,
1003 1762 1139 1804 certe
1173 1756 1452 1819 quicunque
1471 1757 1642 1806 Niciae
1668 1759 1839 1804 aucto-

167 1841 365 1888 ritatem
413 1840 675 1900 sequentes
720 1852 898 1900 pacem
941 1842 1088 1900 atque
1122 1836 1541 1885 Lacedaemonios
1587 1836 1840 1897 fovebant,

169 1918 414 1967 offensam
438 1932 551 1964 esse
576 1931 782 1964 necesse
817 1916 899 1966 sit.
967 1917 1192 1964 Alterum
1227 1916 1564 1964 testimonium
1600 1921 1712 1964 sunt
1743 1915 1841 1964 loci

171 1998 498 2062 scriptorum,
546 1995 629 2058 qui
676 1995 738 2043 ad
780 1996 906 2043 hanc
954 1994 1172 2043 fabulam
1206 2001 1550 2059 respexerunt.
1614 1995 1839 2044 Imitatus

171 2082 250 2126 est
283 2074 555 2126 Menander
587 2090 782 2122 versum
816 2077 928 2124 207.
965 2081 1016 2124 et
1049 2077 1159 2122 925.
1197 2074 1286 2139 (cf.
1325 2076 1510 2138 Pflugk.
1546 2076 1606 2124 ad
1643 2075 1689 2123 v.
1725 2077 1838 2124 207.

170 2162 224 2207 et
247 2156 401 2219 944.).
436 2155 591 2205 Abusi
609 2159 722 2203 sunt
749 2153 973 2204 Eubulus
998 2171 1076 2219 ap.
1094 2156 1271 2203 Athen.
1295 2172 1342 2219 p.
1367 2159 1447 2207 63.
1464 2155 1520 2206 1).
1534 2171 1682 2204 versu
1707 2158 1840 2217 370„

172 2237 416 2287 Charinus
451 2235 743 2298 Syracusius
774 2251 848 2299 ap.
876 2236 1087 2284 eundem
1119 2253 1168 2300 p.
1197 2237 1243 2283 4.
1266 2237 1320 2284 B.
1360 2252 1506 2284 versu
1534 2237 1649 2287 449.
1717 2235 1840 2284 Per-

171 2317 371 2366 strinxit
395 2315 778 2379 Aristoph.Lys.
796 2317 905 2364 155.
931 2332 978 2367 v,
994 2319 1137 2376 630.;
1164 2316 1375 2364 eundem
1391 2321 1714 2380 respexerunt
1730 2315 1840 2364 Ari-

170 2398 343 2457 stides,
379 2395 607 2444 Clemens
641 2396 779 2444 Alex.
815 2399 867 2444 et
902 2394 1145 2455 Galenus3
1179 2395 1473 2443 Plutarchus
1497 2399 1660 2444 autem
1687 2401 1738 2443 et
1761 2394 1841 2444 Iu-

171 2477 329 2526 lianus
362 2476 414 2524 in
448 2475 589 2523 Caes.
631 2491 680 2540 p.
713 2477 793 2523 46.
833 2475 990 2540 (3:31.)
1018 2492 1060 2523 v.
1090 2477 1207 2527 449.
1237 2481 1289 2524 et
1314 2477 1458 2537 684„
1507 2475 1840 2523 Philostratus

171 2573 216 2605 v.
239 2558 369 2617 419„
403 2554 645 2603 Diodorus
670 2570 714 2602 v.
741 2557 851 2603 765.
920 2554 1206 2615 Stobaeum‚
1240 2554 1476 2604 Tzetzem
1513 2560 1565 2603 et
1597 2571 1841 2618 gramma-

171 2637 297 2685 ticos
331 2636 520 2684 omitto.
589 2634 762 2684 Tertio
808 2636 932 2690 locov
961 2635 1241 2685 nominandi
1275 2642 1390 2684 sunt
1423 2635 1842 2684 nobilissimorum

173 2715 459 2764 criticorum
501 2715 928 2779 interpretumque
978 2715 1344 2775 commentarii,
1398 2717 1529 2764 inter
1573 2730 1696 2778 quos
1745 2715 1843 2764 fuit

172 2794 430 2858 DidymuS‚
466 2795 605 2843 cuius
641 2796 939 2844 mentionem
972 2795 1158 2843 faciunt
1194 2795 1382 2843 scholia
1415 2797 1540 2844 adv.
1561 2797 1675 2845 867.
1737 2795 1844 2843 De-

170 2875 321 2938 nique
356 2876 834 2924 commemorandum
870 2880 964 2935 est,
999 2875 1130 2938 quod
1156 2880 1304 2922 totam
1331 2875 1634 2939 tragoediam
1654 2875 1843 2924 Ennius

172 2954 396 3003 imitatus
431 2960 538 3011 est,
578 2955 722 3002 cuius
769 2956 1006 3004 versionis
1052 2953 1342 3017 fragmentis
1390 2954 1549 3003 aliena
1584 2956 1844 3018 quaedam,

174 3049 237 3083 ex
269 3032 522 3082 Troadum
559 3035 767 3098 quadam
811 3035 1082 3084 imitatione
1117 3035 1389 3097 depromta,
1426 3035 1843 3084 intermiscentur.

172 3112 400 3162 Liberius
435 3113 641 3162 eandem
676 3113 908 3164 Racinius
932 3115 1105 3164 Gallus
1131 3114 1349 3163 imitatus
1380 3120 1473 3177 est,
1509 3115 1648 3164 cuius
1673 3116 1844 3164 drama

171 3208 333 3256 neque
366 3193 527 3258 ipsum
560 3192 683 3242 mihi
715 3210 877 3258 neque
910 3211 1034 3260 quae
1070 3194 1133 3244 de
1168 3210 1228 3244 eo
1262 3211 1291 3243 a
1317 3193 1475 3245 Gallis
1508 3195 1695 3260 scripta
1729 3199 1844 3244 sunt

173 3271 445 3323 innotuisse
475 3274 649 3323 fateor.
