2170 3848
1205 285 1286 342 20

401 436 592 491 autem,
635 435 692 481 ut
723 429 1055 496 Hippocrates
1089 446 1150 479 ex
1185 429 1389 480 Athenis
1423 430 1574 480 ducto
1606 430 1827 481 exercitu
1859 431 2081 498 pedestri

405 510 629 568 Delium,
680 509 917 574 Apollinis
952 510 1191 574 templum
1219 512 1268 559 in
1302 510 1583 572 Tanagraea
1617 511 1781 574 situm,
1815 517 2081 578 occuparet

404 596 556 654 utque
603 591 778 638 eodem
815 590 893 638 die
928 589 1318 650 Demosthenes,
1371 590 1496 637 alter
1529 589 1899 641 Atheniensium
1935 607 2081 657 prae-

402 676 499 728 tor,
534 671 716 719 coactis
768 686 829 718 ex
867 669 1135 717 Acarnania
1179 675 1229 717 et
1262 670 1437 717 vicinis
1471 669 1593 717 locis
1627 671 1872 720 sociorum
1906 671 2082 737 copiiS‚

404 764 518 798 cum
551 750 749 798 navibus
785 749 1101 813 quadraginta
1141 750 1202 797 ad
1241 748 1543 813 Naupactum
1578 749 1984 814 proficisceretur
2019 749 2082 799 ad

401 829 729 878 insidiandum
767 828 953 893 Siphis,
991 827 1174 892 oppido
1209 829 1258 876 in
1296 830 1406 877 sinn
1431 829 1635 877 Crisaeo
1671 829 1787 886 sito,
1822 829 1952 894 quod
1977 831 2082 894 qui-

403 907 517 956 dam
541 909 837 956 Boeotorum
874 924 965 972 per
989 908 1314 971 proditionem
1342 909 1541 956 tradere
1566 908 1939 957 constituerant.
1987 910 2084 959 Er·

402 1004 516 1036 rore
549 988 758 1044 dierum,
793 988 968 1049 quibus
1005 991 1217 1049 uterque
1249 993 1534 1051 praetorum
1570 988 1822 1052 proficisci
1843 989 2083 1049 debebat,

402 1068 588 1117 factum
625 1075 724 1126 est,
762 1072 832 1123 ut,
869 1082 1015 1131 quum
1056 1064 1414 1115 Demosthenes
1450 1067 1584 1130 prior
1618 1069 1679 1116 ad
1714 1067 1891 1132 Siphas
1926 1067 2084 1133 appli-

405 1154 596 1207 casset,
634 1163 715 1195 res
751 1147 935 1194 frustra
972 1154 1135 1204 esset,
1185 1147 1396 1194 detectis
1431 1163 1524 1210 per
1558 1146 1910 1194 Nicomachum
1948 1146 2084 1195 Pho-

404 1244 603 1277 censem
637 1227 847 1275 insidiis.
903 1225 974 1272 Ea
1009 1240 1064 1272 re
1100 1225 1292 1289 cognita
1327 1227 1583 1285 coniurati,
1621 1225 1703 1289 qni
1738 1226 1786 1273 in
1808 1225 2083 1275 civitatibus

402 1323 485 1357 res
519 1323 699 1356 novare
733 1306 1001 1363 voluerant,
1038 1304 1341 1367 quieverunt.
1412 1305 1746 1369 Hippocrates
1779 1305 1960 1363 auten'i,
1997 1320 2084 1354 ex-

403 1388 554 1436 citato
588 1386 719 1434 omni
753 1385 934 1449 populo
970 1385 1289 1439 Atheniensi,
1327 1384 1546 1444 civibuS,
1582 1383 1754 1432 incolis
1790 1391 1840 1432 et
1872 1383 2084 1448 hospiti·-

404 1468 497 1516 bus
524 1467 800 1530 quicunque
826 1465 1046 1523 aderant,
1077 1464 1325 1527 posterior
1350 1463 1600 1511 contendit
1624 1463 1682 1511 ad
1704 1461 1914 1523 Delium,
1956 1464 2084 1513 Boe-

403 1547 497 1596 otis
533 1547 625 1594 iam
661 1545 871 1592 reversis
907 1561 935 1592 a
957 1543 1126 1606 Siphis
1151 1550 1200 1591 et
1223 1542 1527 1598 Chaeronea,
1566 1559 1687 1607 quas
1722 1544 1889 1604 urbes,
1921 1543 2084 1609 prius-

405 1642 548 1691 quam
571 1625 836 1688 quidquam
861 1623 1223 1671 Demosthenes
1246 1621 1518 1682 moliretur,
1556 1629 1930 1687 occnpaverant.
1977 1622 2083 1683 Ine,

404 1720 698 1769 quamquam
736 1719 847 1750 sero
883 1719 939 1750 se
973 1703 1228 1750 advenisse
1264 1703 1515 1764 cognovit,
1551 1709 1712 1750 tamen
1746 1702 1938 1750 Delium
1974 1719 2083 1750 mu-

403 1785 542 1834 nivit.
614 1783 858 1831 Pei-fectis
902 1783 1215 1830 munimentis
1261 1782 1310 1828 in
1357 1781 1480 1829 fines
1528 1783 1720 1832 Atticae
1763 1783 1824 1830 ad
1860 1782 2083 1845 Oropum

404 1864 630 1918 recessit,
653 1863 1001 1923 statimque
1026 1861 1209 1924 (quae
1238 1877 1285 1908 m
1305 1861 1512 1909 axima
1539 1860 1891 1910 multitudo
1916 1859 2081 1924 erat)

403 1943 570 1993 levis
605 1948 977 1989 armaturae
1003 1940 1254 1988 milites
1283 1940 1768 1999 discesserunt,
1794 1941 1973 2005 reliqui
1994 1956 2084 2004 po-

404 2023 514 2072 sitis
550 2022 699 2070 armis
735 2020 1069 2083 quiescebant.
1138 2019 1315 2066 Boeoti
1358 2024 1521 2067 autem
1559 2036 1620 2068 ex
1654 2021 1880 2068 omnibus
1914 2020 2083 2068 eivita-

405 2103 537 2153 tibus
574 2101 758 2150 coactis
794 2099 949 2162 copiis
985 2098 1278 2146 recedentes
1303 2098 1511 2147 insecuti
1538 2106 1668 2148 sunt.
1717 2099 1915 2147 Proelio
1946 2114 2083 2148 com-

367 2226 372 2227 ι
403 2182 557 2232 misso
592 2179 970 2229 Atheniensium
1007 2178 1283 2236 exercitus,
1330 2195 1479 2242 quum
1515 2195 1575 2227 ex
1610 2179 1774 2244 gravis
1809 2185 2084 2227 armaturae

405 2260 643 2311 militibus
685 2264 818 2308 totus
865 2262 1139 2313 constaret,
1199 2257 1340 2304 clade
1399 2257 1607 2306 affectus
1655 2265 1731 2307 est
1778 2254 2079 2323 gravissima.

406 2341 549 2389 Hanc
597 2339 704 2387 sine
747 2338 896 2387 dubio
940 2353 1046 2385 rem
1080 2343 1270 2400 gestam
1317 2339 1521 2402 respicit
1554 2338 1823 2403 Euripides
1858 2354 1921 2387 eo
1955 2338 2081 2399 loco,

406 2436 503 2485 quo
538 2419 660 2467 levis
695 2418 893 2482 quidem
930 2421 1207 2466 armaturae
1242 2417 1456 2476 utilitas,
1504 2419 1662 2482 gravis
1696 2424 1860 2467 autem
1894 2419 2082 2466 incom-

404 2500 550 2549 moda
584 2498 918 2561 explicantur,
952 2511 997 2544 v.
1037 2497 1336 2545 190—203.
1382 2497 1515 2546 Vera
1542 2498 1669 2545 enim
1694 2498 1819 2545 haec
1850 2513 1963 2545 esse
1996 2496 2083 2544 illo

404 2578 598 2644 proelio
633 2578 886 2642 cognitum
922 2580 1026 2623 est:
1061 2589 1169 2622 nam
1207 2591 1355 2638 quum
1392 2577 1514 2623 aciei
1548 2591 1662 2639 pars
1683 2577 1840 2625 altera
1862 2576 2082 2633 vicisset,

405 2659 560 2707 altera
592 2658 722 2705 victa
755 2662 905 2714 esset,
938 2655 1084 2702 huius
1119 2654 1285 2702 clades
1319 2656 1452 2703 illam
1477 2656 1641 2714 traxit,
1677 2656 1998 2718 immissoque
2021 2655 2082 2703 ab

405 2738 628 2787 hostibus
665 2736 887 2800 equitatu
922 2749 1092 2781 omnes
1127 2735 1401 2797 perturbati
1436 2740 1564 2784 sunt.

538 2815 795 2864 Discordia
822 2813 1030 2862 civitatis
1049 2813 1399 2861 Thebanorum
1426 2819 1477 2862 et
1502 2814 1731 2877 iniquitas
1757 2813 2081 2877 optimatium,

407 2913 503 2962 qua
538 2895 621 2959 qui
655 2902 705 2943 et
725 2893 951 2958 populari
971 2893 1219 2957 potentiae
1243 2898 1292 2940 et
1317 2893 1543 2940 societati
1567 2893 1942 2942 Atheniensium
1969 2898 2081 2940 stu-

389 2974 1040 3039 edebant-opprimebantur,
1077 2971 1216 3020 hisce
1251 2971 1553 3034 significatur
1587 2974 1783 3021 v'erbis:

422 3071 466 3104 v.
487 3057 610 3103 2¹10:
689 3081 752 3088 -
918 3077 982 3086 -—-
1145 3077 1211 3086 —-
1377 3048 1443 3100 οὐ
1476 3048 1579 3115 γὰρ
1615 3044 1674 3101 εὖ
1707 3049 1903 3115 φρονεῖ
1929 3048 2080 3110 πόλις

537 3131 772 3183 στάσει
805 3132 1107 3181 νοσοῦσα
1139 3128 1251 3181 καὶ
1283 3134 1533 3190 κακοῖς
1565 3129 2058 3196 βουλεύμασιν.

422 3216 615 3263 v.582:
647 3203 880 3270 πολλοὺς
913 3207 1154 3274 πένητας,
1191 3208 1484 3275 ὀλβίους
1519 3209 1586 3261 δὲ
1617 3215 1701 3274 τῷ
1734 3208 1918 3276 λόγῳ

538 3291 926 3350 δοκοῦντας
961 3283 1176 3351 εἶναι,
1213 3290 1523 3356 συμμάχους
1555 3288 1685 3352 ἄναξ
1718 3287 1836 3355 ἔχει,

532 3372 586 3424 οἳ
615 3372 798 3423 στάσιν
829 3368 1033 3437 ἔθηκαν
1065 3368 1151 3421 καὶ
1186 3369 1441 3421 διώλεσαν
1473 3371 1627 3422 πόλιν

534 3450 630 3517 ἐφ’
665 3450 1052 3517 ἁρπαγαῖσι
1083 3451 1213 3501 τῶν
1245 3448 1471 3512 πέλας,
1508 3449 1583 3502 τὰ
1618 3449 1667 3501 δ’
1702 3443 1774 3498 ἐν
1805 3446 2045 3512 δόμοις

533 3530 904 3584 δαπάναισι
925 3530 1214 3597 φροῦδα,
1241 3524 1652 3598 διαφυγόνθ’
1695 3528 1798 3581 ὑπ’
1822 3526 2080 3595 ἀργίας.
