2170 3848
933 245 1010 303 15

262 397 313 449 εἰ
341 394 462 448 θεοί
493 412 543 446 τι
576 393 775 459 δρῶσιν
808 391 1040 459 αἰσχρόν,
1075 389 1177 441 οὐκ
1210 389 1341 441 εἰσὶν
1372 389 1492 441 θεοί
1522 419 1586 428 -

237 477 296 530 ’ὁ
330 477 422 537 σὸς
457 475 505 528 δ’
542 476 672 526 ἰδών
703 492 791 525 νιν
822 477 955 532 νοῦς
989 469 1287 537 ἐποιήθη
1325 470 1602 537 Κύπρις.

133 557 419 624 Opinabiles
455 574 567 607 esse
601 557 923 606 arbitrabatur
957 553 1093 613 deos,
1129 554 1209 616 qui
1243 552 1607 615 voluptatibus,
1643 550 1796 601 ambi-

131 639 254 688 tioni
301 645 354 688 et
399 639 599 701 reliquis
647 637 776 684 vitiis
823 634 1044 682 humanis
1090 633 1362 690 servirent,
1416 632 1498 694 qui
1545 630 1798 680 hominum

131 719 344 767 victimis
378 734 432 768 se
466 716 647 782 placari
678 715 932 772 iuberent,
980 713 1063 777 qui
1098 712 1310 774 denique
1344 711 1394 758 in
1428 710 1799 759 similitudinem

134 814 328 847 morum
359 798 681 846 humanorum
705 795 1005 857 fingerentur
1028 787 1242 856 (θνητοὶ
1266 791 1411 840 θεῶν
1433 788 1644 853 νόμοισι
1668 788 1796 855 χρώ·

135 880 291 942 μεθα,
329 877 524 939 Hippoi.
560 871 694 936 92),
730 889 932 937 quorum
969 879 1130 921 tamen
1163 873 1390 936 personis
1426 888 1563 919 more
1598 874 1657 919 ab
1691 871 1798 919 Ho-

133 973 271 1007 mero
321 955 501 1004 tradito
548 969 638 1018 per
681 953 920 1018 quandam
955 953 1360 1018 significationem
1397 949 1695 1016 (Allegorie)
1729 951 1800 1000 uti

134 1052 230 1085 non
266 1035 517 1082 dubitavit.
586 1033 695 1081 Non
729 1033 935 1091 debent,
973 1033 1146 1096 iuquit,
1183 1034 1404 1080 homines
1440 1047 1554 1079 suos
1589 1046 1802 1094 errores,

134 1132 223 1165 sua
257 1114 372 1162 vitia
405 1115 452 1162 in
489 1113 609 1160 deos
643 1103 912 1161 transferre
946 1129 1104 1176 neque
1138 1113 1316 1161 stultos
1350 1112 1656 1174 iniustusque
1690 1127 1803 1160 esse

134 1195 255 1244 deos
289 1193 495 1258 fingere,
542 1194 622 1255 qui
656 1193 791 1254 leges
825 1198 877 1241 et
910 1181 1132 1240 civitates
1166 1193 1491 1251 condiderunt
1525 1198 1574 1239 et
1608 1191 1807 1240 omnino

134 1276 403 1334 bonorum,
451 1289 546 1321 non
582 1273 847 1331 malorum,
893 1279 1128 1320 auctores
1156 1279 1295 1320 sunt:
1340 1271 1524 1322 Troad.
1561 1274 1686 1319 981:
1731 1267 1805 1337 μὴ

135 1352 360 1420 ἀμαθεῖς
391 1352 553 1417 κρίνει
589 1344 751 1410 θεοὺς
783 1349 852 1401 τὸ
888 1350 1011 1401 σὸν
1043 1351 1263 1402 κακὸν
1299 1353 1683 1414 κοσμοῦσα,
1730 1349 1805 1418 μὴ

136 1433 203 1485 οὐ
234 1433 415 1500 πείσῃς
446 1432 652 1497 σοφούς
667 1429 735 1496 *).
804 1433 907 1484 Ion.
942 1434 1067 1481 454:
1113 1432 1225 1491 πῶς
1259 1425 1360 1482 οὖν
1405 1430 1612 1482 δίκαιον
1646 1425 1807 1492 τοὺς

136 1515 398 1580 νόμους
441 1511 615 1579 ὑμᾶς
660 1513 943 1577 βροτοῖς
978 1512 1387 1578 γράψαντας
1435 1506 1631 1572 αὐτοὺς
1679 1511 1806 1564 οἰνο-

136 1594 264 1660 μίαν
296 1592 662 1660 όφλισκάνειν;
699 1594 870 1658 Suppl.
906 1596 1028 1642 201:
1064 1593 1194 1643 αἰνῶ
1229 1592 1274 1644 δ’
1311 1594 1369 1653 ὃς
1401 1593 1530 1660 ἡμῖν
1564 1593 1806 1658 βίοτον

138 1673 208 1727 ἐκ
237 1671 685 1741 πεφυρμένου
731 1672 844 1723 καὶ
886 1674 1282 1739 θηριώδους
1327 1675 1503 1725 θεῶν
1539 1673 1806 1725 διεστα-

136 1756 466 1823 θμήσατο,
502 1756 717 1819 πρῶτον
750 1751 847 1818 μὲν
881 1751 1054 1813 ἐνθεὶς
1088 1754 1389 1817 σύνεσιν,
1425 1749 1536 1805 εἶτα
1570 1754 1617 1805 δ’
1652 1757 1807 1822 ἄγγε-

138 1839 237 1888 λον
296 1837 615 1902 γλῶσσαν
657 1834 833 1898 λόγων
878 1827 1006 1894 δοὺς
1048 1837 1156 1887 κτλ.
1254 1836 1616 1885 Consuluerunt
1660 1839 1807 1900 igitur

141 1924 195 1968 et
239 1922 599 1982 prospexerunt
647 1917 717 1965 dii
766 1917 915 1964 rebus
966 1916 1192 1964 humanis
1240 1917 1481 1965 rationem
1532 1923 1581 1965 et
1626 1919 1807 1966 oratio·

139 2013 253 2047 nem
302 1996 559 2045 tribuendo
617 2002 669 2044 et
713 1995 902 2059 reliqua
954 1996 1107 2056 bona,
1166 1996 1342 2059 quibus
1387 1997 1485 2045 vita
1530 1997 1807 2048 mortalium

139 2076 331 2127 exculta
367 2091 660 2140 a-pecorum
697 2075 919 2132 feritate,
966 2092 1128 2139 „quae
1162 2083 1333 2125 natura
1368 2093 1522 2142 prona
1556 2077 1700 2125 finxit
1732 2084 1807 2126 at-

137 2173 235 2221 que
266 2155 426 2204 ventri
459 2155 796 2212 obedientia'’,
846 2156 1172 2218 distinguitur.
1253 2155 1330 2217 „D
1345 2173 1423 2205 ux
1458 2158 1671 2220 igitur
1705 2164 1807 2207 at-

139 2253 256 2302 que
288 2236 645 2301 imperator
676 2237 853 2284 vitae
887 2236 1260 2284 mortalium
1302 2238 1554 2285 animus
1590 2237 1808 2301 est**)‚

137 2317 251 2382 qui,
297 2317 381 2365 ubi
415 2316 478 2364 ad
510 2316 715 2380 gloriam
745 2317 937 2364 virtutis
970 2317 1043 2364 via
1077 2324 1357 2380 grassatur,
1391 2319 1585 2365 abunde
1619 2318 1809 2381 pollens

134 2404 409 2463 potensque
453 2402 506 2445 et
547 2396 708 2445 clarus
744 2404 821 2444 est
855 2413 1015 2460 neque
1050 2397 1243 2445 fortuna
1276 2403 1416 2462 eget,
1465 2398 1649 2462 quippe
1685 2414 1812 2462 quae

135 2477 456 2542 probitatem,
514 2476 804 2524 industriam
849 2477 1065 2540 aliasque
1111 2478 1261 2525 bonas
1305 2472 1436 2525 artes
1482 2493 1643 2540 neque
1691 2480 1811 2527 dare

133 2573 296 2621 neque
341 2556 534 2620 eripere
568 2557 790 2620 cuiquam
827 2562 1008 2620 potest.
1087 2556 1173 2605 Sin
1208 2564 1381 2620 captus
1416 2558 1580 2621 pravis
1615 2558 1810 2621 cupidi-

139 2637 278 2686 nibus
306 2637 367 2684 ad
393 2637 618 2685 inertiam
655 2641 706 2685 et
739 2636 1014 2700 voluptates
1051 2638 1270 2700 corporis
1320 2653 1521 2701 pessum
1556 2637 1698 2686 datus
1731 2644 1811 2687 est

198 2790 247 2845 ²⁹)
284 2791 407 2833 Adde
440 2793 581 2834 schol.
622 2792 765 2834 Orest.
795 2790 906 2832 417:
948 2792 1072 2834 θέλει
1104 2789 1311 2833 ἐνταῦθα
1341 2791 1486 2844 δεῖξαι
1517 2789 1541 2834 ὁ
1574 2790 1811 2843 Μενέλαος

281 2860 345 2919 τῷ
380 2859 592 2919 Ὀρέστῃ,
634 2859 706 2906 ὅτι
744 2859 827 2918 οὐχ
857 2859 881 2906 ὁ
911 2859 1129 2904 Ἁπόλλων
1158 2859 1432 2919 προςέταξεν
1463 2857 1589 2921 αὐτῷ
1617 2863 1700 2907 τὸν
1727 2865 1811 2920 τῆς

278 2930 448 2987 μητρὸς
485 2930 656 2986 φόνον,
701 2929 812 2977 ἀλλ’
850 2933 1098 2976 οἴκοθεν
1139 2930 1544 2990 ἐργασάμενος
1571 2936 1807 2978 τοῦτον·

280 2998 379 3045 ἐπεὶ
415 2999 463 3044 δὲ
502 3003 733 3058 δνςτυχεῖ,
777 3002 1180 3061 προβάλλεται
1219 2999 1322 3046 τὸν
1357 2998 1679 3048 Ἀπόλλωνα
1717 3008 1808 3048 κτλ.

278 3072 428 3128 Iphig.
469 3071 523 3113 T.
551 3072 658 3115 392:
713 3071 881 3117 ου’δένα
921 3072 1006 3130 γὰρ
1050 3070 1178 3126 οἶμαι
1218 3072 1452 3130 δαιμόνων
1493 3072 1613 3118 εἶναι
1649 3073 1808 3119 κακόν.

282 3143 406 3198 Cycl.
437 3157 479 3184 v.
509 3141 605 3184 352.
638 3149 681 3186 et
710 3159 822 3199 quae
854 3144 1038 3200 collegit
1066 3146 1210 3186 flasse
1241 3160 1284 3199 p.
1315 3142 1373 3186 34
1401 3159 1465 3200 sq.

169 3212 247 3268 *ἢ
282 3213 402 3255 Plat.
443 3213 611 3269 Cratyl.
641 3211 739 3259 413.
771 3216 828 3257 C:
869 3213 921 3259 τὰ
970 3217 1151 3258 δίκαιον
1195 3208 1220 3257 ὃ
1258 3212 1373 3269 λέγει
1410 3210 1810 3273 Ἀναξαγόρας

276 3283 387 3327 νοῦν
430 3279 546 3326 εἶναι
583 3284 742 3338 τοῦτο,
774 3281 1206 3341 αὐτοκράτορα
1245 3282 1347 3342 γὰρ
1387 3283 1525 3330 ὄντα
1570 3287 1667 3330 καὶ
1706 3282 1808 3330 ον’-

279 3352 411 3397 δενὶ
452 3352 819 3409 μεμιγμένον
854 3355 1008 3399 πάντα
1054 3356 1195 3410 φησὶν
1223 3352 1367 3399 αὐτὸν
1394 3361 1579 3410 κοσμεῖν
1602 3356 1660 3400 τὰ
1689 3355 1809 3415 πρά-

274 3438 436 3479 γματα,
461 3423 539 3468 διὰ
569 3422 754 3468 πάντων
782 3424 928 3470 ἰόντα.
971 3426 1029 3469 cf.
1057 3427 1204 3469 Haase
1234 3428 1263 3469 l.
1294 3428 1325 3470 l.
1358 3442 1402 3482 p.
1432 3425 1500 3469 15.
