2170 3866
950 286 1070 343 391

171 433 330 483 mines
378 431 650 481 mutasse.''
718 430 1146 482 Descendentibus
1180 431 1310 481 enim
1344 432 1438 482 diis
1471 433 1700 483 homines
1733 451 1848 486 eve-

170 513 373 572 huntur,
417 518 475 561 ut
510 513 786 561 communio
822 514 1063 575 quaedam
1098 519 1150 561 et
1183 513 1534 562 commercium
1567 515 1848 565 mortalium

170 609 285 642 cum
318 593 677 642 immortalibus
714 593 913 654 existat,
952 594 1004 641 id
1039 592 1168 658 quod
1203 592 1408 641 efficere
1439 580 1694 658 proprium
1727 611 1848 661 poe-

170 677 331 722 tarum
369 672 586 720 officium
624 678 715 723 est.

300 752 528 816 Pugnare
576 768 727 817 saepe
776 767 946 800 secum
994 766 1118 815 quae
1153 750 1380 801 sublimia
1413 753 1739 818 effinguntur,
1785 769 1849 804 ex

170 832 278 893 his,
334 848 459 897 quae
506 832 861 891 disseruimus,
910 831 1212 895 intelligitur.
1293 831 1638 898 Repugnantia
1683 839 1847 883 autem

172 927 331 976 prope
377 914 555 961 absunt
596 912 655 959 ab
691 912 920 961 absurdis
957 916 1104 977 atque
1138 911 1375 964 ridiculis,
1444 911 1720 963 Discrimen
1751 929 1848 964 non

171 992 222 1040 in
258 992 405 1040 rebus
438 991 560 1055 ipsis
596 993 812 1057 positum
850 998 955 1054 est,
1006 993 1095 1040 sed
1129 992 1177 1040 in
1212 1007 1360 1041 sensu
1395 997 1542 1057 atque
1575 993 1723 1042 animi
1757 994 1847 1043 ha-

172 1071 299 1129 bitu,
335 1065 433 1134 quo
467 1071 550 1120 illa
585 1073 903 1137 percipimus·
973 1071 1135 1136 Saepe
1168 1071 1319 1136 igitur
1351 1073 1433 1134 fit,
1469 1080 1523 1122 ut
1557 1073 1732 1122 eadem
1765 1088 1848 1122 res

172 1150 277 1199 aliis
324 1157 511 1199 metum
546 1157 598 1199 et
643 1151 1039 1211 miserationem,
1075 1151 1184 1198 aliis
1219 1152 1370 1200 risum
1407 1158 1626 1213 moveat,
1670 1157 1723 1200 et
1763 1151 1849 1199 illa

171 1246 297 1293 quae
332 1230 395 1278 de
429 1230 648 1277 Homero
699 1231 952 1278 attulimus
1000 1230 1312 1278 sublimitatis
1363 1231 1587 1295 exempla
1630 1230 1710 1279 vix
1759 1229 1848 1278 ho-

172 1309 255 1358 die
302 1309 408 1357 sine
467 1310 570 1357 risu
618 1325 917 1374 cognoscere
960 1325 1238 1374 possumus.
1318 1309 1409 1358 Eo‘
1439 1311 1681 1375 pertinet,
1716 1309 1849 1373 quod

170 1389 306 1437 tenui
349 1389 629 1437 discrimine
675 1389 900 1436 sublimia
947 1405 973 1436 a
1017 1389 1206 1437 levibus
1255 1390 1488 1454 distingui
1522 1390 1649 1439 dixit
1680 1389 1848 1453 Napo-

170 1468 310 1530 leon,
373 1468 503 1531 quod
552 1484 798 1516 summum
845 1468 1073 1517 ardorem
1124 1470 1272 1516 animi
1309 1469 1394 1531 (ex
1439 1486 1536 1532 quo
1582 1473 1849 1517 nascuntur

171 1547 422 1610 sublimia)
459 1547 666 1596 vicinum
703 1548 981 1596 dementiae
1014 1565 1126 1596 esse
1162 1548 1303 1597 multi
1338 1565 1488 1614 saepe
1522 1549 1848 1610 affirmarunt,

171 1629 303 1692 quod
338 1627 594 1676 ardentem
632 1634 907 1688 oratorem,
955 1629 1187 1690 quoniam
1221 1629 1319 1676 alte
1354 1629 1673 1688 ascenderet,
1716 1627 1848 1691 peri-

171 1708 335 1757 culum
370 1707 470 1755 alte
506 1707 715 1754 cadendi
746 1707 885 1755 adire
927 1707 1116 1756 monuit
1151 1707 1342 1758 Cicero.
1409 1709 1565 1757 Addit
1595 1708 1757 1766 idem,
1805 1705 1848 1754 si

169 1803 288 1836 non
337 1787 766 1851 praeparatis
804 1787 1070 1837 auribus
1105 1788 1407 1836 inflammare
1440 1804 1547 1836 rem
1583 1787 1847 1850 coepisset,

151 1866 344 1915 -furere
390 1882 500 1914 eum
551 1866 680 1927 apud
730 1879 875 1914 sanos
925 1873 974 1914 et
1018 1867 1158 1930 quasi
1205 1867 1335 1915 inter
1381 1869 1572 1917 sobrios
1618 1865 1846 1914 bacchari

171 1946 476 1995 vinolentum
533 1946 704 1996 videri.
789 1946 979 1994 Sobriis
1024 1947 1176 2009 igitur
1219 1947 1514 2010 frigidisque
1566 1946 1848 1994 hominibus

172 2025 294 2074 nihil
340 2025 548 2073 sublime
592 2042 703 2074 esse
738 2026 1040 2090 significavit.
1111 2024 1264 2090 Origo
1299 2015 1618 2074 sublimitatis
1654 2030 1706 2073 et
1736 2025 1846 2072 fon·

172 2110 252 2154 tes
302 2106 441 2169 quasi
485 2106 655 2167 nativi,
702 2106 750 2153 id
798 2106 926 2169 quod
975 2109 1112 2154 recte
1146 2104 1386 2153 intellexit
1418 2105 1697 2169 Longinus,
1748 2104 1846 2153 duo

172 2190 315 2244 sunt,
375 2185 584 2249 primum
646 2185 919 2234 sententiae
972 2184 1230 2249 grandium
1279 2191 1570 2249 appetentes
1617 2183 1851 2250 (νοήσεις

171 2262 576 2330 ἄδρεπήβολοι),
627 2265 768 2313 cuius
814 2265 1011 2328 generis
1047 2271 1125 2312 est
1158 2264 1427 2312 Alexandri
1474 2264 1593 2314 illud
1628 2265 1848 2324 verbum,

171 2345 494 2394 Parmenione
544 2345 767 2393 dicente:
815 2359 942 2407 „ego
988 2344 1084 2392 hoc
1134 2343 1255 2392 satis
1289 2344 1553 2406 haberem,
1601 2346 1642 2392 si
1683 2360 1847 2392 essem

171 2424 503 2486 Alexander‚''
539 2425 907 2488 respondentis:
948 2439 1084 2488 „ego
1135 2440 1329 2487 quoque
1362 2423 1560 2481 hercle,
1611 2424 1654 2471 si
1687 2438 1850 2471 essem

173 2505 436 2554 Parmenio
452 2502 502 2566 3’'
550 2504 727 2552 deinde
762 2504 1083 2551 inflammatio
1115 2502 1261 2550 animi
1302 2502 1466 2551 divino
1501 2503 1639 2565 quasi
1671 2502 1847 2550 instin-

178 2589 260 2632 ctu
301 2584 488 2632 incitati
538 2579 1002 2645 (ἐνθουσιαστικὸν
1047 2580 1277 2644 πάθος),
1329 2597 1424 2644 quo
1471 2582 1556 2643 fit,
1608 2586 1664 2630 ut
1709 2580 1849 2643 quasi

176 2664 455 2730 praesentia
488 2664 669 2712 intueri
700 2666 953 2713 videamur
1007 2669 1059 2711 et
1108 2663 1169 2710 ob
1221 2661 1389 2710 oculos
1436 2661 1599 2725 posita
1646 2674 1850 2708 cernere

177 2759 301 2806 quae
349 2747 434 2791 aut
480 2747 757 2807 temporum
803 2744 1120 2805 locorumque
1167 2741 1339 2804 spatiis
1386 2746 1578 2788 remota
1619 2746 1732 2788 sunt
1764 2743 1851 2788 aut

178 2825 228 2872 in
274 2837 447 2871 sensus
496 2823 691 2870 omnino
735 2839 831 2872 non
884 2823 1081 2872 cadunt.
1166 2821 1306 2882 Quae
1360 2820 1486 2867 duae
1530 2836 1612 2868 res
1659 2819 1850 2868 ratione

179 2917 466 2951 caussarum
502 2908 552 2949 et
586 2901 850 2951 effectuum
884 2905 1012 2952 inter
1046 2918 1101 2950 se
1134 2902 1326 2948 iunctae
1360 2904 1487 2948 sunt.
1556 2900 1756 2948 Etenim
1788 2912 1848 2945 ex

178 2982 356 3030 ardore
404 2982 550 3029 animi
599 2982 870 3046 concipitur
913 2981 1193 3046 magnitudo
1239 2979 1584 3038 consiliorum,
1630 2979 1851 3041 itemque

179 3063 270 3121 iis,
321 3062 402 3124 qui
451 3060 614 3108 verbis
659 3077 871 3125 aequare
916 3070 966 3111 et
1000 3061 1276 3125 exprimere
1310 3074 1596 3122 magnorum
1630 3058 1848 3107 virorum

179 3141 313 3189 facta
357 3147 503 3203 atque
550 3142 815 3189 sententias
850 3142 1046 3201 volunt,
1095 3139 1244 3187 simili
1275 3138 1446 3187 furore
1479 3138 1578 3195 illi,
1628 3153 1723 3201 quo
1767 3150 1849 3182 au-

181 3226 342 3270 ctores
388 3221 576 3268 incitati
626 3219 851 3281 fuerunt,
907 3237 1030 3285 opus
1080 3225 1169 3267 est.
1250 3217 1316 3266 Et
1363 3218 1607 3266 altitudini
1652 3214 1848 3277 quidem

181 3301 329 3348 animi
385 3300 544 3348 divina
592 3301 870 3363 appetentis
927 3299 1170 3348 contraria
1218 3303 1294 3345 est
1338 3297 1534 3345 lascivia
1588 3294 1847 3342 libidinum

183 3379 530 3440 belluinarum,
579 3380 903 3441 magnitudini
951 3386 1114 3427 autem
1162 3377 1474 3425 consiliorum
1515 3373 1739 3437 argutiae
1770 3376 1848 3418 at-

184 3473 282 3521 que
315 3459 554 3519 facetiae,
601 3458 777 3521 quibus
827 3465 1009 3508 armata
1048 3457 1320 3523 petulantia
1351 3453 1623 3518 magnificis
1656 3450 1851 3498 insidia-

184 3543 266 3587 tur
300 3544 377 3603 et,
421 3539 603 3590 nudum
637 3542 779 3587 nacta
811 3539 967 3602 latus,
1015 3536 1198 3589 invadit
1228 3535 1578 3597 vulneratque,
1615 3531 1663 3579 in
1697 3529 1851 3579 risum
