2170 3866
962 263 1086 321 389

317 407 499 476 σειρὴν
532 408 629 476 μέν
662 426 754 461 κεν
787 408 961 463 ἔπειτα
994 408 1115 475 περὶ
1151 408 1272 475 ῥίον
1303 411 1612 477 Οὐλύμποιο

306 490 589 557 δησαίμην,
633 489 698 541 τὰ
733 489 790 541 δέ
823 494 871 542 κ’
910 486 1034 542 αὖτε
1067 491 1296 558 μετήορα
1329 494 1502 544 πάντα
1534 492 1757 559 γένοιτο.

174 569 359 620 Merito
397 573 526 620 enim
563 574 791 634 homines
828 573 1132 622 sollertiores
1181 575 1443 636 mirantur,
1494 576 1740 638 quomodo
1788 587 1851 623 ex

173 652 300 700 coeli
334 653 644 717 prominente
692 655 944 701 cacumine
991 658 1124 700 terra
1160 669 1268 701 cum
1304 654 1701 719 mari·suspendi
1736 669 1851 719 pos-

172 731 254 791 sit,
290 733 534 794 siqnidem
571 733 759 781 coelum
796 735 956 796 ipsum
994 734 1088 780 illis
1124 738 1353 796 tanquam
1380 734 1713 782 fundamentis
1739 749 1849 782 sus-

170 812 399 860 tineatur.
467 811 676 861 Videtur
708 812 860 875 igitur
892 813 1140 861 Homerus
1173 814 1371 875 grandia
1398 829 1608 877 sequens
1636 829 1850 878 pugnan-

170 891 237 939 tia
270 893 398 940 inter
432 907 486 939 se
521 893 790 948 effinxisse,
829 909 990 957 neque
1024 895 1120 941 hoc
1154 899 1342 942 tantum
1375 894 1483 942 loco
1519 894 1610 941 sed
1644 895 1845 958 quibus-

171 987 364 1035 cunque
413 972 615 1020 deorum
665 973 849 1038 figuras
893 974 1209 1037 actionesque
1265 974 1479 1022 imitatus
1539 977 1641 1035 est,
1697 973 1849 1022 veluti

170 1067 319 1114 quum
369 1052 416 1099 in
454 1052 658 1100 deorum
693 1069 855 1116 pugna
891 1052 1075 1100 Orcum
1113 1053 1232 1102 fecit
1265 1054 1550 1114 timentem,
1596 1068 1660 1102 ne
1704 1057 1846 1117 rupta

167 1135 304 1180 terra
337 1131 581 1180 domicilia
616 1134 926 1196 aperirentur
958 1132 1258 1182 inferorum:

298 1207 530 1262 ἔδδεισεν
565 1211 613 1261 δ’
648 1210 942 1276 ὑπένερθεν
974 1211 1107 1273 ἄναξ
1141 1209 1338 1275 ἐνέρων
1364 1205 1662 1274 Ἀϊδωνεύς,

298 1290 472 1351 δείσας
504 1291 551 1342 δ’
586 1288 643 1342 ἐκ
677 1292 887 1356 θρόνου
923 1285 1048 1342 ἆλτο
1083 1290 1172 1342 καὶ
1205 1291 1334 1357 ἰὀίχε,
1368 1292 1440 1358 μή
1477 1291 1531 1342 οἱ
1559 1290 1794 1356 ὕπερθεν

296 1375 459 1437 γαῖαν
494 1369 803 1437 ἀναρρήξειε
831 1371 1148 1423 Ποσειδάων
1177 1369 1489 1439 ἐνοσίχθων,

293 1451 434 1504 οἰκία
469 1449 525 1503 δὲ
559 1455 808 1515 θνητοῖσι
840 1451 931 1503 καὶ
965 1452 1284 1503 ἀθανάτοισι
1319 1454 1513 1519 φανείη

293 1532 580 1598 σμερδαλέ’,
616 1533 894 1597 εὐρώεντα,
928 1534 1048 1584 τάτε
1082 1532 1366 1599 στυγέουσι
1399 1534 1522 1590 θεοί
1554 1550 1665 1600 περ.

161 1612 236 1664 De
281 1630 381 1680 quo
429 1615 539 1664 loco
587 1616 709 1663 haec
754 1616 956 1680 scripsit
1002 1615 1280 1680 Longinus:
1336 1615 1670 1681 „Intelligisne
1715 1613 1842 1678 fore,

162 1702 245 1754 ut,
281 1692 424 1743 'mota
471 1711 533 1745 ex
567 1696 769 1743 sedibus
819 1702 950 1742 terra
984 1701 1036 1743 et
1083 1696 1264 1744 nudato
1302 1696 1411 1759 ipso
1459 1701 1643 1745 tartaro
1683 1696 1841 1744 facta-

161 1790 260 1837 que
293 1775 511 1823 universi
547 1775 714 1822 mundi
750 1774 1006 1823 eversione
1041 1779 1189 1837 atque
1225 1774 1607 1830 disturbatione,
1663 1780 1841 1823 cuncta

162 1854 337 1914 simul,
387 1855 604 1912 coelum,
652 1870 828 1911 orcus,
865 1855 1090 1902 mortalia
1126 1861 1174 1903 et
1210 1855 1506 1903 immortalia
1540 1872 1636 1903 una
1669 1855 1839 1903 confli-

165 1939 360 1982 ctentur
379 1936 494 1983 etin
515 1935 778 1982 discrimen
799 1933 1140 1982 adducantur‘ss
1175 1936 1238 1983 At
1258 1935 1383 1982 haec
1402 1936 1617 1983 timenda
1639 1936 1836 1999 quidem

90 2036 92 2039 ·
164 2021 298 2074 sunt,
325 2031 511 2072 verum,
550 2015 672 2061 nisi
709 2030 827 2078 per
856 2014 1434 2079 significationem
1470 2015 1648 2062 dicta
1677 2016 1836 2074 sint,

162 2094 311 2157 plane
346 2110 374 2141 a
408 2096 614 2143 deorum
653 2095 888 2156 dignitate
930 2094 1089 2142 aliena
1122 2110 1286 2157 neque
1321 2101 1518 2143 servant
1551 2091 1836 2142 decorem.”

288 2173 717 2223 Translationibus
754 2174 857 2221 sive
892 2174 1139 2236 allegoriis
1172 2174 1207 2220 ii
1243 2178 1461 2232 utuntur,
1499 2174 1600 2236 qui,
1637 2173 1837 2221 infinitis

157 2255 317 2303 animo
354 2255 652 2318 propositis,
701 2254 825 2301 haec
871 2254 1119 2301 finitorum
1171 2253 1344 2300 formis
1394 2254 1665 2303 includunt.
1734 2251 1836 2300 Sed

156 2335 348 2383 infinita
384 2350 621 2398 quaerere
654 2333 1067 2399 philosophorum
1103 2339 1211 2394 est,
1247 2349 1342 2381 non
1376 2339 1664 2397 poetarum:
1703 2333 1834 2381 unde

157 2415 243 2476 fit,
293 2419 348 2464 ut
394 2429 575 2477 anceps
621 2414 864 2477 quoddam
910 2429 1095 2476 genus,
1141 2414 1268 2461 inter
1316 2413 1679 2477 philosophiam
1714 2428 1834 2475 poe-

158 2494 333 2557 sinque
379 2494 594 2541 medium
642 2494 707 2542 sit
754 2494 904 2554 illud,
970 2508 1067 2555 qno
1125 2509 1206 2540 res
1256 2497 1486 2555 tanquam
1533 2493 1672 2556 signa
1715 2506 1831 2554 pro-

156 2577 407 2638 ponuntur
439 2572 804 2622 reconditorum
844 2573 1162 2636 cogitatorum
1199 2571 1479 2636 pendetque
1515 2572 1723 2633 dignitas
1750 2586 1830 2620 re-

158 2669 295 2710 rum,
343 2668 468 2716 quae
502 2653 776 2717 finguntur,
815 2669 875 2702 ex
907 2652 1143 2716 dignitate
1178 2651 1560 2712 sententiarum,
1612 2667 1737 2714 quae
1770 2649 1830 2699 iis
1877 2694 1885 2698 .

156 2733 476 2782 involvuntur.
557 2733 774 2794 Quorum
829 2749 1034 2781 numero
1097 2737 1350 2796 poetarum
1407 2745 1504 2778 non
1553 2746 1665 2778 esse
1716 2730 1830 2778 Ho-

157 2827 348 2861 merum
395 2824 543 2875 quum
602 2812 807 2875 quilibet
850 2813 1116 2878 intelligat,
1179 2826 1274 2859 nou
1332 2814 1409 2857 est
1461 2810 1828 2859 concedendum

155 2908 319 2955 neque
353 2892 758 2955 significationem
793 2895 972 2952 rebus,
1023 2907 1142 2956 quas
1181 2896 1484 2938 commentus
1521 2895 1626 2950 est,
1676 2888 1828 2938 ullam

159 2973 382 3032 subesse,
419 2987 577 3033 neque
613 2971 809 3020 omnino
843 2974 892 3021 in
927 2973 1129 3021 infinitis
1164 2971 1462 3034 explicandis
1486 2970 1695 3018 carmina
1722 2970 1826 3017 eius

157 3058 398 3116 occupata
434 3066 562 3099 esse.
631 3051 740 3098 Hoc
772 3052 902 3100 enim
935 3054 1063 3101 inter
1097 3056 1269 3114 poetas
1315 3055 1365 3098 et
1398 3050 1720 3114 philosophos
1753 3048 1828 3097 in-

155 3136 330 3191 terest,
367 3131 498 3194 quod
533 3132 583 3178 hi
611 3130 821 3188 infinita,
856 3133 1079 3180 seiuncta
1105 3147 1130 3178 a
1160 3130 1326 3186 finitis,
1364 3130 1650 3177 disserendo
1677 3144 1824 3192 qnae-

154 3214 286 3270 runt,
321 3211 389 3258 illi
415 3211 552 3258 finita
585 3210 692 3274 ipsa
716 3212 962 3260 mentibus
988 3211 1238 3273 oculisque
1263 3215 1541 3274 proponunt
1567 3208 1822 3264 imitando,

155 3294 222 3342 etl
254 3291 453 3353 quidem
502 3297 640 3337 ancta
685 3290 787 3350 sic,
834 3295 888 3339 ut
932 3292 1166 3341 aemulari
1209 3290 1401 3354 possint
1434 3289 1621 3337 infinita
1654 3285 1822 3334 videri.

155 3367 210 3417 ln
242 3369 477 3434 fingendo
507 3375 763 3432 poetarum
797 3386 972 3420 munus
1001 3371 1240 3420 consistit.
1294 3370 1443 3432 Atqui
1466 3368 1671 3424 infinita,
1701 3381 1819 3427 quo-

156 3448 289 3496 niam
335 3449 434 3497 fine
479 3449 727 3511 modoque
775 3454 969 3512 carent,
1002 3455 1196 3499 ‚carent
1242 3449 1415 3513 figura.
1494 3444 1822 3508 Quamobrem

154 3542 303 3591 quum
339 3544 436 3579 non
471 3529 614 3578 cadat
647 3529 694 3578 iu
728 3544 788 3578 ea
820 3529 1054 3594 imitatio,
1102 3529 1372 3580 omittenda
1403 3531 1518 3577 suut
1549 3525 1736 3590 poetis,
1772 3527 1822 3571 et
