2170 3866
1075 280 1202 341 542

292 434 398 480 tum
458 430 558 478 hoc
617 442 822 479 carmen
866 430 971 479 tum
1019 430 1298 481 universam
1343 430 1474 481 hanc
1525 433 1834 498 tragoediam
1892 450 1984 502 ge-

291 510 417 560 nuit.

418 587 588 639 Hodie
621 592 759 639 tanta
791 593 871 639 est
904 591 1190 640 mortalium
1223 592 1517 654 morositas,
1567 598 1622 641 ut
1653 607 1840 658 paucos
1872 593 1987 646 fore

287 673 490 731 putem,
545 669 660 734 quin
695 671 925 720 damnata
959 671 1044 720 illa
1077 671 1425 721 bacchantium
1470 673 1662 722 insania
1706 672 1984 724 Pentheum

286 749 528 813 probent,
564 751 784 800 sobrium
820 751 1113 816 disciplinae
1145 752 1372 816 publicae
1407 754 1806 817 moderatorem,
1842 770 1987 804 seve-

285 843 397 877 rum
431 846 624 879 morum
660 846 920 880 censorem
974 833 1429 898 castigatoremque
1474 837 1528 882 et
1561 834 1846 898 perfectum
1879 849 1987 884 mn-

285 907 556 971 gistrorum
594 912 865 975 exemplar.
947 911 1124 976 Itaque
1158 913 1323 962 mirati
1359 918 1477 962 sunt
1510 914 1739 978 quidam,
1789 915 1923 980 quod
1956 929 1988 963 a

285 987 471 1039 Bacchi
504 992 732 1054 partibus
766 992 1051 1058 Euripidem
1087 993 1296 1051 doctuS,
1331 995 1529 1059 sapiens
1565 1010 1868 1059 severusque
1901 1010 1985 1044 se-

286 1082 411 1131 nex,
454 1072 705 1120 stetisset:
749 1088 844 1121 nec
877 1072 1175 1136 defuerunt,
1223 1075 1307 1138 qui
1343 1091 1456 1123 eum
1493 1075 1760 1126 crederent
1792 1081 1985 1125 mutata

283 1151 566 1210 sententia,
612 1167 724 1201 cum
758 1153 855 1201 iam
890 1159 1106 1202 mortem
1140 1153 1234 1203 sibi
1267 1154 1475 1203 vicinam
1512 1171 1628 1204 esse
1660 1155 1984 1220 intelligeret,

282 1230 452 1280 colere
484 1247 546 1280 ac
578 1232 835 1281 celebrare
870 1233 1021 1296 deoS,
1059 1250 1185 1298 quos
1219 1241 1365 1284 antea
1400 1235 1770 1298 contemsisset,
1806 1235 1984 1285 decre-

280 1309 416 1360 visse
447 1327 509 1360 ac
542 1311 819 1361 defendere
863 1312 998 1376 vulgi
1040 1314 1335 1378 opinioneS‚
1395 1316 1694 1364 confirmare
1739 1315 1983 1381 supersti-

282 1390 475 1453 tiones,
521 1408 644 1456 quas
679 1393 929 1456 quondam
963 1393 1156 1442 iuvenis
1189 1394 1543 1459 impugnasset.
1614 1397 1681 1445 At
1713 1395 1766 1444 hi
1799 1395 1846 1444 si
1878 1411 1982 1444 ma-

281 1471 362 1535 gis
397 1473 518 1536 quid
561 1473 775 1522 carmina
821 1472 1075 1536 Euripidis
1121 1473 1361 1523 docerent
1402 1474 1616 1524 scrutari
1663 1490 1809 1538 quam
1857 1474 1979 1539 quid

282 1551 380 1616 ipsi
425 1555 747 1619 opinarentur
807 1552 1009 1602 effutire
1053 1553 1361 1614 voluisseut,
1421 1555 1628 1603 eandem
1680 1555 1979 1605 seutentiam

280 1632 514 1684 iuvenem
547 1639 701 1697 atque
735 1649 905 1681 senem
928 1632 1155 1697 profiteri
1182 1632 1567 1685 intellexissent.
1637 1633 1823 1683 Similis
1848 1634 1979 1684 enim

278 1728 459 1763 caussa
492 1713 755 1780 Hippolyti
791 1718 942 1776 atque
974 1713 1185 1762 Penthei
1233 1718 1337 1774 est,
1383 1714 1556 1763 similis
1599 1715 1785 1763 Bacchi
1832 1720 1981 1779 atque

280 1791 494 1843 Veneris
539 1795 693 1855 ultio,
739 1793 1050 1857 eandemque
1098 1792 1207 1842 fere
1252 1795 1550 1843 sententiam
1598 1796 1648 1844 in
1694 1794 1779 1843 illa
1811 1794 1982 1844 fabula

280 1875 484 1925 satelles
520 1875 714 1935 senior,
746 1874 795 1923 in
829 1874 924 1923 hac
944 1873 1170 1924 Tiresias
1213 1879 1353 1923 vates
1384 1873 1679 1937 defendunt,
1714 1880 1982 1939 utrumque

277 1955 495 2020 denique
542 1971 743 2019 carmen
794 1955 943 2004 docet
989 1971 1104 2004 esse
1138 1954 1460 2020 popularibus
1496 1956 1590 2004 diis
1625 1955 1841 2004 honores
1876 1954 1979 2004 sol·

278 2035 471 2085 lemnes
513 2036 612 2085 rite
657 2035 1016 2100 persolvendos
1067 2036 1351 2098 (τιμαῖσιν,
1415 2026 1457 2085 ὧ
1506 2037 1633 2098 παῖ,
1697 2033 1976 2102 δαιμόνων

276 2118 512 2183 χρῆσθαι
542 2113 755 2182 χρεών),
787 2133 951 2182 neque
983 2117 1238 2168 Venerem
1274 2122 1326 2165 et
1359 2116 1630 2175 Bacchum,
1666 2116 1976 2180 voluptatum

277 2198 678 2248 dulcissimarum
709 2203 939 2247 auctores
973 2203 1028 2247 et
1060 2197 1396 2247 remediorum
1442 2198 1688 2246 moeroris
1724 2196 1978 2261 praebito-

280 2269 395 2338 re's‚
428 2276 757 2342 spernendos.

422 2356 668 2406 Tiresiam
725 2355 921 2405 induxit
967 2355 1266 2421 Euripides,
1325 2355 1413 2420 qui
1458 2370 1623 2403 veram
1672 2352 1974 2402 sententiam

275 2437 538 2503 disputans
573 2453 687 2487 cum
722 2436 948 2486 Pentheo
981 2441 1247 2485 tutaretur.
1314 2436 1465 2484 Plura
1500 2434 1699 2483 saecula
1720 2433 1808 2482 ille
1834 2437 1976 2482 vates

277 2518 594 2580 duravisset,
654 2518 700 2567 si
743 2518 875 2567 idem
927 2517 1018 2565 sub
1056 2517 1247 2566 Cadmo
1289 2521 1343 2566 et
1387 2515 1479 2564 sub
1516 2514 1723 2563 Eteocle
1770 2513 1971 2562 fuisset·

277 2598 468 2649 Verum
503 2599 623 2647 talia
655 2614 753 2648 uon
786 2604 902 2647 sunt
936 2598 1310 2646 accuratissime
1344 2595 1651 2646 numerando
1686 2593 1976 2658 pendendo-

276 2694 378 2743 que
410 2679 751 2728 examinanda.
832 2677 962 2727 Vate
1005 2679 1083 2727 vel
1131 2679 1359 2743 sapiente
1406 2692 1532 2740 opus
1578 2681 1685 2724 est:
1743 2674 1830 2738 qui
1875 2688 1975 2738 quo

276 2760 474 2808 nomine
509 2760 808 2823 appelletur,
846 2759 915 2808 nil
951 2758 1139 2818 refert3
1175 2759 1267 2807 sed
1301 2761 1419 2806 noto
1446 2756 1610 2819 aliquo
1633 2755 1835 2803 nomine
1860 2769 1976 2802 eum

277 2839 613 2888 commendari
648 2856 857 2889 necesse
892 2843 987 2888 est.
1054 2839 1152 2888 Hic
1187 2838 1340 2901 igitur
1374 2841 1513 2885 vates
1564 2850 1744 2884 caecus
1791 2839 1843 2882 et
1878 2833 1975 2882 Ca-

276 2919 425 2968 dmus
446 2920 755 2984 grandaevus
785 2920 877 2968 soli
902 2935 966 2968 ex
990 2919 1109 2968 viris
1138 2918 1408 2978 Thebanis,
1445 2922 1623 2980 utpote
1649 2914 1744 2963 soli
1779 2913 1974 2978 sapien·

275 3005 382 3060 te8‚
430 3000 574 3049 obliti
620 3000 896 3050 senectutis
942 3001 1119 3048 sumtis
1152 2999 1342 3062 thyrsis
1375 2997 1690 3063 pellibusque
1723 2991 1973 3042 hinnuleis

278 3095 390 3128 cum
423 3081 718 3130 hederaceis
753 3080 949 3129 coronis
984 3080 1313 3128 decreverunt
1359 3093 1451 3142 per
1495 3077 1630 3125 diem
1677 3081 1974 3137 noctemque

276 3160 459 3209 iunctis
493 3162 719 3210 manibus
753 3162 967 3222 saltare,
1001 3161 1188 3209 iactare
1221 3158 1411 3222 capita,
1444 3156 1647 3221 pulsare
1669 3155 1847 3218 thyrso
1867 3157 1973 3201 ter-

276 3256 411 3290 ram:
455 3243 677 3304 „etenim
711 3257 810 3291 non
845 3242 993 3291 decet
1026 3245 1200 3289 contra
1234 3238 1356 3287 deos
1391 3236 1636 3302 argutari,
1684 3248 1847 3298 neque
1879 3245 1971 3279 un-

277 3336 426 3384 quam
461 3322 619 3384 ratio,
666 3322 890 3386 quamvis
938 3320 1113 3371 subtili
1146 3324 1289 3368 utens
1326 3319 1554 3368 acumine
1588 3314 1771 3364 callida
1802 3310 1971 3360 elabo-

276 3401 488 3464 raverit,
535 3402 599 3451 ad
645 3402 917 3453 evertenda
948 3406 1156 3467 paterna
1187 3398 1418 3448 instituta
1450 3401 1505 3447 et
1539 3393 1816 3460 aequalium
1849 3404 1971 3439 con-

276 3495 481 3532 sensum
526 3482 650 3534 satis
692 3482 841 3534 valet.
919 3481 1099 3546 Neque
1141 3493 1263 3530 vero
1298 3478 1424 3528 deus
1468 3492 1615 3529 senes
1663 3474 1970 3535 iuvenesque
