2170 3866
1146 303 1271 364 5⁰2

349 450 493 517 Εὐρ
509 464 578 502 tn:
596 447 752 516 ίδην
796 448 932 503 ἐτῶν
975 447 1359 519 ἐννενήκοντα,
1415 452 1712 519 quibuscum
1766 463 2051 524 congruunt

348 534 556 583 Diodori
587 532 745 598 ipsius
780 534 961 583 verbae
995 538 1168 600 μικρῷ
1194 532 1436 599 πρόσθεν
1453 533 1665 586 τούτων
1683 533 1793 587 τῶν
1817 534 2049 603 χρόνων,

347 612 397 663 Is
431 613 529 664 fuit
562 629 719 663 annus
753 615 938 663 406mu⁸
974 632 1016 664 a.
1041 615 1160 664 Chr.
1186 631 1251 676 n.,
1285 620 1338 665 et
1371 616 1576 679 quidem
1605 632 1720 666 cum
1747 617 1909 682 primo
1929 633 2050 668 vere

347 694 615 759 Euripides
651 693 931 744 decessisse
965 695 1181 746 videtur.
1231 695 1359 745 Nam
1386 695 1621 746 Timaeus
1639 697 1770 762 apud
1792 697 2049 748 Plutarch.

349 774 584 840 Sympos.
618 773 748 825 Vlll.
785 783 974 841 quaest.
1012 779 1056 827 l.
1093 793 1135 826 c.
1175 778 1223 824 1.
1262 777 1442 826 eodem
1478 778 1603 827 dixit
1637 778 1720 827 die
1751 777 2051 844 Euripidem

349 855 650 904 exstinctum
697 872 812 905 esse
858 861 1007 921 atque
1053 856 1346 921 Dionysium
1391 859 1635 907 maiorem
1669 859 1798 908 inter
1832 858 2050 925 Syracu-

349 951 496 984 sanos
531 936 847 1000 tyrannidem
883 953 1157 1003 occupasse
1172 936 1239 1003 *).
1311 938 1365 987 ld
1399 944 1564 988 autem
1599 938 1788 988 factum
1815 943 1893 988 est
1917 939 2052 988 circa

347 1015 483 1064 idem
519 1018 630 1065 anni
666 1023 887 1082 tempu&
931 1032 1029 1082 quo
1064 1017 1221 1068 Poeni
1256 1018 1434 1068 Gelam
1466 1021 1645 1069 urbem
1680 1034 1744 1068 ex
1777 1018 2050 1085 Agrigento

348 1096 731 1161 proficiscentes
767 1097 929 1146 adorti
965 1105 1108 1156 sunt,
1161 1099 1192 1151 i.
1230 1115 1274 1148 e.
1311 1099 1513 1149 ineunte
1546 1116 1691 1160 vere3
1743 1098 1808 1148 cf.
1844 1098 2050 1151 Diodor.

347 1176 481 1227 ΧΙΙΙ.
518 1193 560 1226 c.
589 1180 674 1230 93.
706 1183 759 1226 et
779 1180 845 1226 96
859 1175 960 1242 **).
1030 1177 1202 1242 ltaque
1239 1179 1503 1244 Euripides
1535 1185 1787 1244 praetor&
1803 1179 2052 1244 Antigene

349 1255 427 1306 Ol.
454 1260 538 1319 93,
559 1260 607 1306 2.
643 1258 834 1321 aliquot
867 1259 1122 1308 mensibus
1159 1265 1274 1308 ante
1308 1259 1613 1325 Sophoclem
1649 1259 1924 1309 exstinctus
1951 1263 2049 1322 est,

349 1342 402 1386 et
435 1339 598 1403 potuit
632 1337 714 1386 hic
749 1337 888 1386 illum
925 1338 1098 1402 lugere
1132 1337 1221 1403 (cf.
1249 1339 1311 1388 T.
1341 1339 1395 1388 ΙΙ.
1420 1357 1469 1405 p.
1499 1338 1672 1402 297.):
1709 1355 1821 1389 nam
1849 1338 2049 1404 Sopho-

348 1418 478 1466 clem
513 1418 714 1482 quidem
750 1402 991 1466 archonte
1026 1418 1182 1468 Callia
1217 1419 1294 1469 01.
1331 1421 1414 1478 93,
1449 1423 1497 1468 3.
1535 1419 1817 1468 decessisse
1851 1423 2051 1469 constat

350 1498 639 1547 testimonio
675 1496 879 1546 Diodori
911 1497 1042 1558 Xlll,
1076 1503 1207 1563 103„
1243 1515 1454 1563 quocum
1489 1515 1586 1548 non
1619 1504 1806 1565 pugnat
1831 1515 2050 1549 marmor

348 1576 552 1627 Parium
581 1576 928 1643 Olympiadem
958 1581 1041 1642 93,
1067 1582 1115 1628 2.
1154 1586 1206 1629 et
1233 1581 1528 1644 Antigenem
1564 1579 1851 1628 archontem
1887 1579 2049 1628 nomi-

347 1673 498 1717 nans3
562 1659 854 1707 coniunctae
906 1675 1213 1709 summorum
1269 1665 1531 1725 poetarum
1589 1664 1776 1708 mortes
1837 1663 2050 1724 utroque

347 1737 460 1786 loco
496 1744 971 1800 commemorantur,
1025 1741 1115 1788 sed
1157 1741 1316 1789 altero
1352 1739 1640 1804 Euripidis,
1686 1739 1846 1787 altero
1879 1743 2050 1788 autem

349 1817 612 1884 Sophoclis
659 1820 972 1882 potissimum
1010 1827 1207 1886 tempus
1250 1821 1571 1884 significatur.
1641 1818 1915 1884 Superstes
1947 1819 2051 1885 igi-

347 1902 429 1947 tur
452 1899 656 1949 dimidio
677 1899 787 1948 fere
813 1900 926 1948 anni
944 1899 1221 1964 Sophocles
1238 1900 1329 1965 (cf.
1347 1900 1647 1966 Appuleium
1667 1899 1813 1963 Apol.
1827 1916 1876 1964 p.
1891 1897 2049 1964 298.)‚

349 1978 515 2028 statim
564 1984 828 2044 postquam
880 1981 946 2029 de
992 1981 1126 2029 illius
1161 1988 1324 2030 morte
1360 1981 1545 2030 certior
1579 1983 1659 2028 est
1691 1978 1883 2042 factus,
1917 1995 2048 2038 eum,

349 2073 462 2107 cum
497 2059 634 2108 forte
669 2061 937 2124 tragoediis
971 2065 1222 2119 certaret,
1260 2062 1398 2110 luxit.
1466 2060 1521 2109 Id
1557 2059 1749 2109 factum
1784 2074 1898 2108 esse
1933 2064 2050 2124 puta

349 2138 552 2187 ineunte
596 2156 717 2189 vere
766 2140 878 2188 anni
920 2141 1080 2189 4051111
1122 2142 1376 2206 Dionysiis
1421 2141 1637 2205 magnis,
1687 2156 1785 2203 quo
1821 2145 2050 2204 tempore

348 2217 646 2281 Euripidem
695 2220 997 2268 exstinctum
1034 2237 1148 2270 esse
1193 2221 1523 2270 decrevimus.
1592 2220 1833 2268 Absumta
1867 2217 2051 2267 deinde

348 2303 538 2346 aestate
574 2305 627 2346 et
660 2299 862 2347 ineunte
895 2299 1064 2347 hieme
1097 2300 1343 2348 ruralibus
1370 2299 1617 2361 Dionysiis
1646 2298 1928 2345 decessisse
1955 2296 2049 2345 So-

347 2377 559 2443 phocles
594 2378 808 2440 videtur,
847 2394 994 2442 quem
1030 2379 1215 2438 ferunt,
1251 2394 1403 2443 quum
1435 2377 1664 2426 ultimum
1699 2381 1931 2436 certaret,
1966 2391 2050 2424 ac·

349 2463 499 2523 cepta
552 2457 762 2506 victoria
825 2458 1006 2521 gaudio
1075 2464 1362 2522 correptum
1417 2456 1686 2505 immodico
1749 2457 2049 2520 exspirasse.

347 2537 522 2587 Altero
557 2544 726 2586 autem
761 2554 879 2586 vere
914 2555 1086 2587 mense
1121 2538 1495 2587 anthesterione
1530 2537 1694 2584 Ranas
1731 2536 1903 2584 docuit
1937 2535 2051 2584 Ari-

348 2619 654 2683 stophanes,
711 2634 806 2681 qua
864 2618 1033 2667 fabula
1091 2618 1219 2667 fecit
1264 2617 1557 2680 Euripidem
1618 2631 1733 2665 cum
1778 2608 2049 2680 Aeschylo,

303 2711 305 2714 ·
345 2704 611 2762 praesente
646 2696 929 2761 Sophocle,
966 2700 1031 2747 de
1065 2699 1348 2764 principatu
1383 2697 1514 2761 apud
1561 2696 1750 2744 inferos
1791 2694 2050 2744 decertan-

345 2783 450 2827 tem
465 2775 592 2843 ***).
663 2777 747 2825 Sic
783 2779 1066 2827 testimonia
1101 2779 1263 2827 omnia
1299 2778 1488 2842 optime
1534 2791 1810 2838 congruere
1843 2782 1894 2822 et.
1927 2790 2044 2823 eon-

347 2862 482 2908 stare
530 2860 774 2908 rationem
826 2859 1070 2907 videmus.
1139 2857 1338 2907 Erravit
1380 2857 1533 2923 igitur
1584 2854 1896 2916 Boeckhiu8‚
1934 2854 2050 2903 ,Eu-

344 2939 558 3004 ripidem
594 2942 646 2988 et
680 2939 847 3003 ipsum
884 2939 1044 2988 Callia
1089 2942 1322 3004 praetore
1354 2943 1407 2986 et
1442 2937 1520 2985 Ol.
1556 2938 1640 2998 93,
1683 2939 1731 2986 3.
1768 2935 2053 2998 exspirasse

401 3154 451 3210 ³⁵)
481 3154 569 3197 Aut
612 3155 782 3199 erravit
810 3154 1082 3198 Plutarchus
1124 3156 1202 3195 aut
1229 3152 1499 3210 corrigenda
1527 3154 1629 3194 sunt
1656 3150 1739 3193 illa
1775 3149 1919 3192 verba
1957 3147 2049 3190 sic:

488 3223 600 3269 καθ’
638 3221 698 3281 ἣν
737 3223 914 3281 ἐγένετο
955 3221 1204 3273 Διονύσιος
1241 3220 1266 3266 ὁ
1309 3221 1618 3281 πρεσβύτερος
1659 3221 1708 3265 ἐν
1750 3219 1948 3278 Σικελίᾳ
1975 3215 2054 3263 τύ-

495 3312 676 3352 ραννος.

382 3366 465 3421 *ἢ
496 3364 573 3410 ἐπὶ
600 3365 687 3421 τὴν
716 3363 908 3422 ἐαρινὴν
940 3361 1082 3422 ὥραν.

352 3437 457 3492 ssssss)
496 3437 684 3495 Argum.
708 3438 831 3480 Rau.
864 3436 1117 3491 Aristoph.:
1166 3430 1394 3489 ἐδιδάχθη
1425 3431 1501 3476 ἐπὶ
1539 3431 1742 3476 Καλλίου
1772 3430 1877 3473 τοῦ
1903 3427 2051 3486 μετὰ

489 3504 784 3563 Ἀντιγένη
815 3505 896 3551 διὰ
929 3506 1186 3551 Φιλωνίδου
1219 3505 1283 3556 εἰς
1313 3501 1507 3559 Λήναια.
