2170 3866
1105 300 1229 358 460

329 447 444 514 equi
478 447 702 496 furorem
736 447 993 496 adiuvante
1038 449 1264 497 machina
1315 446 1595 515 imitans*).
1663 448 1838 514 Neque
1877 449 2022 498 abest

329 527 625 577 coelestium
659 543 827 576 rerum
863 527 1091 589 imitatio,
1126 528 1289 593 Argus
1319 528 1474 576 oculis
1499 528 1709 577 invicem
1739 531 2020 594 patentibus

331 609 613 671 clausisque
660 608 820 656 noctis
867 606 1055 656 lumina
1089 624 1146 656 ac
1182 609 1279 657 diei
1314 625 1564 672 nunquam
1600 610 1907 673 quiescentia
1939 626 2018 659 re-

327 684 614 747 ferens**).
684 687 965 736 Commisso
1010 689 1201 754 proelio
1247 690 1462 754 primum
1498 689 1594 737 tela
1631 694 1683 738 et
1717 705 1833 738 saxa
1866 690 2020 738 iacie-

327 768 541 817 bantur:
588 784 680 831 qua
727 784 890 832 pugna
941 784 1090 831 quum
1128 769 1411 833 superiores
1448 775 1619 818 essent
1651 767 1896 828 Thebani,
1931 768 2020 817 lio-

328 854 434 898 stes
468 848 705 896 incitante
739 847 918 912 Tydeo
955 849 1175 897 universi
1211 864 1307 897 uuo
1342 850 1532 912 impetu
1576 850 1627 899 in
1661 855 1830 915 portas
1877 849 2020 898 inva-

328 933 515 978 serunt.
582 929 654 978 lbi
690 929 872 977 acriter
906 929 1151 993 utrimque
1187 936 1452 993 pugnatum
1490 934 1599 991 est,
1648 929 1892 994 multique
1935 945 2021 978 oc-

325 1009 429 1059 cisi.
507 1007 639 1057 Tum
700 1023 818 1056 vero
879 1007 1282 1073 Parthenopaeus
1340 1010 1550 1059 turbinis
1609 1010 1764 1059 instar
1822 1009 2021 1058 irruens

325 1088 491 1154 ignem
541 1105 600 1137 ac
651 1087 865 1153 ligonem
914 1089 1209 1153 postulavit,
1269 1089 1409 1153 quasi
1467 1090 1663 1139 moenia
1724 1105 2020 1139 eversurus:

324 1185 474 1234 quem
526 1168 901 1235 Periclymenus
954 1169 1178 1218 coercuit
1226 1186 1345 1218 saxo
1393 1187 1421 1218 a
1455 1171 1617 1234 pinnis
1653 1171 1852 1220 revulso
1886 1170 2023 1235 capi-

324 1250 466 1314 tique
500 1248 608 1298 eius
641 1249 891 1310 immisso,
939 1254 995 1298 ut
1043 1250 1345 1299 comminuta
1380 1250 1516 1298 calva
1551 1250 1690 1299 humi
1722 1251 2021 1316 procumbe-

325 1335 421 1382 ret.
491 1329 627 1378 Inter
659 1329 786 1377 haec
821 1345 972 1393 quum
1010 1329 1262 1389 Eteocles,
1301 1330 1571 1378 comitante
1605 1331 1839 1390 satellite,
1876 1345 2022 1394 prae-

325 1425 443 1460 sens
476 1409 759 1472 ubicunque
793 1424 920 1474 opus
958 1416 1067 1457 erat
1100 1409 1162 1457 ad
1200 1410 1432 1458 auxilium
1469 1415 1604 1459 esset
1631 1410 1910 1471 serendum,
1945 1408 2020 1458 vi·

325 1490 402 1540 dit
446 1490 588 1538 unius
635 1495 810 1553 portae
854 1495 1250 1554 propugnatores
1300 1488 1464 1554 Tydei
1496 1491 1544 1538 vi
1580 1496 1632 1538 et
1665 1489 1876 1538 militum
1912 1489 2021 1537 eius

326 1587 357 1621 e
390 1570 610 1620 turribus
642 1568 877 1634 fugatos:
928 1585 1052 1633 quos
1106 1569 1191 1617 ille
1226 1575 1458 1632 tanquam
1493 1575 1697 1618 venator
1733 1584 1881 1617 canes
1916 1567 2022 1617 col-

325 1649 486 1699 lectos
530 1665 703 1698 rursus
747 1649 798 1697 in
843 1649 1226 1714 propugnaculis
1262 1649 1536 1698 collocavit.
1605 1649 1657 1697 In
1692 1649 1844 1698 tertia
1877 1651 2022 1714 porta

326 1730 590 1796 Capaneus
625 1729 814 1793 ingenti
850 1730 1072 1777 saeviens
1107 1728 1180 1776 ira
1216 1728 1312 1775 iam
1351 1745 1572 1776 summos
1607 1729 1852 1776 scalarum
1904 1743 2023 1792 gra-

323 1811 420 1862 dus
474 1814 798 1875 superaverat
843 1808 1061 1873 glorians
1109 1825 1171 1857 ne
1217 1807 1348 1856 Iovis
1397 1807 1598 1872 quidem
1643 1808 1855 1857 fulmine
1900 1824 1957 1856 se
1991 1825 2020 1856 a

326 1891 567 1958 capienda
601 1890 727 1939 urbe
766 1889 1020 1954 prohiberi
1055 1905 1235 1954 posse,
1283 1905 1393 1937 cum
1441 1892 1649 1953 repente
1683 1888 1871 1938 fulmen
1906 1904 2021 1938 cum

324 1971 540 2023 terribili
582 1971 781 2035 fragore
828 1970 1098 2019 demissum
1145 1970 1368 2017 membra
1415 1969 1523 2017 eius
1570 1968 1760 2017 divulsa
1805 1969 2020 2032 disiecit,

325 2058 383 2104 ut
426 2052 665 2101 sublimes
713 2066 886 2099 comae
926 2056 1250 2114 raperentur,
1303 2049 1499 2112 sanguis
1535 2048 1672 2097 humi
1709 2048 2021 2111 funderetur,

286 2170 291 2173 -
327 2148 503 2183 manus
548 2131 806 2197 pedesque
856 2145 995 2178 more
1046 2137 1185 2178 rotae
1230 2129 1412 2177 Ixionis
1447 2136 1792 2192 versarentur,
1837 2145 2020 2195 corpus

326 2219 493 2263 autem
528 2211 814 2258 ambustum
850 2209 910 2257 ad
949 2216 1135 2259 terram
1170 2210 1437 2259 recideret.
1506 2209 1615 2270 Quo
1643 2211 1876 2258 attonitus
1904 2226 2020 2273 spe-

329 2291 527 2342 ctaculo
562 2290 831 2349 Adrastus,
877 2290 1043 2338 lovem
1078 2288 1249 2336 videns
1285 2289 1388 2335 suis
1423 2287 1661 2336 infestum
1699 2304 1842 2348 esse,
1878 2293 2019 2338 extra

329 2372 518 2422 fossam
554 2369 830 2419 exercitum
865 2368 1087 2428 reduxit3
1135 2366 1364 2415 Thebani
1398 2381 1544 2428 vero,
1593 2366 1859 2417 alacriores
1895 2368 2022 2418 facti

327 2453 522 2511 omine,
557 2450 785 2499 omnibus
822 2449 1014 2497 eductis
1050 2449 1206 2513 copiis
1239 2449 1290 2496 in
1324 2447 1539 2496 medium
1575 2447 1793 2497 hostium
1829 2450 2021 2498 exerci-

329 2539 438 2584 tum
473 2532 772 2580 invaserunt.
838 2528 960 2578 Inde
994 2529 1166 2592 ingens
1203 2527 1336 2575 facta
1371 2533 1450 2575 est
1483 2527 1688 2577 caedes:
1725 2529 2023 2579 excidebant

330 2613 604 2665 morientes
640 2627 669 2661 e
705 2610 964 2673 curribuS,
1000 2608 1343 2658 subsultabant
1376 2613 1533 2671 rotae,
1570 2625 1689 2659 axes
1722 2610 1897 2659 axibus
1930 2609 2021 2659 ob-

389 2873 438 2928 ἶῃ)
475 2871 629 2916 Schol.
660 2885 704 2912 v.
734 2867 873 2911 11272
911 2866 961 2912 ἐν
990 2869 1050 2926 τῇ
1078 2864 1256 2922 ἀσπίδι,
1290 2870 1418 2924 φησί,
1451 2866 1623 2912 τούτου
1654 2865 1940 2911 ἔνετύπωντο
1970 2866 2022 2910 αἱ

471 2937 733 2989 Ποτνιάδες
783 2940 919 2983 ἵπποι
961 2937 1112 2990 οὕτως
1152 2934 1375 2997 ἀκριβῶς,
1422 2935 1483 2990 (ὃς
1526 2941 1678 2982 δοκεῖν
1721 2938 1780 2996 τῇ
1823 2936 2022 2997 ἀληθείᾳ

473 3013 665 3070 σκιρτᾶν
699 3008 851 3053 κατὰ
881 3006 986 3066 τήν
1018 3007 1249 3068 ’γραφὴν
1289 3010 1368 3054 καὶ
1401 3007 1637 3067 περιθέειν
1665 3006 1749 3052 τὸν
1777 3009 1860 3064 τῆς
1887 3004 2021 3051 εἰσπί-

469 3085 554 3133 60«,-
594 3079 823 3137 ὀμφαλόν.
897 3081 985 3125 Alii
1023 3082 1078 3124 de
1116 3081 1355 3124 machinae
1391 3081 1559 3124 auxilio
1598 3079 1762 3122 rectius
1796 3079 2023 3134 interpre-

471 3154 556 3198 tati
585 3157 697 3195 sunt.

358 3226 438 3284 *⁹0
478 3224 643 3267 Omnia
666 3213 834 3277 conari,
857 3223 1063 3277 quamvis
1087 3222 1296 3274 absurda,
1317 3223 1571 3264 maluerunt
1582 3217 1868 3277 grammatici
1886 3231 2024 3273 quam

472 3294 710 3339 admittere
731 3307 866 3349 quam
883 3294 1025 3336 schol.
1053 3294 1166 3348 Aug.
1192 3291 1325 3335 offert
1345 3292 1586 3335 lectionem
1619 3289 1807 3347 egregie
1827 3288 1895 3331 rei
1917 3303 2024 3332 con-

475 3365 729 3409 venientem
761 3365 1036 3419 eandemque
1063 3361 1309 3419 poeticam:

581 3432 643 3480 τὰ
673 3433 756 3492 μὲν
785 3431 869 3487 ξῦν
903 3431 1086 3493 ἄστρων
1111 3431 1365 3477 ἐντολαῖσιν
1396 3429 1582 3487 ὄμματα

584 3505 828 3564 βλέποντα,
854 3502 915 3550 τὰ
948 3502 999 3550 δὲ
1026 3503 1331 3549 πίπτοντα
1357 3499 1595 3547 δυνόντων
1626 3498 1756 3556 μέτα.
