2124 3860
977 267 1098 328 285

188 418 563 470 *Recentiorum
599 416 803 467 Grotius
828 417 1002 467 Latine
1037 416 1199 466 vertit.
1269 414 1625 465 Obtrectarunt
1656 413 1790 464 laudi
1816 414 1877 463 il-

206 500 304 549 lius
340 500 488 549 iidem
509 536 524 558 ,
573 499 655 562 qui
691 499 877 563 reliqua
912 496 1165 563 Euripidis
1199 511 1350 560 opera
1385 495 1713 552 diffamarunt,
1748 511 1875 558 qua-

206 596 318 630 rum
366 579 757 628 criminationum
794 586 984 643 partem
1019 584 1130 626 ante
1163 593 1242 624 me
1277 575 1491 624 Schoell.
1527 575 1557 627 Ι.
1590 577 1621 624 Ι.
1657 583 1707 624 et
1741 575 1879 623 Rau·

207 675 372 710 merus
406 660 456 708 iu
491 659 677 708 enchir.
709 659 824 706 hist.
861 658 972 707 anni
1007 658 1150 705 1841.
1187 673 1237 721 p.
1275 658 1370 705 178
1403 672 1542 720 seqq.
1578 657 1878 721 repulerunt.

249 999 319 1054 I).
406 997 771 1073 Sisyphus
830 999 947 1054 vel
999 998 1403 1073 Autolycus
1456 997 1821 1054 secundus.

338 1139 519 1204 Hygin.
553 1158 597 1193 c.
632 1143 742 1190 201.
787 1142 911 1190 haec
963 1140 1167 1189 tradidit
1213 1141 1504 1189 memoriae:
1566 1139 1883 1197 „Mercurius

210 1220 479 1284 Autolyco,
529 1238 589 1270 ex
638 1222 827 1270 Chione
876 1238 1019 1286 quem
1058 1223 1357 1284 procreavit,
1409 1221 1598 1268 muneri
1632 1221 1795 1280 dedit,
1830 1225 1885 1268 ut

207 1300 547 1349 furacissimus
583 1308 716 1350 esset
750 1318 842 1350 nec
878 1302 1335 1365 deprehenderetur
1368 1301 1416 1349 iu
1451 1301 1609 1358 furto,
1646 1308 1699 1348 ut
1734 1301 1885 1364 quid-

208 1380 323 1444 quid
370 1382 691 1445 surripuisset
733 1383 780 1430 in
828 1398 1170 1445 quamcunque
1205 1380 1426 1442 effigiem
1461 1381 1608 1429 vellet
1643 1388 1887 1429 transmu-

206 1453 422 1522 taretur,
459 1477 518 1512 ex
553 1462 664 1510 albo
700 1462 748 1509 in
784 1463 977 1527 nigrum
1014 1462 1091 1511 vel
1127 1478 1186 1510 ex
1222 1462 1359 1526 nigro
1395 1462 1443 1508 in
1479 1462 1658 1518 album,
1691 1461 1740 1508 in
1776 1475 1887 1508 cor-

206 1546 377 1589 nutum
414 1556 476 1589 ex
511 1542 703 1603 mutilo,
738 1544 786 1591 iu
820 1544 1045 1593 mutilum
1084 1560 1145 1591 ex
1180 1551 1402 1592 cornuto.
1472 1542 1515 1590 ls
1542 1558 1654 1590 cum
1684 1540 1887 1605 Sisyphi

206 1636 360 1686 pecus
396 1621 592 1671 assidue
627 1623 867 1672 involaret
902 1641 994 1674 nec
1028 1626 1087 1673 ab
1124 1640 1183 1672 eo
1220 1629 1390 1687 posset
1411 1622 1736 1686 deprehendi,
1772 1636 1885 1669 sen-

206 1700 271 1748 sit
305 1716 417 1748 eum
452 1701 641 1751 furtum
678 1705 768 1751 sibi
804 1705 986 1765 facere,
1023 1704 1152 1767 quod
1188 1704 1316 1751 illius
1351 1718 1586 1750 numerus
1622 1702 1890 1765 augebatur

208 1785 260 1837 et
304 1796 422 1829 suus
468 1783 792 1832 minuebatur.
861 1783 958 1845 Qui
1002 1791 1057 1832 ut
1104 1800 1212 1832 eum
1255 1782 1684 1846 deprehenderet,
1718 1782 1769 1830 in
1802 1797 1887 1846 pe-

209 1876 380 1909 corum
429 1863 623 1926 ungulis
660 1868 823 1912 notam
863 1864 1112 1928 imposuit.
1187 1863 1282 1925 Qui
1318 1879 1427 1911 cum
1465 1862 1607 1910 solito
1643 1878 1780 1910 more
1813 1863 1888 1911 in-

208 1940 424 1989 volasset
471 1950 523 1990 et
559 1943 802 2007 Sisyphus
840 1945 914 1992 ad
952 1961 1083 1993 eum
1122 1945 1450 2001 venisset,
1488 1958 1666 2006 pecora
1703 1958 1788 1988 sua
1826 1955 1889 1990 ex

208 2021 403 2085 ungulis
429 2022 771 2086 deprehendit,
807 2040 931 2087 quae
953 2024 1036 2072 ille
1062 2025 1376 2081 involaverat,
1413 2027 1464 2070 et
1492 2023 1728 2070 abduxit.¹
1768 2022 1888 2084 Qui

207 2116 342 2149 cum
379 2101 471 2149 ibi
510 2109 892 2153 moraretur
930 2105 1251 2169 (Sisyphus),
1301 2103 1618 2161 Anticleiam‚
1658 2101 1887 2166 Autolyci

205 2179 373 2243 filiam,
411 2185 724 2246 compressit,
766 2201 891 2247 quae
926 2194 1099 2250 postea
1129 2186 1337 2234 Laertae
1374 2185 1486 2231 data
1523 2190 1598 2230 est
1633 2183 1681 2230 iu
1721 2182 1887 2230 coniu-

206 2260 367 2325 gium,
418 2278 479 2310 ex
514 2279 610 2325 qua
646 2268 788 2311 uatus
839 2272 918 2313 est
964 2265 1188 2330 UlysseS.
1259 2264 1377 2313 Ideo
1415 2264 1630 2311 nonnulli
1662 2268 1889 2310 auctores

206 2340 375 2388 dicunt
422 2341 819 2408 Sisyphi‹lem³²²).
904 2345 980 2392 Ob
1038 2346 1134 2393 hoc
1191 2345 1401 2408 Ulysses
1460 2350 1687 2391 versutus
1743 2341 1889 2391 fuit.’'

205 2418 450 2470 Dramatis
488 2422 741 2488 Euripidei
777 2425 872 2472 hoc
917 2424 1074 2473 fuisse
1117 2433 1461 2488 argumentum
1508 2423 1723 2472 'l‘zetzes
1761 2423 1887 2474 chil.

205 2499 337 2563 Vm,
383 2504 680 2551 442—460.
731 2511 964 2564 testatur,
1013 2505 1236 2553 referens
1286 2505 1464 2568 partim
1501 2505 1672 2551 eadem
1710 2504 1890 2568 partim

207 2581 329 2641 alia,
379 2582 552 2646 quibus
589 2583 771 2647 Hygini
808 2587 1023 2633 narratio
1070 2586 1386 2650 suppleatur:
1435 2584 1708 2644 „Mercurii
1758 2584 1888 2632 filius

208 2667 315 2710 erat
363 2663 664 2726 Autolycum,
712 2671 854 2728 pater
890 2666 1112 2727 Laertis‚
1162 2681 1277 2713 avus
1325 2665 1535 2728 Ulyssis.
1607 2664 1701 2726 Qui
1738 2680 1889 2728 quum

206 2742 547 2805 pauperrimus
599 2753 760 2801 esset,
814 2762 842 2793 a
876 2745 1132 2794 Mercurio
1167 2746 1447 2809 impetravit
1482 2752 1637 2792 artem
1678 2743 1889 2793 furandi.

206 2818 397 2868 Furaus
433 2822 581 2885 igitur
615 2825 766 2873 etiam
802 2828 1114 2889 permutabat
1150 2842 1248 2885 res,
1285 2827 1379 2873 alia
1403 2826 1619 2872 reddens
1647 2840 1736 2888 pro
1764 2825 1886 2886 aliis,

206 2906 264 2948 ut
299 2901 579 2949 viderentur
614 2905 702 2950 sibi
731 2906 815 2967 qui
852 2907 1159 2970 accipiebant
1195 2922 1282 2953 sua
1312 2907 1536 2970 recipere
1567 2920 1726 2967 neque
1753 2904 1889 2952 reci-

207 2979 387 3045 piendo
436 2981 530 3028 alia
582 2983 760 3047 decipi.
829 2985 1022 3050 Equum
1071 2988 1216 3049 igitur
1252 2987 1488 3049 optimum
1525 2985 1717 3033 furatus
1754 2987 1889 3033 asino

206 3061 435 3109 scabioso
482 3062 678 3109 reddito
713 3063 861 3124 fecit,
907 3074 962 3115 ut
993 3068 1126 3114 illum
1164 3066 1443 3115 reddidisse
1478 3067 1756 3123 videretur;
1793 3065 1888 3112 vir-

206 3140 322 3206 gine
371 3149 532 3188 autem
580 3141 798 3191 formosa
847 3157 1071 3212 surrepta
1121 3147 1339 3195 Silenum
1391 3154 1475 3194 aut
1521 3145 1754 3210 Satyrum
1803 3149 1887 3193 aut

207 3220 479 3269 seniculum
540 3237 802 3285 spurcum,
861 3227 1037 3275 obtuso
1094 3243 1241 3284 naso,
1301 3226 1613 3286 edentulum,
1674 3224 1884 3285 calvum,

205 3314 464 3349 mucosum
498 3302 731 3359 reddidit,
767 3308 818 3352 et
850 3320 1030 3370 parens
1062 3308 1194 3357 hunc
1228 3306 1378 3357 filiam
1413 3323 1550 3358 suam
1580 3320 1692 3355 esse
1721 3303 1883 3354 credi-

258 3466 307 3522 *)
338 3469 483 3527 Vulgo
512 3469 688 3528 „Hypsi
690 3472 871 3528 pylon.”
