2170 3848
1150 233 1231 314 42

359 399 513 465 χάριν
561 401 658 449 τοῦ
704 398 877 465 δήμου
923 401 1153 465 μᾶλλον,
1207 401 1273 452 οἱ
1304 401 1380 453 τὰ
1411 402 1718 469 χρήματα
1751 406 2034 476 ἔχοντες

361 479 526 530 αὐτόν
557 495 612 528 τε
632 478 983 546 Κρεσφόντην
1018 478 1400 543 ἐπαναστάντες
1433 482 1522 534 καὶ
1552 479 1678 547 τοὺς
1711 483 1868 550 υἱοὺς
1901 489 2032 540 ἄπο·

358 559 623 610 κτείνουσι
654 553 782 620 τοὺς
813 561 1047 622 λοιπούς.
1116 564 1349 629 Opulenti
1397 566 1469 613 illi
1504 566 1581 615 vel
1616 570 1880 634 optimates
1916 579 2034 620 sunt

360 641 699 704 Polyphontes
734 649 880 706 atque
915 643 1174 708 Cypselus.

487 722 529 770 A
566 722 877 786 Polyphonte
908 724 1166 788 prologum
1201 730 1363 772 actum
1398 741 1512 773 esse
1542 727 1765 779 coniicio.
1818 729 2032 779 Enarra-

356 802 420 850 tis
455 803 602 850 rebus
636 804 791 864 gestis
806 799 825 860 ,’
855 819 1122 866 pauperem
1160 820 1216 851 se
1243 805 1479 868 relinqui,
1515 822 1679 870 neque
1715 814 1915 871 praeter
1947 825 2034 872 ge·-

357 882 488 929 neris
533 882 831 929 nobilitatem
881 888 933 930 et
978 882 1320 931 fortitudinem
1360 901 1530 933 manus
1565 888 1748 936 habere
1782 903 1880 952 quo
1915 904 2034 937 con-

355 962 554 1022 fideret,
588 962 792 1024 reliquis
829 962 1106 1010 Heraclidis
1141 965 1368 1012 omnibus
1389 966 1574 1029 praeda
1598 967 1781 1028 ditatis,
1817 984 2036 1032 conque-

355 1043 494 1090 ritur.
564 1040 631 1089 Se
664 1048 827 1090 tamen
866 1049 1009 1104 negat
1044 1050 1142 1090 tam
1179 1045 1443 1106 patientem
1479 1061 1622 1107 esse,
1655 1053 1711 1096 ut
1744 1063 1903 1112 aequo
1931 1048 2034 1097 ani-

354 1137 436 1170 mo
472 1122 774 1185 iniquitatem
812 1121 982 1170 fratris
1021 1121 1175 1170 ferat:

482 1197 672 1251 πολλοὶ
702 1201 923 1266 γεγῶτες
955 1199 1145 1266 ἄνδρες
1179 1201 1278 1252 οὐκ
1314 1201 1486 1268 ἐ’χουσ’
1522 1201 1666 1266 ὅπως

485 1280 751 1341 δείξουσιν
784 1279 994 1344 αὐτούς,
1028 1282 1137 1332 τῶν
1170 1284 1352 1333 κακῶν
1386 1279 1614 1353 ἐξουσίᾳ.

352 1361 429 1412 Ad
462 1363 594 1412 hunc
628 1362 808 1411 deinde
828 1363 1073 1428 Cypselus
1100 1366 1329 1424 accessit,
1363 1366 1489 1414 alter
1517 1366 1726 1426 invidus,
1762 1367 1845 1431 qni
1879 1383 1935 1417 se
1961 1369 2032 1417 in-

351 1444 477 1492 iuria
509 1443 644 1492 affici
679 1450 728 1490 et
764 1444 981 1507 praemio
1006 1445 1170 1492 auxilii
1198 1445 1411 1500 fideliter
1435 1448 1660 1510 praestiti
1686 1447 1887 1512 spoliari
1910 1463 2032 1511 que-

351 1530 562 1573 reretur.
616 1523 772 1571 Simul
807 1524 961 1570 duces
997 1524 1044 1570 in
1082 1539 1143 1572 eo
1179 1541 1308 1585 esse,
1344 1531 1399 1572 ut
1432 1532 1590 1575 terras
1624 1533 1926 1592 expugnatas
1959 1529 2032 1578 in-

350 1611 431 1654 ter
464 1621 520 1653 se
554 1604 869 1663 sortirentur,
904 1604 1107 1654 nuntiat.
1163 1605 1369 1666 Quaerit
1403 1608 1531 1654 enim
1561 1607 1899 1670 Cresphontes
1935 1610 2030 1657 sict

485 1686 633 1746 „An
700 1684 886 1731 inter
961 1698 1108 1731 sese
1179 1686 1481 1734 sortiunt
1543 1686 1769 1743 urbem
1827 1695 2030 1755 atque

1147 1765 1430 1828 agros?”

349 1847 463 1898 Huc
496 1845 716 1909 pertinet
751 1843 928 1890 lemma
963 1842 1236 1906 Hesychii:
1284 1842 1650 1911 ἅνανομήν
1684 1844 2027 1911 ἀναδασμόν·

350 1922 630 1991 ἀνανέμειν
671 1921 774 1988 γὰρ
807 1918 868 1972 τὸ
902 1921 1153 1986 μερίζει-ν·
1188 1923 1487 1989 Εὐριπίδης
1528 1925 1764 1993 Τημένῳ.
1835 1922 2028 1979 A‘uditis

351 2007 530 2058 deinde
546 2005 747 2069 Cypseli
765 2003 997 2067 querelis,
1016 2003 1348 2066 Polyphontes
1369 2022 1479 2053 eum
1494 2007 1734 2071 hortatur,
1761 2014 1815 2058 ut
1838 2009 2029 2073 agendo

350 2089 514 2155 potius
550 2102 694 2151 quam
729 2084 982 2147 querendo
1016 2084 1157 2131 malis
1192 2085 1379 2133 mederi
1409 2086 1578 2134 malit:

480 2165 639 2224 αὐτός
672 2162 721 2214 τί
754 2181 860 2214 νυν
895 2162 1038 2229 δρῶν
1074 2157 1184 2212 εἶτα
1218 2162 1476 2227 δαίμονας
1509 2164 1682 2215 κάλει·

481 2253 554 2312 τῷ
585 2244 688 2312 γὰρ
722 2247 982 2294 πονοῦντι
1014 2242 1087 2310 χώ
1120 2243 1245 2304 θεὸς
1278 2246 1650 2311 συλλαμβάνει.

481 2330 673 2378 Horum
699 2326 940 2389 colloquio
966 2326 1180 2389 parodus
1207 2328 1345 2375 chori
1370 2328 1595 2390 subiungi
1615 2327 1792 2391 potuit.
1837 2327 2030 2377 Deinde

349 2415 502 2463 duces
536 2407 765 2474 prodisse
799 2413 851 2454 et
887 2407 1286 2454 distributionem
1323 2413 1561 2454 terrarum
1599 2416 1747 2469 atque
1772 2409 2029 2456 universae

350 2492 565 2560 praedae
599 2491 649 2537 in
684 2503 831 2535 scena
866 2486 1135 2534 exhibitam
1173 2501 1286 2534 esse
1321 2493 1699 2534 consentaneum
1735 2494 1827 2537 est.
1897 2486 2027 2537 Ver-

349 2577 411 2624 ba
443 2570 659 2621 faciebat
690 2567 971 2626 'lemenus.,
1007 2571 1058 2614 et
1092 2567 1303 2630 primum
1339 2566 1538 2628 quidem
1573 2574 1819 2616 terrarum
1854 2567 2028 2616 civita-

351 2661 554 2716 tumque
579 2648 898 2714 singxssarum,
918 2662 1043 2708 quae
1057 2646 1351 2693 dividendae
1370 2651 1526 2708 erant,
1540 2647 1713 2696 laudes
1727 2649 2026 2711 exponebat.

465 2726 674 2781 Ἀπασα
709 2726 1120 2790 Πελοπόννησος
1154 2723 1358 2789 εὐτυχεῖ
1389 2724 1538 2784 πόλις

480 2833 1328 2849 ——-———-——-

481 2892 610 2955 ἄλλη
645 2888 779 2954 πρὸς
812 2888 940 2937 ἄλλο
974 2888 1102 2951 γαῖα
1131 2884 1492 2951 χρησιμωτέρα

481 3053 583 3122 ἔχει
618 3051 674 3103 δὲ
810 3079 871 3088 -—-
1007 3077 1070 3086 --
1203 3077 1269 3086 -—
1402 3044 1687 3112 Λακωνικὴ

479 3131 684 3200 πολλὴν
717 3130 814 3197 μὲν
847 3133 1058 3196 ἄροτον,
1095 3126 1338 3180 ἐκπονεῖν
1372 3127 1419 3177 δ’
1455 3127 1520 3177 οὐ
1555 3126 1773 3192 ῥᾴδιον·

481 3214 631 3281 κοίλη
665 3213 767 3280 γάρ
787 3253 800 3275 ,
838 3214 980 3277 ὄρεσι
1013 3209 1333 3274 περίδρομος
1366 3208 1577 3275 τραχεῖά
1609 3224 1663 3258 τε

485 3293 817 3360 δυςείςβολός
849 3308 903 3342 τε
936 3290 1206 3358 πολεμίοις
1338 3319 1401 3326 -
1536 3318 1599 3326 -

485 3405 742 3415 ——.
878 3398 1333 3408 ———

483 3452 831 3523 Μεσσηνικὴν
864 3451 920 3504 δὲ
953 3450 1308 3516 καλλίκαρπον
1368 3486 1372 3492 -
1443 3479 1502 3489 -
1643 3476 1703 3485 --
