2150 3866
1150 240 1275 299 21⁰

379 391 542 437 terum
576 399 672 434 non
705 383 952 449 Apollinis
986 382 1267 446 oraculum,
1302 385 1390 434 sed
1426 386 1635 439 Curetes
1667 405 1698 440 a
1731 390 1903 443 Minoe
1941 408 2061 444 con-

381 467 496 517 sulti
529 469 683 525 erant,
713 469 846 514 teste
879 464 1212 530 Apollodoro:
1256 464 1394 530 iique
1426 481 1539 515 non
1566 468 1817 522 inventum
1836 477 2062 535 tantum,

382 548 473 597 scd
507 547 656 596 etlam
688 545 738 594 in
773 545 920 594 vitam
968 545 1128 593 filium
1177 545 1412 595 dixerunt
1453 548 1739 602 restitutum
1781 552 1847 601 iri
1889 553 1951 602 ab
1985 569 2065 615 eo,

381 628 468 692 qui
492 626 634 676 vituli
660 625 915 673 cuiusdam
941 625 1190 674 tricoloris
1205 624 1274 691 *)‚
1308 626 1390 690 qui
1413 627 1461 674 in
1483 628 1618 692 regis
1633 632 1866 695 gregibus
1887 649 2066 699 pasce-

382 711 546 767 retur,
582 706 768 770 optime
804 705 1048 771 effingere
1083 706 1306 771 speciem
1340 706 1588 769 potuisset
1621 707 1824 770 dicens,
1873 714 2067 763 cuinam

381 788 456 838 rei
502 787 679 836 similis
725 791 880 836 esset.
964 785 1133 834 Rebus
1183 786 1425 850 expositis
1483 786 1718 852 Polyidus
1767 789 2069 842 haliaeetum

382 868 691 932 conspiciens
727 881 787 914 ex
823 867 947 913 mari
980 867 1030 914 in
1062 870 1249 916 terram
1295 866 1543 916 volantem
1590 869 1923 918 coniecturam
1954 871 2070 920 inde

383 948 503 998 facit
547 946 792 995 Glaucum
825 947 876 994 in
911 952 1070 1007 terra,
1121 962 1218 996 non
1251 947 1303 995 in
1337 947 1514 1008 undis,
1549 948 1847 999 exstinctum
1879 951 2068 1001 iacere:

721 1021 800 1087 ἔα,
837 1020 936 1076 ἔα]

516 1105 626 1171 6ρῶ
661 1107 709 1171 γ’
747 1104 826 1157 ἐπ’
862 1105 1045 1165 ἀκταῖς
1079 1104 1292 1171 νομάδα
1325 1104 1742 1173 κυματότροφον

514 1185 778 1238 α”λιαίετον
797 1200 808 1213 ·
841 1186 937 1239 τὸν
969 1185 1139 1237 παῖδα
1172 1186 1405 1253 χερσεύει
1437 1185 1630 1252 μόρος·

516 1268 562 1319 εἰ
597 1266 694 1333 μὲν
727 1267 831 1334 γὰρ
867 1265 925 1319 ἐκ
957 1270 1057 1336 γῆς
1091 1267 1165 1328 εἰς
1196 1267 1479 1319 θάλασσαν
1514 1263 1705 1319 ἔπτατο

515 1347 546 1399 ὁ
579 1348 768 1411 κύματ’
806 1348 971 1399 οἰκῶν
1006 1351 1169 1414 ὄρνις,
1203 1348 1538 1416 ἦρμήνευσεν
1571 1346 1642 1399 ἂν

515 1427 611 1479 τὸν
645 1428 790 1479 παῖδ’
828 1427 886 1480 ἐν
919 1427 1109 1494 ὑγροῖς
1141 1429 1373 1495 κύμασιν
1405 1427 1748 1495 τεθνηκέναι·

516 1513 621 1560 νῦν
657 1507 704 1559 δ’
741 1507 967 1560 ἐκλιπὼν
1000 1510 1111 1574 ἤθη
1146 1525 1201 1559 τε
1232 1508 1322 1559 καὶ
1354 1510 1527 1574 νόμον
1562 1508 1687 1573 βίου

518 1589 664 1653 δεῦρ’
699 1582 866 1640 ἔπτατ’
888 1602 900 1615 ·
935 1591 1142 1640 οὔκουν
1175 1587 1289 1640 ἔσθ’
1326 1588 1356 1640 ὁ
1389 1592 1515 1649 παῖς
1549 1587 1608 1640 ἐν
1642 1587 1908 1655 οἴδμασιν.

386 1671 507 1723 Inde
552 1673 782 1720 terrestri
835 1670 1142 1735 inquisitioni
1204 1687 1406 1735 operam
1452 1672 1574 1720 dans
1637 1671 1793 1733 „vidit
1841 1673 2071 1725 noctuam

387 1749 639 1817 (γλαῦκα)
690 1767 844 1816 super
879 1751 1054 1799 cellam
1088 1750 1322 1799 vinariam
1357 1751 1619 1800 sedentem
1653 1755 1802 1814 atquc
1835 1765 1955 1814 apes
1987 1749 2071 1798 fu-

385 1838 600 1898 gantem.
669 1831 887 1895 Augurio
922 1837 1132 1895 accepto
1161 1846 1372 1895 puerum
1396 1831 1673 1879 exanimem
1698 1830 1763 1879 de
1786 1829 1923 1878 dolio
1949 1830 2073 1878 edu-

386 1912 505 1962 xit.'’
573 1911 714 1961 Haec
746 1912 933 1976 Hygini
965 1912 1118 1959 verba
1153 1911 1413 1959 confirmat
1446 1910 1682 1960 Aelianus
1717 1909 1782 1977 de
1801 1914 1901 1958 nat.
1927 1909 2073 1959 anim.

387 1991 451 2053 V,
482 1995 542 2043 2:
604 1989 775 2042 ἔοικεν
824 1988 1124 2056 Εὐριπίδης
1169 1988 1541 2054 ἀβασανίστως
1591 1985 1934 2054 πεποιηκέναι
1978 1987 2076 2040 τὸν

391 2070 669 2123 Πολύϊδον
713 2070 922 2137 ὁρῶντα
954 2073 1217 2137 γλαῦκα
1251 2069 1341 2122 καὶ
1375 2067 1427 2133 ἐξ
1462 2069 1626 2138 αὐτῆς
1658 2068 2072 2136 τεκμηράμενον,

388 2150 470 2203 ὅτι
504 2151 713 2219 εὑρήσει
743 2149 834 2203 καὶ
865 2151 961 2203 τὸν
1009 2153 1360 2216 Γλαῦκον,
1406 2151 1502 2203 τὸν
1533 2151 1800 2202 τεθνεῶτα
1830 2152 1930 2201 τοῦ
1954 2148 2074 2200 ἸΜεί-

388 2250 465 2284 νω
495 2231 635 2285 υἱόν.

523 2315 748 2363 Abennte
782 2328 969 2377 augure
1003 2311 1054 2360 in
1087 2311 1281 2368 locum,
1317 2312 1380 2359 ad
1415 2327 1562 2374 quem
1597 2326 1713 2359 aves
1748 2311 2074 2372 deducebant,

389 2395 681 2461 prodierunt
715 2392 1006 2458 populares,
1053 2392 1136 2455 qui
1183 2406 1274 2455 pro
1324 2391 1476 2439 choro
1511 2396 1697 2440 essent.
1767 2390 1889 2439 Post
1921 2404 2076 2454 paro-

389 2476 509 2524 dum
555 2490 736 2539 corpus
784 2473 926 2537 pueri
971 2473 1024 2521 in
1074 2486 1271 2520 scenam
1316 2471 1527 2519 relatum
1564 2476 1673 2532 est,
1725 2470 2074 2520 comitantibus

390 2552 630 2618 Polyido,
665 2553 833 2602 Minoe
867 2556 920 2601 et
963 2551 1271 2602 satellitibus,
1341 2550 1466 2611 Rex,
1504 2557 1772 2616 conspecto
1807 2550 1952 2616 pueri
1985 2550 2076 2598 de-

391 2634 549 2684 functi
597 2650 808 2698 corpore
857 2649 914 2681 ac
949 2632 1198 2681 declarato
1233 2631 1433 2691 dolore,
1485 2636 1541 2679 ut
1577 2632 1803 2695 spiritum
1837 2645 1993 2693 augur
2026 2629 2076 2678 ei

391 2715 694 2776 restitueret,
729 2713 997 2778 postulavit
1010 2708 1103 2778 **)‚
1171 2711 1280 2773 Quo
1315 2717 1525 2774 negante
1558 2711 1657 2760 hoc
1693 2726 1811 2761 suae
1845 2724 1960 2758 esse
1981 2725 2074 2773 po-

392 2794 619 2855 testatiS,
669 2793 905 2842 simulans
942 2809 997 2841 se
1029 2792 1279 2840 voluntate
1313 2806 1401 2839 sua
1446 2792 1655 2851 cedere,
1707 2789 1990 2855 sepulcrum
2023 2792 2076 2838 et

392 2875 527 2922 iusta.
580 2872 810 2923 funebria
854 2888 1012 2937 puero
1058 2887 1203 2936 quam
1251 2875 1458 2933 possent
1490 2871 1795 2935 amplissima
1829 2868 1990 2934 parari
2018 2871 2077 2917 et

392 2953 606 3018 plurima
657 2968 860 3014 eorum,
914 2967 1040 3016 quae
1083 2951 1202 2999 vivis
1247 2950 1324 2998 vel
1373 2967 1485 2999 cara
1518 2951 1596 2999 vel
1627 2949 1907 3000 necessaria
1939 2950 2073 3009 sunt,

392 3033 445 3080 in
479 3032 767 3097 sepulcrum
801 3032 918 3081 addi
951 3035 1148 3080 mortuo
1181 3030 1350 3092 iussit,
1383 3031 1482 3079 hoc
1519 3035 1779 3096 spectanS,
1814 3031 1870 3078 ut
1902 3026 2071 3092 Polyi-

448 3225 496 3280 *)
526 3225 643 3282 βοῦν
680 3224 934 3281 τρίχρωμον
971 3225 1199 3279 appellant
1237 3225 1470 3280 Apollod.‚
1512 3224 1701 3266 Tzetzes
1722 3226 1766 3264 et
1794 3221 1939 3265 schol.
1970 3221 2073 3265 Ari-

532 3294 632 3338 stid.
664 3296 719 3338 T.
749 3297 808 3336 Π.
839 3310 884 3350 p.
909 3294 1006 3337 307.
1064 3295 1116 3336 In
1144 3295 1435 3350 proverbium
1463 3293 1637 3336 abierat
1664 3288 1854 3349 τραγικὴ
1886 3292 2015 3349 βοῦς.

422 3365 499 3420 *ἢ
527 3365 758 3421 Hyginus:
813 3364 932 3417 „Cui
959 3363 1106 3407 Minos
1146 3365 1232 3408 ait:
1278 3379 1466 3420 corpore
1505 3363 1684 3406 invento
1721 3376 1837 3405 nunc
1865 3362 2071 3418 spiritum

530 3435 756 3478 restitue.’'
