2170 3866
1124 243 1251 301 514

345 391 640 454 utriusque,
692 389 737 438 si
784 388 936 439 modo
984 390 1320 454 exstitissent,
1378 390 1615 456 distingui
1663 394 1886 458 potu-isse
1931 410 2047 446 cre-

344 470 563 520 damus?

481 549 570 598 Sin
603 550 718 613 quis
753 566 783 598 a
816 550 1155 614 posteriorum
1194 553 1455 615 poetarum
1499 550 1668 616 aliquo
1700 551 2045 618 interpolatio-

342 646 462 679 nem
510 628 691 679 factam
728 645 843 679 esse
878 631 1172 690 arbitratur,
1220 634 1438 694 reputet,
1472 647 1616 694 quam
1653 632 1861 682 difficile
1893 634 2047 684 fuerit

346 711 498 770 sactu,
538 718 593 758 ut
626 715 1028 773 permutarentur
1062 710 1534 775 surriperenturque
1566 713 1851 763 hominibus
1889 713 2045 764 Grae-

346 791 419 838 cis
452 806 528 847 ea,
567 806 694 854 quae
730 790 951 854 plerique
986 793 1277 840 memoriter
1310 791 1623 841 didicissent.
1692 793 1847 842 Plane
1876 794 2046 844 incre-

288 920 290 922 ,
345 870 499 920 dibile
545 876 623 918 est
670 870 836 919 locum
883 872 1127 920 eiusmodi
1167 869 1333 920 fraudi
1363 871 1524 920 fuisse
1557 878 1671 922 ante
1704 890 1763 922 ea
1798 879 2045 938 tempora,

347 951 524 1014 quibus
575 951 819 999 imminui·
845 951 1014 1016 coepit
1063 951 1277 1000 eruditio
1325 951 1455 1013 vulgi
1491 957 1542 1000 et
1576 953 1850 1017 ignorantia
1885 954 2046 1003 Grae-

347 1032 472 1079 ciam
506 1030 704 1087 invasit,
746 1030 923 1094 quibus
961 1032 1272 1096 temporibus
1309 1032 1526 1096 scriptus
1562 1038 1642 1082 est
1676 1039 1822 1084 cento
1857 1033 2048 1084 Christi

345 1111 606 1160 Patientis.
673 1110 954 1160 Memoriae
1003 1111 1240 1160 traditum
1277 1118 1354 1160 est
1389 1113 1670 1177 exemplum
1703 1114 2048 1179 interpolatio-

346 1192 422 1240 nis
466 1195 720 1240 vetustum
768 1207 797 1239 a
831 1191 1136 1254 Neophrone
1171 1192 1406 1256 Sicyonio
1441 1192 1634 1253 factae,
1682 1194 1768 1258 qui
1800 1194 1896 1244 fuit
1929 1194 2045 1245 Ale-

345 1271 521 1320 xandri
557 1270 726 1334 Magni
761 1271 1071 1335 temporibus
1106 1278 1158 1319 et
1190 1272 1241 1319 in
1277 1272 1451 1337 vulgus
1487 1273 1645 1322 edidit
1680 1262 1897 1324 fabulam
1929 1273 2045 1324 Me-

345 1352 491 1411 deae,
526 1366 671 1414 quam
708 1351 986 1399 mutatione
1021 1352 1231 1414 quadam
1267 1352 1488 1401 adhibita
1523 1353 1780 1418 Euripidis
1815 1370 1931 1404 esse
1957 1354 2045 1403 Di-

347 1431 618 1481 caearchus
673 1434 822 1492 atque
865 1430 1168 1479 Aristoteles
1225 1437 1525 1496 arguerunt3
1580 1433 1692 1482 vide
1745 1432 2044 1497 scriptorem

343 1511 626 1574 argumenti
660 1510 840 1573 prioris
876 1507 979 1573 (ed.
1008 1509 1201 1574 Pflugk.
1229 1527 1278 1574 p.
1307 1511 1411 1572 4.):
1445 1510 1506 1561 τὸ
1542 1510 1718 1578 δρᾶμα
1745 1510 1895 1563 δοκεῖ
1910 1509 2042 1563 ὑπο-

348 1588 610 1656 βαλέσθαι
650 1586 796 1653 παρὰ
832 1588 1158 1654 Νεόφρονος
1192 1588 1720 1655 διασκευάσεως,
1756 1591 1829 1651 ὥς
1855 1591 2043 1644 Δικαί-

347 1670 508 1738 αρχός
529 1686 585 1721 τε
618 1669 738 1736 περὶ
759 1673 859 1721 τοῦ
885 1662 1142 1730 Ἑλλάδος
1164 1668 1288 1736 βίου
1323 1667 1412 1721 καὶ
1428 1666 1787 1738 Ἀριστοτέλης
1821 1668 1879 1723 έν
1910 1670 2044 1724 ὑπο-

345 1752 596 1819 μνήμασι.
647 1753 731 1801 Sic
767 1753 1008 1817 scriptum
1044 1757 1125 1800 est
1159 1753 1209 1800 in
1246 1752 1357 1802 cod.
1381 1752 1518 1805 Flor.
1578 1753 1740 1818 Vulgo
1765 1752 2045 1805 διασκευά-

347 1844 459 1896 σας,
483 1850 546 1883 ex
571 1849 667 1897 qua
685 1833 970 1897 corruptela
997 1838 1140 1881 natus
1166 1839 1245 1881 est
1267 1848 1424 1894 error,
1449 1849 1595 1896 quem
1619 1836 1792 1885 iteravi
1816 1836 1944 1900 ipse,
1963 1850 2044 1885 se—

347 1923 494 1965 cutus
521 1914 662 1972 alios,
698 1912 760 1964 T.
783 1912 817 1961 1.
836 1929 884 1976 p.
904 1914 1033 1974 345„
1058 1928 1155 1975 quo
1182 1929 1352 1961 errore
1366 1913 1658 1977 Euripidem
1685 1914 2046 1979 aNeophronc‚

346 2011 444 2046 non
479 1993 834 2058 Neophronem
870 1993 932 2040 ab
962 1992 1207 2055 Euripide
1241 1999 1498 2042 mutuasse
1523 2009 1651 2056 quae
1674 2011 1768 2060 pro
1795 1997 1897 2045 suis
1924 2001 2045 2044 ven-

347 2076 492 2125 deret
522 2075 804 2139 opinantur.
873 2072 1088 2123 Veriora
1122 2073 1304 2120 docent
1331 2073 1510 2121 Suidas
1544 2080 1596 2122 et
1621 2074 1866 2146 Diogenes
1891 2074 2046 2125 Laer-

348 2156 478 2214 tius,
521 2169 732 2216 quorum
767 2153 852 2201 ille
888 2169 926 2201 s.
954 2169 997 2200 v.
1035 2151 1338 2216 Νεόφρων,
1386 2152 1718 2215 Σικυώνιος,
1765 2153 2044 2219 τραγικός·

349 2223 430 2286 οὗη
451 2241 618 2297 φασιν
651 2225 789 2282 εἶναι
822 2228 922 2297 τὴν
954 2231 1260 2295 Εὐριπίδου
1296 2232 1578 2298 Μήδειαν,
1614 2233 1673 2292 ὃς
1704 2235 1916 2296 πρῶτος
1946 2233 2045 2294 εἰς·

347 2315 517 2383 ἤγαγε
551 2305 937 2378 παιδαγωγοὺς
970 2308 1060 2362 καὶ
1094 2310 1314 2361 οἰκετῶν
1347 2310 1602 2375 βάσανον.
1657 2305 1899 2375 Ἐδίδαξε
1921 2329 2044 2379 τρα-

349 2393 550 2462 γῳδίας
593 2385 692 2457 ρκ’.
772 2394 1022 2459 Συνῆν
1076 2388 1146 2442 δὲ
1191 2387 1614 2459 Ἀλεξάνδρῳ
1671 2393 1758 2462 τῷ
1806 2396 2075 2445 Mane--

351 2476 384 2529 δ
397 2476 469 2528 όν
484 2494 528 2538 ι,
591 2470 682 2525 καὶ
735 2472 871 2524 διότι
918 2471 1074 2536 φίλος
1118 2465 1188 2539 ἦν
1235 2471 1586 2523 Καλλισθένει
1623 2477 1697 2538 τῷ
1745 2473 2044 2543 φιλοσόφῳ,

350 2553 452 2609 σὺν
487 2554 671 2622 ἐκείνῳ
704 2553 796 2605 καὶ
830 2553 997 2605 αὐτὸν
1031 2553 1237 2604 ἀνεῖλεν
1272 2552 1549 2617 αἰκισμοῖς.
1610 2553 1846 2619 Diogenis
1879 2564 2045 2606 autem

351 2641 411 2700 ll,
442 2640 552 2687 134.
590 2637 778 2685 haecce
813 2643 930 2684 sunt
962 2638 1140 2685 verba:
1187 2636 1279 2700 τῆς
1313 2633 1556 2699 Μηδείας
1593 2637 1687 2701 τῆς
1721 2634 2046 2700 Εὐριπίδου,

348 2719 420 2786 ἣν
481 2715 541 2768 έν
597 2718 711 2776 τοῖς
762 2715 1086 2781 Νεόφρονος
1138 2709 1276 2765 εἶναι
1330 2718 1430 2765 τοῦ
1476 2714 1792 2766 Σικυωνίου
1858 2715 2042 2781 φασίν.

349 2800 525 2863 Qualis
560 2798 686 2846 haec
722 2796 877 2846 fuerit
910 2797 1242 2861 interpolatio,
1278 2812 1340 2844 ex
1375 2796 1568 2844 duobus
1595 2798 1835 2861 exeimlis
1861 2813 2046 2862 cogno-

344 2881 528 2938 scitur,
564 2893 771 2940 quorum
807 2877 1020 2927 alterum
1055 2877 1185 2942 apud
1222 2875 1498 2925 Stobaeum·
1527 2875 1638 2927 XX.
1665 2894 1716 2941 p.
1745 2880 1855 2927 172.
1881 2875 2042 2941 (107.)

345 2963 542 3018 exstat,
587 2958 968 3007 haesitationem
1019 2958 1275 3005 continens
1321 2955 1538 3004 Medeae
1594 2956 1782 3006 liberos
1831 2955 2044 3007 interfe-

341 3045 549 3088 ²c'turae:

485 3109 607 3178 εἶεν,
641 3113 693 3165 τί
725 3114 952 3181 δράσεις,
983 3113 1158 3181 fimes,-
1192 3113 1481 3179 βούλευσαι
1514 3114 1690 3175 καλῶς

487 3193 615 3261 πρὶν
648 3193 957 3262 ἐξαμαρτεῖν
989 3194 1080 3247 καὶ
1110 3193 1175 3246 τὰ
1208 3192 1632 3260 προςφιλέστατα

483 3273 701 3343 ἔχθιστα
731 3274 955 3328 θέσθαι·
991 3279 1088 3328 ποῖ
1115 3275 1235 3327 ποτ’
1271 3272 1460 3344 έξῆξαι,
1492 3275 1685 3336 τάλας,·

483 3357 691 3426 κατίσχε
723 3359 865 3425 λῆμα
885 3355 987 3410 -καὶ
1019 3356 1213 3418 σθένος
1242 3354 1542 3423 θεοστυγές.
