2170 3866
1125 258 1251 318 51⁰

348 403 514 468 patria·
529 401 799 467 Euripides
833 403 970 468 abiit,
995 405 1093 454 iam
1127 406 1439 474 grandiorem
1465 410 1588 455 natu
1607 405 1791 459 fuisse:
1824 409 1877 460 ld
1905 409 2042 459 euim

347 499 411 540 ex
443 483 585 532 hisce
618 483 965 549 Aristophanis
1000 486 1227 536 versibus
1261 485 1353 548 (cf.
1378 486 1468 537 vit.
1494 485 1699 551 Elmsl.)
1734 488 2042 555 intelligitur,

347 563 433 627 qui
466 579 634 626 ansam
670 563 732 611 ad
780 566 1200 616 comminiscenda
1249 566 1364 630 illa,
1415 581 1543 630 quae
1590 567 1832 632 refutavi,
1875 585 2043 635 gram·-

346 644 536 692 maticis
573 643 845 694 dederunt:

479 723 827 789 Κηφισοφῶν
859 725 1038 791 ἄριστξ,
1069 723 1160 777 καὶ
1190 723 1492 791 μελάντατε,

478 796 547 854 σὺ
583 803 640 856 δὲ
675 803 896 872 συνέζης
930 805 1002 866 ὡς
1032 805 1098 858 τὰ
1132 807 1279 859 πόλλ’
1315 803 1587 872 Εὐριπίδῃ

474 882 566 936 καὶ
599 886 914 949 συνεποίεις,
949 884 1021 947 ὥς
1056 900 1206 953 φησι,
1239 887 1334 948 τὰς
1367 886 1655 954 μονῳδίας.

342 965 637 1031 Euripidem
683 985 803 1017 vero
854 985 952 1017 non
999 976 1077 1019 est
1120 971 1399 1019 mirandum
1442 970 1600 1034 patria
1651 968 1903 1017 lubentem
1951 982 2042 1017 ca·-

342 1047 503 1096 ruisse
539 1047 628 1111 (cf.
656 1048 907 1096 Plutarch.
931 1049 993 1097 de
1019 1051 1165 1098 exilio
1189 1068 1239 1115 p.
1266 1051 1382 1097 604.
1409 1047 1612 1112 (426.)),
1648 1047 1833 1113 quippe
1866 1048 1916 1096 in
1945 1063 2040 1112 qua
2113 1071 2117 1074 -

340 1126 438 1175 iam
474 1144 646 1192 pauca,
683 1129 862 1191 quibus
892 1129 1150 1193 gauderet,
1186 1134 1508 1195 gererentur3
1545 1128 1665 1177 felix
1698 1134 1861 1176 autem
1891 1143 2037 1193 prae-

342 1206 582 1256 dicandus
617 1216 722 1268 est,
771 1209 907 1271 quod
953 1211 1225 1258 exstinctus
1269 1212 1350 1257 est
1395 1215 1658 1273 antequam
1706 1207 2039 1257 calamitatem

342 1286 524 1335 civium
563 1293 614 1335 et
649 1288 991 1351 captivitatem
1026 1290 1164 1338 urbis
1197 1291 1403 1338 videret.

475 1366 770 1429 Priusquam
807 1367 857 1415 in
888 1367 1234 1417 Macedoniam
1271 1386 1326 1418 se
1361 1367 1645 1428 conferret,
1696 1368 1748 1417 in
1781 1366 2039 1430 Magnesia

338 1445 698 1496 Thessalorum
752 1454 1084 1496 commoratus
1127 1449 1338 1497 traditur
1381 1453 1435 1498 et
1480 1447 1701 1512 hospitio
1748 1452 1896 1511 atque
1943 1446 2037 1494 im-

339 1527 581 1576 munitate
630 1528 691 1576 ab
737 1527 912 1575 incolis
962 1528 1234 1576 honoratus
1271 1544 1412 1588 esse3
1461 1528 1529 1577 cf.
1569 1529 1652 1576 vit.
1683 1527 1791 1576 cod.
1822 1525 2032 1575 Mediol.

339 1606 453 1657 coll.
498 1606 729 1657 Ambros.
799 1608 942 1656 Alius
986 1608 1394 1672 peregrinationis
1438 1608 1740 1656 mentionem
1784 1606 2034 1670 Eparchi-

337 1688 428 1736 des
463 1686 594 1750 apud
629 1688 944 1736 Athenaeum
970 1688 1029 1736 Il.
1054 1706 1103 1754 p.
1135 1690 1213 1738 61.
1250 1687 1390 1749 fecit,
1424 1703 1629 1737 narrans
1661 1686 1953 1750 Euripidem
1983 1685 2035 1736 in

336 1767 530 1817 Icarum
575 1768 784 1816 insulam
832 1768 1140 1832 profectum,
1186 1774 1380 1816 mortua
1430 1769 1480 1816 in
1526 1768 1657 1831 agris
1692 1767 1878 1814 femina
1916 1781 2037 1830 qua-

337 1848 454 1895 dam
489 1864 602 1897 cum
636 1848 828 1906 liberis,
864 1848 1060 1898 duobus
1097 1849 1296 1913 quidem
1332 1849 1514 1898 adultis
1549 1847 1784 1908 maribus,
1818 1862 1914 1895 una
1946 1862 2036 1895 au-

336 1935 438 1977 tem
474 1928 657 1993 puella,
692 1928 957 1994 fungorum
994 1929 1335 1994 pestilentium
1360 1945 1449 1978 esu
1475 1927 1704 1977 omnibus
1733 1926 2034 1987 interfectis,

335 2009 435 2058 hoc
470 2009 816 2071 composuisse
857 2010 1192 2073 epigramma:

466 2080 510 2139 ὦ
542 2086 639 2138 τὸν
671 2087 980 2155 ἄγήραντον
1011 2089 1182 2140 πόλον
1216 2086 1434 2154 αἰθέρος
1453 2081 1603 2139 “Hm
1641 2082 1868 2151 τέμνων,

534 2161 619 2233 ἆρ’
655 2164 792 2229 εἶδες
825 2169 1023 2221 τοιόνδ’
1059 2172 1255 2237 ὄμματι
1293 2169 1500 2237 πρόσθε
1533 2168 1734 2229 πάθοςς

466 2248 668 2315 μητέρα
700 2251 1035 2317 παρθενικήν
1067 2268 1122 2302 τε
1154 2251 1323 2317 κόρην
1357 2249 1575 2307 δισσούς
1607 2264 1662 2298 τε
1697 2244 1998 2310 συναίμους

486 2320 491 2328 ’
534 2326 594 2381 ἐν
626 2330 800 2398 τοιύτῲΙ
836 2330 1020 2397 φέγγει
1052 2330 1300 2398 μοιριδίῳ
1335 2327 1637 2396 φθιμένους
1649 2346 1664 2387 ,-

469 2411 651 2461 Statim
687 2430 801 2462 cum
837 2419 1145 2477 postremam
1177 2410 1494 2462 didascaliam
1530 2407 1898 2465 commisisset,
1926 2403 2030 2454 Eu-

336 2491 526 2556 ripides
573 2509 601 2540 a
645 2494 806 2558 patria
841 2493 981 2543 abiit.
1047 2494 1173 2544 Nam
1210 2491 1390 2542 Suidas
1434 2506 1547 2539 eum
1584 2486 1908 2552 quadraginta
1942 2499 2032 2534 sex

338 2572 476 2620 annis
514 2575 796 2636 tragoedias
831 2574 1066 2623 docuisse
1098 2574 1272 2623 retulit
1308 2567 1627 2636 (ἐπεδείξατο
1660 2564 1718 2619 δὲ
1743 2563 1906 2626 ὅλους
1926 2561 2032 2616 ἐνι-

337 2643 538 2711 amoos
561 2646 689 2717 μς’),
723 2655 777 2703 id
812 2658 892 2703 est
922 2655 983 2703 ab
1017 2654 1094 2703 Ol.
1119 2656 1199 2712 81,
1225 2655 1270 2701 1.
1301 2654 1363 2701 ad
1387 2652 1467 2700 Ol.
1494 2654 1576 2713 92,
1606 2652 1653 2698 4.
1676 2649 1783 2698 sive
1817 2648 1877 2696 ab
1901 2661 2030 2696 anuo

334 2733 434 2780 454
471 2733 533 2780 ad
572 2750 751 2783 annum
786 2737 900 2784 408.
970 2735 1047 2785 Ab
1095 2735 1193 2782 hoc
1237 2733 1390 2798 igitur
1435 2737 1662 2796 tempore
1707 2728 1769 2776 ad
1815 2731 2029 2777 mortem

335 2812 442 2860 eius
477 2829 574 2862 non
606 2815 718 2878 plus
754 2815 854 2864 duo
890 2815 1004 2863 anni
1036 2814 1458 2871 intercesserunt,
1506 2827 1605 2875 quo
1654 2809 1818 2873 spatio
1851 2812 1903 2857 et
1933 2807 2030 2856 iter

334 2894 467 2955 quod
516 2894 730 2942 diximus
779 2895 1001 2944 confecit
1049 2900 1101 2943 et
1146 2895 1332 2956 degens
1377 2893 1427 2941 in
1461 2889 1755 2941 Macedonia
1796 2891 2030 2951 quattuor

333 2971 558 3030 fabulas,
594 2975 921 3036 Archelaum,
957 2974 1264 3040 iphigeniam
1299 2972 1433 3035 Aul„
1467 2971 1815 3020 Alcmaeonem
1852 2966 2033 3016 Corin«
2067 3018 2070 3019 γ

332 3051 494 3100 thium
545 3060 596 3102 et
638 3054 863 3103 Bacchas
913 3054 1224 3120 composuit:
1273 3068 1477 3116 quarum
1523 3049 1890 3115 tragoediarum
1926 3046 2036 3120 pri--

333 3146 465 3180 mam
509 3140 719 3198 rogante
758 3135 1094 3184 Macedonum
1140 3148 1259 3195 rege
1294 3133 1438 3180 huius
1474 3131 1660 3195 gloriae
1696 3134 1749 3177 et
1782 3126 2027 3175 maiorum

333 3210 444 3260 eius
491 3212 818 3262 celebrandae
865 3215 1102 3263 tributam
1147 3228 1261 3261 esse
1309 3217 1509 3262 veteres
1554 3208 1825 3258 memoriae
1858 3203 2028 3270 prodi-

334 3290 518 3340 derunt
564 3293 853 3358 scriptores,
935 3293 1202 3343 Diomedes
1247 3292 1600 3357 grammaticus
1645 3289 1729 3337 lib.
1767 3285 1877 3345 HL,
1925 3298 2026 3348 quo

331 3369 445 3419 loco
493 3372 612 3436 quid
660 3373 791 3422 inter
826 3375 1136 3423 comoediam
1181 3378 1234 3422 et
1266 3371 1573 3436 tragoediam
1619 3367 1815 3416 intersit
1862 3363 2026 3425 docet,

332 3448 694 3516 „EuripideS‚’'
725 3454 899 3518 inquit,
935 3458 1174 3519 „petente
1194 3452 1444 3502 Archelao
1467 3465 1604 3514 rege,
1639 3455 1696 3496 ut
1729 3446 1793 3494 de
1828 3460 1885 3494 se
1917 3447 2021 3492 tra·

330 3530 565 3595 goediam
612 3534 885 3597 scriberet,
929 3533 1100 3585 abnuit
1141 3547 1200 3582 ac
1244 3536 1481 3598 precatus
1528 3533 1636 3592 est,
1671 3542 1736 3578 ne
1768 3525 2018 3576 accideret
