2124 3860
1059 266 1182 323 334

300 411 509 463 Veneris
529 410 782 458 consilium
817 411 917 460 sive
950 411 1153 461 celando
1179 413 1376 461 lunonis
1411 419 1573 463 ratum
1596 415 1779 465 facere.
1835 415 1957 480 opi-

298 493 493 542 nionum
555 492 844 539 commentis
892 491 1236 555 philosophiae
1294 493 1470 557 placita
1516 502 1685 544 noster
1727 496 1956 544 involvit:

298 571 427 636 quod
474 571 601 618 enim
638 571 862 635 plerique
896 578 945 621 et
981 573 1383 637 pbilosophorum
1427 579 1479 621 et
1511 580 1768 638 poetarum
1801 576 1955 624 fatum

296 651 373 698 vel
409 651 757 714 providentiam
792 652 996 700 deornm
1030 669 1141 700 esse
1176 652 1418 715 volebant,
1454 655 1559 702 eius
1594 653 1677 701 ille
1712 660 1958 702 momenta

299 746 411 778 esse
446 731 493 777 in
529 730 775 778 bominum
801 732 1020 779 consiliis
1054 732 1211 795 posita
1249 735 1508 793 censebat3
1546 733 1608 782 cf.
1632 734 1692 782 T.
1723 733 1779 782 ll.
1806 751 1854 797 p.
1883 736 1957 782 16.

428 809 652 858 Oblatam
700 811 836 859 vides
889 813 1194 860 occasionem
1246 814 1635 862 contentionibus
1685 814 1959 861 orationum

297 891 610 947 decertandi,
657 906 753 952 quo
790 892 1056 938 certamine
1091 908 1215 954 quae
1250 900 1416 942 carent
1449 894 1731 956 tragoediae
1763 891 1843 940 vix
1878 908 1960 940 so·-

295 970 423 1018 lidae
456 970 804 1032 absolutaeque
832 985 943 1017 esse
978 972 1226 1034 videntur,
1272 973 1455 1037 quippe
1490 989 1635 1037 quum
1674 988 1958 1020 caussarum

295 1050 631 1108 dicendarum,
666 1065 854 1097 morum
889 1050 1347 1113 describendorum,
1385 1069 1583 1101 casuum
1618 1053 1960 1116 factorumque

297 1131 712 1194 explicandorum,
746 1130 1044 1178 voluntatum
1082 1131 1482 1180 declarandarum
1509 1133 1554 1181 in
1583 1133 1698 1181 solis
1718 1133 1815 1179 illis
1843 1147 1959 1179 con-

296 1210 594 1258 tentionibus
642 1209 885 1272 copiosior
929 1210 1182 1259 obseratur
1224 1212 1450 1262 facultas.
1518 1212 1585 1260 Et
1629 1212 1791 1259 solent
1822 1215 1958 1259 vete-

295 1305 377 1338 res
424 1296 670 1336 momenta
719 1305 998 1338 caussarum
1045 1305 1140 1339 non
1187 1291 1317 1339 aliud
1353 1298 1468 1357 post
1501 1291 1628 1339 alind
1665 1292 1714 1338 in
1748 1306 1960 1356 pugnam

294 1369 439 1434 quasi
471 1369 762 1431 singularem
799 1370 1064 1425 deducere,
1101 1370 1187 1417 sed
1224 1371 1273 1419 in
1307 1388 1453 1419 unum
1489 1372 1696 1418 collecta
1718 1372 1960 1428 universa,

293 1458 518 1512 tanquam
556 1451 662 1497 acie
697 1449 983 1507 constituta,
1019 1448 1068 1496 in
1103 1456 1348 1498 certamen
1384 1450 1708 1498 committere.
1777 1449 1958 1510 Quam-

294 1532 461 1579 obrem
500 1530 626 1594 qnod
656 1528 940 1576 Wielandus
977 1531 1183 1592 censuit,
1218 1536 1406 1594 partem
1435 1534 1831 1594 argumentorum
1855 1533 1960 1576 tan-

294 1626 438 1674 quam
498 1609 766 1658 secundam
825 1609 978 1656 aciem
1025 1609 1074 1655 in
1131 1611 1360 1658 subsidiis
1406 1609 1736 1657 collocandam
1785 1608 1957 1668 fuisse,

292 1690 585 1738 monendum
620 1695 696 1735 est
738 1688 835 1735 hoc
881 1703 909 1735 a
941 1703 1082 1737 more
1127 1694 1180 1738 et
1221 1689 1575 1738 consuetudine
1608 1688 1851 1737 eiusmodi
1883 1689 1957 1736 iu-

291 1771 528 1819 diciorum
565 1768 892 1816 abhorruisse.

423 1849 637 1898 Primum
687 1854 738 1897 et
783 1848 1171 1912 antiquissimum
1219 1849 1326 1897 sine
1372 1849 1522 1898 dubio
1567 1847 1836 1896 Theonoae
1879 1852 1960 1896 est

290 1932 494 1980 fratrem
531 1930 840 1993 eundemque
874 1944 1040 1991 regem
1077 1930 1337 1988 adiuvare,
1372 1930 1600 1991 idemque
1633 1929 1727 1991 ipsi
1761 1927 1961 1976 tutissi-

290 2030 438 2062 mum.
488 2012 561 2059 Ab
598 2011 749 2058 altera
786 2017 948 2057 antem
985 2015 1125 2074 parte
1157 2015 1209 2058 et
1243 2011 1401 2074 pietas
1436 2010 1637 2072 exsequi
1669 2008 1808 2056 iubet
1833 2023 1960 2071 quae

289 2097 431 2157 pater
466 2091 726 2139 defunctus
761 2090 915 2138 voluit
948 2097 998 2137 et
1032 2089 1305 2138 humanitas
1341 2105 1538 2137 servare
1575 2090 1805 2148 miseros,
1841 2103 1958 2152 pro-

290 2175 380 2223 bos
437 2172 497 2219 ab
560 2170 800 2218 iniustitia
845 2185 902 2216 ac
957 2169 1156 2217 libidine
1212 2170 1405 2232 tyranni
1453 2168 1735 2216 defendere.
1821 2167 1958 2214 Haec

288 2251 604 2319 persequitur
637 2249 841 2306 Helena,
876 2248 991 2294 dnm
1025 2248 1230 2310 genibus
1263 2248 1464 2311 virginis
1497 2248 1688 2294 divinae
1727 2246 1958 2294 advoluta

291 2338 427 2393 orat,
475 2346 536 2378 ne
569 2330 723 2392 ipsam
762 2343 872 2375 cum
907 2326 1112 2387 marito,
1147 2333 1264 2391 post
1298 2326 1492 2388 longum
1529 2331 1725 2388 tempus
1760 2325 1840 2373 vix
1874 2341 1956 2373 re·

292 2417 462 2476 cepto,
519 2409 740 2474 proditos
787 2406 929 2455 fratri
963 2422 1052 2470 per
1095 2407 1406 2454 ambitionem
1454 2405 1755 2468 pessumdet.
1839 2404 1959 2452 Odit

291 2494 430 2551 deus,
465 2489 637 2551 inquit,
672 2488 956 2536 iniustitiam
993 2490 1044 2534 et
1077 2488 1314 2551 rapinam,
1349 2490 1406 2533 ut
1440 2485 1519 2547 qni
1555 2499 1810 2532 commune
1842 2499 1956 2532 coe-

291 2573 408 2632 lum,
445 2583 753 2618 communem
788 2573 972 2615 terram
1006 2567 1282 2615 mortalium
1308 2564 1563 2611 domiciliis
1590 2571 1641 2612 et
1665 2564 1813 2612 victui
1841 2579 1957 2611 con-

292 2651 528 2711 cesserit,
567 2655 621 2696 ut
656 2648 955 2696 abstinentes
991 2647 1160 2694 alienis
1197 2644 1482 2709 possideant
1516 2645 1645 2692 iuste
1679 2649 1726 2692 et
1761 2659 1852 2707 per
1887 2642 1957 2690 la-

288 2735 459 2784 borem
508 2728 743 2793 quaesita.
819 2728 966 2792 Atqui
1013 2743 1068 2774 se
1115 2742 1143 2773 a
1189 2724 1437 2774 Mercurio
1488 2740 1544 2772 ea
1580 2725 1691 2788 lege
1723 2723 1956 2770 traditam

290 2827 403 2860 esse
440 2810 653 2871 Proteo,
691 2814 744 2857 ut
778 2809 980 2866 marito,
1014 2806 1097 2854 ubi
1131 2805 1375 2861 venisset,
1411 2805 1786 2851 restitueretur:
1825 2801 1955 2864 quod

287 2896 485 2955 pactum
534 2890 732 2945 violari,
784 2889 826 2936 si
859 2887 1113 2937 Menelaus
1146 2881 1501 2946 interficiatur,
1549 2883 1792 2945 simulque
1828 2881 1954 2929 iniu-

289 2971 413 3019 riam
450 2968 629 3016 Proteo
674 2968 784 3016 fieri
828 2968 878 3015 in
925 2967 1127 3015 deorum
1160 2981 1413 3013 numerum
1461 2969 1695 3026 recepto,
1744 2961 1783 3008 si
1816 2960 1953 3008 irrita

288 3049 377 3097 fiat
421 3047 646 3096 defuncti
689 3050 932 3096 voluntas.
1000 3046 1116 3094 Plus
1156 3046 1302 3108 igitur
1335 3044 1647 3092 tribuendum
1684 3055 1796 3088 esse
1828 3039 1953 3102 patri

289 3128 474 3194 probo,
521 3143 667 3190 quam
716 3127 859 3177 fratri
902 3126 1177 3176 temerario.
1256 3123 1384 3172 Tum
1429 3131 1572 3187 turpe
1610 3134 1721 3168 esse
1763 3119 1861 3166 rati
1894 3132 1952 3165 ac

289 3208 455 3257 divina
503 3207 712 3265 colenti,
748 3209 862 3255 dum
900 3205 1151 3271 superstiti
1185 3204 1530 3269 gratificetur*
1567 3202 1801 3266 pietatem
1836 3212 1951 3261 erga

290 3286 578 3336 defunctum
615 3287 826 3345 violare3
874 3292 1016 3350 turpe
1049 3300 1160 3334 esse
1194 3285 1351 3332 divina
1385 3283 1545 3331 omnia
1578 3287 1680 3329 tum
1715 3291 1950 3342 praesen-

289 3366 361 3414 tia
394 3372 497 3414 tum
535 3365 697 3414 futura
731 3367 905 3414 scienti
938 3368 1159 3430 ignorare
1194 3364 1443 3413 iustitiam.
1511 3362 1803 3416 Praeterea,
1841 3360 1948 3404 tan-

292 3461 436 3509 quam
481 3461 587 3494 rem
631 3451 770 3494 extra
815 3463 1038 3496 caussam
1084 3445 1326 3509 positam,
1380 3444 1530 3492 etiam
1581 3455 1715 3488 suam
1765 3440 1949 3485 sortem
