2170 3866
1174 274 1303 332 489

520 418 760 469 Potestne
806 417 908 468 ullo
951 419 1100 469 modo
1147 422 1308 486 pietas
1343 436 1543 485 eorum,
1590 422 1676 488 qui
1707 424 1861 490 impie
1896 424 2081 478 fecisse

386 503 643 566 putantur,
676 498 954 548 evidentius
990 501 1229 566 depingi?
1275 501 1374 553 Vix
1409 508 1459 552 et
1493 519 1641 569 aegre
1676 520 1732 554 se
1766 505 1980 557 Orestes
2015 508 2078 558 ad

384 579 781 629 interficiendam
829 587 1036 629 matrem
1072 582 1343 631 adductum
1394 599 1507 633 esse
1553 585 1800 646 ostendit,
1847 587 2080 652 Apolline

386 661 493 709 sive
527 660 759 725 opinione
791 659 948 709 officii
984 661 1287 726 impellente,
1322 669 1373 712 et
1406 665 1633 730 poenitet
1666 681 1778 715 eum
1814 665 1954 729 facti,
1987 683 2078 717 na-

385 741 536 790 turali
573 757 723 789 sensu
760 740 1038 805 opinionem
1081 750 1363 807 superante.

518 820 781 870 Furiarum
826 838 1068 885 personas
1116 824 1276 872 nullas
1324 824 1593 889 Euripides
1637 825 1686 874 in
1722 841 1922 875 scenam
1958 841 2076 892 pro-

385 901 528 951 duxit
560 908 854 966 propterea,
905 903 1035 965 quod
1077 908 1270 967 partem
1298 904 1359 952 iis
1395 905 1642 955 actionum
1678 906 1901 955 tribuere
1934 922 2078 956 com-

381 982 532 1031 mode
565 982 814 1046 nequibat.
885 982 1009 1030 Nam
1047 983 1414 1049 philosophiam
1449 1001 1547 1034 non
1583 987 1863 1048 obstitisse,
1899 986 2076 1052 Lyssa‚

383 1078 511 1127 quae
546 1070 624 1110 est
657 1063 703 1109 in
739 1062 961 1111 Hercule
995 1062 1237 1126 Furente‚
1287 1066 1517 1117 ostendit.
1589 1066 1822 1115 Ceterum
1860 1083 1955 1116 non
1992 1083 2077 1116 so-

382 1143 484 1192 lum
531 1143 681 1192 animi
732 1158 965 1205 angorem
1017 1150 1066 1192 et
1117 1145 1452 1194 conscientiae
1488 1148 1760 1195 cruciatum
1796 1146 1846 1195 in
1879 1146 2075 1197 illarum

380 1222 546 1272 locum
582 1224 865 1282 substituit,
906 1224 996 1272 sed
1033 1224 1157 1273 fecit
1192 1227 1387 1290 species
1425 1242 1591 1275 earum
1630 1227 1771 1291 quasi
1806 1243 2076 1292 corporum

380 1304 443 1353 ab
479 1304 662 1353 Oreste
698 1303 920 1368 conspici
969 1310 1023 1353 et
1068 1305 1332 1368 imaginem
1367 1322 1537 1354 earum
1573 1323 1718 1371 quam
1753 1309 1967 1357 maxime
1999 1310 2074 1359 vi-

378 1383 541 1433 vidam
577 1383 795 1448 depingi,
830 1389 888 1431 ut
922 1393 1240 1448 conspectam
1277 1401 1305 1432 a
1339 1393 1491 1451 poeta
1530 1387 1641 1451 ipso
1676 1403 1789 1436 esse
1822 1393 1988 1451 putes.
2023 1411 2030 1421 ·

509 1464 838 1527 Aegrotorum
875 1464 924 1511 in
961 1464 1156 1514 lectulis
1194 1465 1616 1529 decumbentium,
1660 1467 1922 1516 mulierum
1956 1482 2071 1532 par-

377 1544 696 1603 turientium,
752 1545 967 1592 virorum
1025 1546 1073 1592 in
1126 1545 1299 1594 dolore
1345 1546 1603 1595 vulnerum
1655 1547 1967 1596 clamantium
2020 1551 2073 1596 et

375 1624 701 1690 plurimarum
747 1640 916 1672 rerum
965 1625 1182 1686 gravium
1220 1626 1562 1690 atrociumque
1594 1627 1917 1675 imitationem
1952 1625 2073 1675 hor-

375 1710 490 1756 rent
524 1704 698 1752 molles
734 1710 1020 1752 nostrorum
1056 1712 1107 1753 et
1141 1706 1357 1753 virorum
1394 1711 1444 1753 et
1478 1705 1775 1755 feminarum
1811 1706 1958 1755 animi
1984 1721 2073 1756 au·

375 1800 560 1848 resque
583 1784 830 1832 delicatae
857 1790 906 1832 et
929 1785 1107 1834 abesse
1133 1803 1160 1834 a
1183 1802 1331 1834 scena
1358 1786 1556 1843 iubent;
1582 1792 1756 1834 contra
1782 1786 1932 1835 iidem
1945 1801 2072 1851 pue-

372 1866 455 1915 rili
481 1865 707 1913 caedium
731 1864 1138 1930 proeliorumque
1161 1866 1456 1928 imitatione,
1487 1881 1598 1915 cum
1622 1867 1824 1914 admoto
1846 1865 2071 1915 vestibus

373 1946 539 2012 gladio
564 1946 790 1994 homines
816 1962 955 1994 more
983 1963 1227 2011 poparum
1258 1952 1507 2008 corruunt,
1537 1946 1719 1995 eximie
1743 1945 2071 1996 delectantur.

374 2025 535 2076 Tanta
571 2031 651 2074 est
685 2026 997 2075 saeculorum
1036 2027 1311 2077 diversitas·

508 2106 779 2170 Postquam
825 2123 881 2155 se
922 2107 1122 2171 collegit
1158 2107 1392 2167 Orestes,
1440 2106 1644 2156 Electra
1689 2110 1854 2155 autem
1901 2105 1950 2156 in
1983 2120 2069 2155 ae-

372 2187 568 2238 desse
613 2187 829 2251 recepit,
876 2174 1061 2235 chorus
1107 2203 1199 2251 pro
1247 2187 1381 2235 illius
1429 2187 1590 2236 salute
1634 2202 1812 2252 preces
1860 2185 1985 2234 facit
2019 2189 2071 2234 et

373 2267 679 2317 eversionem
728 2266 891 2331 gentis
943 2266 1322 2314 Tantalidarum
1379 2265 1620 2330 deplorat.
1705 2265 1818 2313 Hoc
1869 2279 2069 2313 carmen

369 2347 613 2413 imprimis
647 2362 796 2408 grave
827 2351 881 2395 et
915 2346 1128 2395 sublime
1159 2351 1254 2402 est,
1289 2351 1514 2393 naturam
1540 2343 1800 2392 Furiarum
1826 2348 1879 2392 et
1911 2344 2068 2393 mise-

371 2443 478 2476 ram
513 2426 710 2476 Orestis
747 2426 1076 2475 conditionem
1099 2425 1374 2492 depingens
1397 2423 1646 2488 simulque
1673 2423 1892 2473 studium
1924 2423 2069 2472 chori

370 2523 430 2557 ac
462 2507 857 2556 misericordiam
891 2507 1169 2556 declarans.

503 2586 716 2652 Saepius
751 2588 1050 2636 monendum
1086 2603 1199 2636 esse
1230 2586 1453 2646 videtur,
1498 2600 1562 2633 ne
1608 2599 1788 2634 scenae
1833 2587 2066 2648 tempora

371 2668 567 2728 eadem,
602 2683 728 2730 quae
749 2667 990 2727 veritatis,
1021 2683 1136 2717 esse
1157 2666 1436 2716 credantur.
1495 2665 1695 2714 Etenim
1723 2664 1947 2724 Orestes,
1982 2662 2068 2727 qui

369 2748 537 2815 paullo
583 2754 696 2796 ante
729 2747 965 2810 languens
998 2748 1173 2797 morbo
1219 2747 1299 2795 vix
1346 2761 1402 2794 se
1449 2745 1696 2795 sustinere
1731 2743 1922 2809 potuit,
1966 2743 2066 2792 iam

368 2828 562 2877 firmior
594 2828 757 2876 factus
794 2833 888 2887 est,
926 2833 982 2877 ut
1009 2829 1069 2876 ad
1096 2843 1320 2876 caussam
1351 2826 1611 2874 dicendam
1638 2826 1767 2873 vires
1793 2822 2065 2873 sufficiant.

369 2908 467 2958 Hic
512 2908 643 2956 enim
689 2914 830 2957 actus
875 2924 1081 2957 caussae
1132 2907 1495 2972 expositionem
1553 2906 1798 2964 continet,
1854 2918 2065 2967 quacum

370 2988 634 3037 coniuncta
682 2992 761 3036 est
807 2988 1068 3053 impeditio
1119 2987 1408 3052 argumenti.
1476 2984 1628 3036 Venit
1663 2983 1923 3033 Menelaus
1959 2983 2065 3032 lae-

368 3073 452 3117 tus
499 3070 748 3131 rebusque
798 3069 1032 3118 secundis
1077 3067 1424 3116 circumfluens
1461 3066 1523 3115 ad
1559 3064 1795 3113 afflictos.
1865 3062 1964 3125 Qui
1999 3062 2065 3111 de

368 3147 539 3196 fratris
588 3154 748 3196 morte
794 3149 891 3198 iam
940 3150 987 3197 in
1022 3148 1218 3198 Maleae
1253 3146 1609 3211 promontorio,
1646 3144 1709 3193 de
1745 3143 2065 3207 Clytaemne-

369 3233 508 3277 strae
552 3232 717 3276 autem
766 3230 919 3277 caede
968 3230 1019 3278 in
1055 3228 1295 3291 Naupliae
1330 3232 1480 3291 portu
1515 3226 1699 3274 certior
1731 3223 1925 3282 factus,
1976 3235 2063 3270 ex-

367 3307 565 3372 plorata
610 3308 787 3357 civium
821 3310 1109 3367 voluntate,
1152 3324 1304 3371 regno
1340 3306 1533 3356 Orestis
1569 3303 1790 3353 insidiari
1827 3300 2062 3349 decrevit.

368 3386 649 3437 Enarrante
701 3387 856 3454 igitur
915 3404 1141 3440 caussam
1205 3403 1344 3436 suam
1393 3386 1575 3434 Oreste
1618 3389 1671 3433 et
1715 3385 1925 3447 propter
1971 3395 2063 3446 pa-

368 3468 458 3518 tris
501 3484 694 3518 summa
740 3469 789 3519 in
839 3486 954 3521 eum
1002 3467 1246 3521 beneficia
1289 3467 1444 3517 fidem
1486 3465 1593 3516 eius
1638 3461 1979 3526 auxiliumque
2012 3462 2064 3509 et
