2170 3848
946 249 1064 306 173

159 403 257 461 tur,
291 411 402 448 cum
436 400 724 463 argumento
755 396 951 447 fabulae
982 397 1337 456 immutaretur,
1370 410 1466 444 non
1498 407 1648 458 posse
1665 391 1822 443 nostri

160 483 341 544 poetae
387 493 512 542 opus
563 493 671 525 cum
722 476 970 540 Euripidis
1022 491 1174 540 opere
1222 474 1498 539 comparari
1556 473 1701 522 facile
1745 476 1822 522 est

160 558 432 607 intellectu.
501 557 710 606 Accedit
756 562 1017 621 apparatus
1051 554 1482 618 institutorumque
1516 553 1824 602 scenicorum

161 638 453 696 diversitas,
502 653 599 700 qua
646 636 758 700 plus
802 642 907 683 tres
962 641 1153 682 actores
1189 649 1285 681 una
1318 633 1368 681 in
1405 649 1601 681 scenam
1639 632 1823 697 produ-

163 732 279 766 cere
313 717 450 765 licuit
485 715 717 776 Goethio,
752 729 845 762 non
868 713 1005 761 licuit
1033 711 1278 777 Euripidi.
1315 711 1490 775 Neque
1516 712 1634 759 illud
1669 712 1824 776 negli-

163 797 374 861 gendum
410 800 517 853 est,
562 795 692 858 quod
743 793 805 841 de
852 809 1094 859 persona,
1156 807 1279 856 quae
1337 791 1517 840 dicitur
1575 792 1825 856 primaria,

164 877 307 925 aliter
339 875 581 924 Goethius
630 873 814 931 sensit,
868 889 1014 936 quam
1059 879 1251 921 veteres
1299 877 1503 937 poetae,
1550 878 1607 920 ut
1649 872 1696 919 in
1731 886 1827 919 uua

167 962 400 1020 oportere
435 968 677 1001 summum
713 954 785 1000 rei
820 961 1123 1002 momentum
1157 952 1245 1000 niti
1280 957 1520 1009 censeret..
1556 967 1705 1014 quum
1727 950 1829 1000 Eu-

167 1034 354 1098 ripides
388 1032 497 1097 pari
530 1031 638 1080 fere
671 1031 908 1097 dignitate
942 1033 1065 1081 duos
1101 1032 1402 1082 instruxerit.
1471 1031 1707 1080 Eiusdem
1742 1046 1830 1095 ge-

165 1114 300 1161 neris
336 1117 431 1172 est,
465 1111 592 1176 quod
628 1112 711 1160 ille
745 1112 928 1161 nullam
963 1113 1146 1161 debere
1178 1111 1460 1176 tragoediae
1493 1120 1683 1176 partem
1720 1111 1832 1159 lae·-

165 1196 264 1241 tam
310 1207 423 1240 esse
458 1197 510 1240 et
552 1192 745 1256 priores
788 1199 926 1242 actus
975 1194 1143 1255 utique
1189 1191 1547 1257 posterioribus
1591 1190 1834 1239 malorum

165 1271 467 1321 incremento
512 1271 777 1320 inferiores
826 1288 939 1320 esse
987 1272 1192 1320 censuit.
1261 1272 1312 1319 ln
1347 1272 1524 1335 quibus
1560 1270 1834 1319 efficiendis

166 1353 299 1415 quod
333 1358 611 1400 nostrorum
647 1352 898 1401 hominum
932 1352 1112 1401 iudicia
1147 1357 1348 1401 secutus
1384 1357 1479 1411 est,
1516 1351 1609 1398 alia
1636 1349 1833 1413 quidem

168 1422 377 1491 effinxit,
411 1447 560 1496 quam
598 1431 894 1496 Euripides,
927 1433 1015 1480 sed
1052 1449 1126 1492 ea,
1163 1448 1289 1496 quae
1323 1448 1414 1496 per
1448 1447 1503 1478 se
1536 1445 1696 1492 neque
1728 1445 1834 1478 me-

165 1512 290 1561 liora
323 1528 483 1576 neque
515 1513 762 1561 deteriora
798 1518 983 1563 essent.
1053 1512 1244 1561 Demtis
1278 1512 1387 1570 his,
1433 1504 1724 1575 paucissima
1759 1509 1835 1557 in-

167 1592 362 1655 telliges
398 1592 639 1655 relinqui,
674 1593 723 1641 in
756 1593 934 1656 quibus
971 1593 1320 1657 componendis
1356 1590 1598 1639 Goethius
1635 1589 1834 1652 Euripi-

169 1672 282 1720 dem
317 1672 495 1720 imitari
530 1673 775 1736 potuerit,
813 1688 1036 1736 quaeque
1069 1673 1199 1720 inter
1235 1688 1289 1720 se
1322 1671 1513 1736 possint
1546 1669 1836 1732 comparari.

171 1751 489 1815 Comparavit
535 1758 699 1800 tamen
758 1759 1021 1815 utrumque
1073 1767 1197 1815 opus
1250 1751 1311 1801 G.
1361 1751 1698 1807 HermannuS,
1746 1748 1838 1797 sed

171 1831 454 1893 neutiquam
489 1846 566 1887 ea,
603 1847 696 1895 qua
731 1832 910 1890 decuit,
947 1832 1147 1880 ratione.
1217 1831 1526 1895 Comparavit
1558 1829 1675 1877 item
1709 1828 1836 1876 Gre-

172 1925 338 1967 verus,
373 1909 537 1973 paullo
572 1912 769 1973 quidem
793 1911 986 1972 melius,
1022 1912 1111 1959 sed
1140 1917 1302 1959 tamen
1329 1911 1419 1969 sic,
1453 1916 1508 1958 ut
1534 1923 1692 1971 neque
1712 1922 1839 1971 quae

170 1989 515 2052 distinguenda
566 1995 679 2039 sunt
726 1990 1004 2039 distinxerit
1048 2006 1207 2054 neque
1253 1990 1305 2038 in
1341 1995 1554 2038 mentem
1589 1987 1839 2051 Euripidis

170 2067 294 2116 satis
355 2069 606 2116 intraverit
664 2085 825 2133 neque
867 2072 1127 2119 verborum
1175 2086 1375 2119 sensum
1433 2069 1646 2118 omnium
1702 2072 1838 2116 recte

169 2148 452 2211 perceperit
469 2147 538 2211 *).
609 2147 920 2214 Comparavit
966 2151 1180 2213 denique
1215 2150 1350 2202 Guil.
1398 2149 1457 2201 E.
1505 2148 1838 2208 Weberus,

170 2226 236 2276 de
271 2226 510 2291 Euripide
545 2229 741 2291 quidem
777 2230 960 2278 rectius
994 2246 1138 2293 quam
1173 2238 1383 2293 uterque
1417 2230 1666 2286 iudicans,
1702 2232 1838 2276 cete-

170 2322 279 2356 rum
315 2315 375 2354 eo
409 2314 679 2372 occupatus
715 2325 916 2369 errore,
969 2327 1064 2374 quo
1110 2310 1258 2358 hodie
1301 2309 1440 2358 multi
1473 2313 1734 2368 tenentur,
1784 2311 1841 2355 ut

170 2386 404 2451 opificum
440 2403 591 2452 opera
629 2393 777 2452 atque
808 2388 1109 2455 Sophoclem
1144 2389 1324 2437 imitari
1369 2390 1499 2438 idem
1549 2405 1661 2438 esse
1694 2393 1839 2452 puta-

171 2473 278 2527 ret,
330 2467 458 2516 unde
491 2467 676 2519 factum
711 2474 806 2531 est,
857 2475 914 2519 ut
945 2486 1061 2519 vere
1094 2468 1429 2534 Sophocleum
1463 2485 1588 2535 opus
1623 2468 1670 2517 ei
1705 2468 1839 2518 Goe-

228 2651 278 2706 *)
307 2652 452 2708 Saepe
489 2652 751 2709 Euripidem
779 2654 1088 2699 immemorem
1118 2670 1274 2699 eorum
1305 2670 1426 2709 esse,
1469 2669 1581 2711 quae
1611 2658 1743 2698 antea
1771 2653 1841 2697 ‹li-

306 2721 437 2774 xerit‚
464 2736 605 2778 neque
632 2724 718 2766 sibi
747 2732 947 2769 constare
976 2728 1188 2771 affirmat.
1248 2728 1384 2769 Cuius
1421 2727 1489 2769 rei
1529 2727 1841 2768 documentum

313 2793 446 2835 affert
487 2794 596 2848 hoc,
644 2797 760 2849 quod
788 2811 829 2839 v.
861 2796 985 2840 1159.
1025 2799 1203 2854 gladius
1231 2797 1497 2854 iphigeniae
1526 2796 1732 2838 manibus
1759 2795 1842 2838 tri-

308 2862 544 2916 bue-retur,
591 2878 692 2906 cum
731 2871 879 2909 tamen
923 2873 1055 2910 antea
1098 2869 1296 2924 hospites
1337 2883 1422 2910 non
1461 2868 1599 2923 ipsius
1637 2868 1842 2909 manibus

308 2931 536 2976 immolari
578 2933 745 2977 dictum
783 2942 912 2980 esset.
983 2939 1119 2994 Quasi
1165 2952 1272 2980 vero
1310 2937 1440 2979 nudis
1478 2937 1630 2994 digitis
1686 2936 1843 2992 capilli

309 3003 505 3046 resecari
535 3005 722 3058 possint!
781 3008 908 3062 Quod
936 3011 1090 3052 Thoas
1120 3021 1246 3051 suam
1276 3008 1371 3063 ipse
1400 3015 1579 3065 gentem
1599 3009 1842 3050 barbaram

309 3075 532 3128 appellet,
565 3076 833 3120 morositatis
864 3084 929 3123 est
957 3080 1294 3135 reprehendere.
1336 3078 1486 3134 Neque
1505 3078 1682 3121 Orestes
1712 3090 1842 3119 erra-

308 3144 396 3197 vit,
443 3158 615 3187 morem
653 3147 836 3190 Athenis
875 3150 1203 3193 etiamnunc
1252 3148 1424 3191 servari
1476 3149 1648 3191 dicens:
1702 3153 1842 3190 totam

310 3214 429 3256 enim
472 3215 711 3258 Graeciam
753 3231 780 3259 a
816 3233 890 3271 se,
950 3226 1185 3276 antequam
1228 3221 1463 3262 oraculum
1502 3221 1644 3261 denuo
1686 3217 1842 3268 adiret,

310 3274 481 3340 agitato
512 3286 660 3329 Furiis
688 3295 976 3344 peragratam
1015 3306 1110 3334 esse
1152 3292 1438 3349 (περιπολῶν
1475 3290 1587 3334 καθ’
1625 3286 1842 3341 Ἑλλάδα)

308 3355 411 3397 aliis
437 3355 549 3399 locis
579 3362 732 3412 aperte
761 3358 885 3402 dixit.
