2124 3860
945 270 1065 328 333

179 422 259 468 est
309 416 519 468 Menelai
556 417 905 484 Helenaeque,
960 418 1106 482 digne
1159 416 1435 481 exprimant
1477 415 1845 482 declarentqne‚

178 515 385 548 necesse
441 505 518 548 est
559 499 637 546 his
684 501 853 562 paucis
889 499 1050 546 verbis
1085 498 1244 546 acrius
1280 498 1502 557 theatra,
1550 513 1695 560 quam
1743 497 1846 547 ullo

177 579 274 627 alio
308 580 696 644 tragoediarum,
732 595 1048 643 quascunque
1083 578 1210 639 novi,
1246 577 1355 625 loco
1390 578 1679 642 permoveri.
1747 577 1849 627 Sed

176 660 404 708 universa
439 661 567 708 actio
601 660 849 722 exemplar
883 664 961 706 est
995 659 1115 707 artis
1148 658 1281 706 illius
1316 658 1592 705 rarissimae
1627 673 1718 706 nec
1751 657 1847 706 nisi

178 742 383 788 summis
428 755 691 788 concessae
727 739 948 801 ingeniis,
984 738 1235 803 perfectas
1274 753 1465 798 morum
1495 738 1689 801 species
1727 738 1846 787 sim-

177 821 377 886 pliciter
402 820 603 883 perinde
625 824 770 881 atque
791 834 921 877 vere,
953 819 1256 866 lineamentis
1283 833 1492 865 nervose
1521 817 1702 865 effictis
1731 833 1846 882 pro-

178 900 412 965 priisque,
435 905 664 961 tanquam
690 905 935 947 certorum
959 899 1210 946 hominum
1234 898 1434 954 formas,
1464 897 1708 944 mentibus
1733 914 1847 962 spe-

177 988 415 1028 ctatorum
459 980 710 1042 oculisque
749 979 1070 1043 proponendi.
1141 978 1328 1039 Quodsi
1361 977 1614 1040 Euripidis
1650 986 1848 1042 praeter

177 1060 302 1107 hanc
320 1059 555 1106 dramatis
576 1068 765 1122 partem
783 1060 902 1106 nihil
925 1060 982 1106 ad
1002 1060 1126 1106 hanc
1151 1059 1376 1105 durasset
1390 1062 1616 1115 aetatem,
1643 1058 1847 1107 suffice-

177 1143 256 1187 ret
277 1139 336 1186 ad
363 1138 730 1206 intelligendum
754 1139 890 1187 illum
922 1155 1123 1188 numero
1146 1139 1422 1203 principum
1446 1144 1717 1200 poetarum,
1744 1140 1848 1203 qui-

181 1235 373 1281 cunque
407 1220 631 1266 omnibus
668 1219 876 1267 saeculis
911 1218 1201 1277 floruerunt,
1237 1218 1411 1267 fuisse.
1479 1217 1690 1282 Propter
1721 1220 1847 1267 tales

175 1300 305 1347 enim
339 1299 609 1347 carminum
654 1301 859 1347 virtutes
906 1300 1095 1347 monuit
1141 1299 1354 1347 iuniores
1391 1305 1647 1360 poetarum
1687 1298 1847 1347 Hora-

174 1379 304 1438 tius,
355 1383 411 1426 ut
452 1379 750 1444 exemplaria
787 1377 980 1427 Graeca
1013 1385 1065 1426 et
1098 1385 1335 1427 nocturna
1385 1392 1530 1427 manu
1576 1382 1628 1427 et
1673 1377 1849 1427 diurna

172 1457 477 1508 versarent.''

303 1537 542 1602 Strepunt
590 1539 785 1587 aedium
831 1539 999 1588 valvae
1035 1545 1085 1589 et
1117 1539 1252 1588 foras
1286 1538 1348 1588 ad
1384 1542 1643 1602 stupentes
1678 1542 1847 1587 metn-

174 1633 269 1681 qne
295 1619 549 1683 perculsos
576 1621 828 1682 egreditur
862 1621 998 1683 virgo
1034 1621 1327 1681 veneranda,
1362 1636 1518 1685 paene
1536 1619 1659 1667 divis
1686 1620 1848 1668 scien-

173 1699 240 1746 tia
286 1715 447 1746 rerum
494 1703 599 1747 tum
649 1700 923 1748 absentium
970 1707 1073 1748 tum
1109 1701 1383 1749 suturarum
1421 1699 1653 1763 aequalis.
1719 1698 1848 1747 Ima-

171 1777 333 1840 ginem
380 1779 670 1842 sapientium
717 1781 914 1841 talium,
976 1781 1146 1844 quales
1202 1784 1253 1828 et
1309 1779 1541 1843 Aegyptii
1599 1779 1846 1843 quondam

175 1857 390 1904 coluisse
434 1858 696 1905 traduntur
743 1866 792 1906 et
841 1859 944 1908 ludi
990 1862 1264 1908 etiamnunc
1307 1865 1628 1919 venerantur,
1676 1859 1848 1908 Theo-

173 1950 300 1983 noen
349 1936 541 1985 effinxit
593 1938 870 2003 Euripides.
954 1940 1075 1988 Nam
1113 1956 1259 2005 quum
1304 1940 1484 1987 virtute
1517 1939 1749 1988 mortales
1783 1939 1846 1986 ad

174 2015 377 2064 deorum
427 2020 771 2080 praestantiam
821 2020 939 2067 eniti
986 2021 1165 2070 Graeci
1217 2025 1505 2081 censerent,
1555 2020 1627 2066 illi
1675 2018 1848 2084 populi

173 2096 434 2143 sanctitate
480 2105 531 2145 et
580 2100 902 2147 caeremoniis
956 2106 1007 2149 et
1051 2100 1249 2148 vitando
1297 2107 1524 2148 contactu
1570 2115 1849 2164 corporum,

172 2188 298 2238 quae
341 2191 432 2240 pro
483 2176 688 2241 impuris
733 2179 1067 2240 habebantur,
1114 2187 1164 2228 et
1210 2179 1464 2243 expiandis
1512 2180 1741 2242 religiose
1775 2179 1848 2227 vi-

169 2254 351 2303 tiorum
401 2258 601 2304 maculis
646 2258 874 2306 homines
918 2261 979 2308 ad
1014 2268 1195 2308 tantam
1231 2259 1498 2308 credebant
1532 2266 1633 2307 tum
1668 2266 1847 2324 poten-

170 2334 285 2382 tiam
322 2341 423 2383 tum
460 2353 625 2385 rerum
662 2337 934 2387 abditarum
971 2341 1231 2388 scientiam
1268 2339 1430 2396 evehi,
1468 2346 1522 2388 ut
1542 2339 1703 2404 ipsum
1730 2340 1846 2387 deo-

168 2429 276 2462 rum
312 2431 481 2479 regem
514 2418 907 2479 aemularentur,
944 2420 1058 2483 quin
1094 2421 1256 2477 etiam,
1291 2421 1433 2485 pulso
1470 2436 1548 2481 eo,
1582 2420 1847 2484 imperium

172 2494 299 2542 inter
333 2494 454 2543 deos
492 2506 695 2561 possent
730 2514 991 2562 occupare.
1062 2499 1222 2547 Huius
1257 2500 1453 2562 generis
1489 2508 1565 2547 est
1590 2499 1845 2560 Theonoe,

174 2588 298 2635 quae
333 2575 556 2635 quidem,
607 2595 897 2641 quacunque
930 2580 1140 2638 incedit,
1187 2579 1349 2643 ignem
1383 2579 1521 2628 iubet
1555 2594 1614 2627 ex
1649 2580 1846 2629 aedium

171 2653 507 2715 penetralibus
543 2659 751 2720 petitum
790 2659 1030 2723 praeferri
1076 2664 1125 2706 et
1160 2659 1412 2724 sulphuris
1450 2657 1624 2707 suffitu
1659 2675 1845 2717 aerem,

171 2747 318 2794 quem
355 2733 532 2797 spiritu
568 2737 758 2798 haurit,
794 2739 1020 2804 impleri,
1055 2738 1179 2785 viam
1217 2742 1405 2795 autem,
1443 2755 1586 2802 quam
1622 2739 1846 2805 ingredi-

171 2815 267 2870 tur,
303 2812 344 2858 si
381 2814 570 2877 uspiam
605 2818 940 2882 improborum
977 2820 1045 2866 sit
1078 2819 1298 2882 vestigiis
1335 2819 1685 2878 contaminata,
1722 2818 1845 2868 saci-

170 2890 263 2939 bus
312 2896 564 2942 concussis
600 2897 809 2947 lustrari.
879 2899 1069 2947 Eadem
1116 2898 1386 2962 potentiam
1431 2916 1492 2948 ex
1526 2900 1847 2949 sanctimonia

171 2973 357 3018 tautam
396 2983 663 3024 consecuta
698 2985 792 3035 est,
830 2984 884 3026 ut
918 2994 1011 3027 non
1048 2979 1206 3026 solum
1244 2995 1369 3043 quae
1404 2980 1454 3028 in
1487 2980 1636 3028 terris
1670 2997 1846 3044 gerun-

170 3056 251 3099 tur
299 3054 459 3100 omnia
495 3061 721 3118 tanquam
758 3060 1034 3120 praesentia
1070 3059 1362 3121 perspiciat,
1410 3060 1499 3108 sed
1536 3061 1683 3109 etiam
1720 3076 1845 3124 quae

168 3132 457 3180 iudeorum
505 3137 707 3184 consilio
754 3145 958 3199 aguntur
1004 3145 1284 3203 cognoscat.
1366 3137 1624 3204 Comperit
1669 3142 1845 3190 Mene-

170 3209 297 3259 laum
332 3213 538 3270 adesse,
576 3216 739 3265 abisse
773 3217 945 3265 falsam
982 3219 1207 3266 Helenae
1242 3219 1522 3284 imaginem,
1565 3221 1844 3271 deliberare

169 3290 291 3338 deo·
341 3291 403 3339 de
437 3295 601 3342 reditu
638 3298 922 3360 coniugum,
973 3298 1096 3346 bene
1131 3299 1190 3345 iis
1227 3300 1458 3363 cupiente
1492 3300 1700 3358 Iunone,
1750 3300 1843 3348 ad-
1887 3328 1893 3338 »

170 3377 399 3420 versante
453 3370 668 3423 Venere:
728 3385 951 3426 metuere
1000 3379 1130 3426 enim
1175 3378 1328 3438 hanc,
1376 3396 1438 3428 ne
1483 3396 1573 3443 per
1618 3378 1843 3427 fraudem

168 3449 345 3498 emisse
394 3451 605 3518 palmam
655 3453 998 3517 pulcritudinis
1046 3463 1308 3519 arguatur3
1361 3460 1410 3507 in
1459 3475 1513 3506 se
1562 3464 1724 3508 autem
1776 3459 1844 3508 ait

167 3528 379 3591 positum
425 3547 539 3581 esse
574 3540 903 3598 momentum,
949 3537 1052 3586 sive
1087 3538 1205 3587 velit
1251 3538 1394 3588 fratri
1443 3554 1546 3586 rem
1583 3538 1840 3601 prodendo
