2170 3866
1166 304 1292 363 4⁰4

390 467 801 511 commemorem,
848 456 904 502 ut
949 449 1279 517 intelligatur,
1330 450 1581 501 defectum
1627 453 1980 504 concitatorum
2021 455 2070 503 in

388 535 578 600 magnis
627 533 949 598 scriptoribus
993 533 1254 596 poetisque
1301 530 1353 580 iu
1406 532 1679 582 moralia
1727 535 1851 583 solvi
1894 531 1990 597 (ὡς
2035 531 2072 600 ἦ

389 611 605 679 άπακμὴ
651 615 781 663 τοῦ
826 610 1099 670 πάθους
1149 608 1207 661 ἐν
1251 612 1364 670 τοῖς
1416 610 1661 675 μεγάλοις
1703 617 2072 679 συγγραφεῦσι

388 691 480 746 καὶ
524 694 766 760 ποιηταῖς
812 691 907 752 εἰς
940 684 1107 757 ἦθος
1139 687 1413 759 ἐκλύεται).
1484 690 1622 740 Talia
1668 694 1799 742 enim
1841 700 1957 743 sunt
1988 694 2071 743 illa

390 777 454 826 de
493 775 685 838 Ulyssis
718 775 903 822 familia
937 773 1191 822 moraliter
1224 773 1374 822 vitam
1409 772 1666 834 imitantia,
1699 773 1841 836 quasi
1873 789 2070 824 comoe-

391 856 474 905 dia
507 854 746 918 quaedam
782 850 1086 902 morata.”

526 935 717 998 Duplex
761 949 916 998 genus
950 932 1267 996 tragoediae,
1306 932 1423 980 huic
1458 932 1643 996 duplici
1678 932 1951 998 epopoeiae
1985 948 2072 997 ge-

390 1014 498 1065 neri
532 1014 752 1077 aequale‚
790 1013 955 1077 posuit
988 1013 1283 1062 Aristoteles
1320 1010 1472 1077 (poet.
1502 1015 1583 1074 24,
1619 1012 1708 1077 1.),
1742 1013 1950 1061 alterum
1984 1027 2073 1077 pa-

390 1094 631 1144 theticum
668 1094 773 1141 sive
807 1093 1076 1157 plenum
1115 1091 1435 1152 affectus,
1484 1093 1752 1141 vehemens
1800 1098 1853 1141 et
1897 1091 2073 1141 incita-

390 1181 513 1234 tum,
547 1174 758 1222 alterum
783 1172 1020 1229 ethicum,
1058 1172 1109 1220 id
1144 1177 1223 1220 est
1246 1173 1415 1221 mitius
1445 1177 1496 1221 et
1529 1179 1869 1233 moratum,
1903 1171 2074 1237 appel-

391 1255 523 1303 lans:
570 1269 778 1317 quorum
814 1257 910 1300 hoc
940 1252 1000 1299 ad
1038 1252 1376 1312 comoediam,
1411 1268 1537 1316 quae
1571 1254 1820 1301 recentior
1853 1251 2074 1316 appella-

391 1339 499 1391 tur,
547 1332 754 1398 propius
789 1333 1059 1390 accedere,
1111 1332 1240 1380 duce
1274 1331 1522 1396 Longino,
1563 1331 1933 1381 decernendum
1967 1331 2074 1379 erit.

393 1414 461 1462 Et
478 1414 683 1461 fuerunt
711 1412 951 1476 quaedam
974 1409 1229 1475 Euripidis
1247 1411 1548 1475 tragoediae,
1580 1412 1713 1459 velut
1727 1411 1907 1470 Danae,
1933 1426 2075 1474 qnae,

394 1494 439 1541 si
469 1493 674 1541 deorum
709 1506 980 1555 regumque
1015 1490 1288 1538 detraxeris
1322 1506 1578 1554 personna,
1613 1507 1641 1538 a
1675 1489 1937 1539 Menandri
1970 1490 2076 1538 sive

391 1571 619 1622 Terentii
670 1570 941 1618 comoediis
988 1584 1084 1617 non
1118 1569 1325 1617 multum
1369 1571 1666 1619 videbuntur
1701 1570 1919 1618 differre.
1989 1568 2074 1616 Di-

392 1652 681 1700 versitatem
715 1649 913 1713 generis
948 1649 1207 1711 utriusque
1240 1665 1337 1711 quo
1366 1650 1544 1698 melius
1569 1650 1858 1713 perspicias,
1892 1664 2075 1713 cogno-

395 1731 578 1781 scenda
614 1733 730 1779 sunt
765 1744 888 1793 quae
923 1727 987 1776 de
1021 1728 1066 1776 vi
1101 1729 1354 1776 nominum
1387 1729 1564 1788 πάθος
1598 1734 1650 1778 et
1681 1721 1819 1793 ἦθος
1852 1727 2075 1790 Quincti-

393 1813 552 1860 lianus
587 1809 672 1869 Vl,
706 1812 755 1870 2,
790 1812 822 1857 8
859 1824 999 1871 seqq.
1036 1808 1313 1873 explicavit,
1345 1825 1551 1873 quorum
1586 1825 1741 1873 pauca
1775 1807 2076 1858 transcriba-

395 1906 536 1940 mus:
572 1888 889 1951 „Affectuum
913 1889 1040 1935 duae
1064 1893 1177 1936 sunt
1198 1889 1422 1951 species3
1459 1890 1664 1937 alteram
1699 1888 1879 1937 Graeci
1899 1884 2078 1945 πάθος

394 1975 602 2026 vocant,
638 1969 843 2017 alteram
878 1959 1105 2032 ἧθος*);
1139 1967 1250 2014 illos
1286 1969 1579 2026 concitatos,
1615 1969 1709 2017 hos
1744 1968 1893 2017 mites
1925 1973 2077 2031 atque

397 2049 699 2115 compositos
734 2062 848 2095 esse
882 2047 1134 2106 dixerunt3
1169 2047 1216 2094 in
1251 2048 1407 2096 altero
1442 2050 1762 2096 vehementer
1784 2053 2075 2107 commotoS,

394 2132 447 2179 in
491 2129 648 2177 altero
682 2127 849 2185 lenes;
897 2126 1009 2174 illos
1044 2127 1105 2174 ad
1141 2129 1589 2190 perturbationem,
1636 2128 1729 2175 hos
1764 2127 1828 2175 ad
1861 2129 2075 2177 benevo-

397 2209 598 2258 lentiam
644 2205 947 2271 praevalere.
1006 2194 1178 2264 ςΗθος
1225 2214 1340 2255 ante
1376 2209 1537 2257 omnia
1572 2209 1792 2255 bonitate
1826 2223 2075 2255 commen-

397 2289 566 2347 datur,
601 2300 701 2333 non
736 2283 894 2331 solum
927 2284 1047 2331 mite
1082 2301 1138 2332 ac
1172 2285 1451 2348 placidum,
1488 2287 1576 2333 sed
1613 2287 1903 2348 plerumque
1938 2286 2075 2334 blau-

397 2367 513 2416 dum
549 2370 602 2412 et
632 2364 899 2411 humanum
934 2366 984 2408 et
1017 2363 1331 2410 audientibus
1365 2364 1574 2412 amabile
1607 2373 1754 2427 atque
1793 2365 2076 2413 iucundum.

399 2446 546 2509 Quod
589 2447 669 2491 est
712 2442 818 2490 sine
862 2440 1012 2489 dubio
1061 2442 1191 2490 inter
1237 2443 1520 2490 coniunctas
1568 2445 1780 2491 maxime
1820 2458 2076 2508 personas,

400 2525 594 2590 quoties
629 2521 926 2580 ferimus,
959 2521 1384 2584 ignoscimus,
1423 2522 1908 2583 satisfacimuS,
1946 2538 2077 2571 mo-

400 2618 645 2659 nemuS‚
686 2599 918 2666 procul
953 2602 1023 2649 ab
1057 2601 1177 2658 ira,
1214 2601 1551 2665 proculab
1587 2602 1750 2651 odio.
1818 2602 2075 2651 Diversum

401 2690 482 2734 est
515 2683 631 2731 huic
665 2679 794 2744 quod
828 2678 1005 2738 πάθος
1040 2680 1246 2728 dicitur:
1294 2680 1460 2729 illud
1497 2682 1910 2743 comoediae,
1955 2682 2076 2730 hoc

401 2761 782 2827 tragoediae
817 2760 1046 2810 simile.
1116 2760 1255 2821 Quae
1288 2776 1402 2824 pars
1439 2761 1569 2810 circa
1604 2762 1785 2822 iram,
1834 2761 2074 2820 odium,

402 2847 670 2899 metum,
718 2839 1064 2900 invidiam,
1117 2839 1614 2890 miserationem
1664 2839 1772 2890 fere
1818 2845 1919 2890 tota
1966 2854 2074 2888 ver-

402 2917 593 2969 satur.’'

537 2998 757 3048 Alteram
790 2999 921 3048 idem
954 2997 1246 3048 Aristoteles
1281 3001 1446 3064 posuit
1479 3000 1851 3050 distinctionem>
1880 2999 2074 3063 generis

402 3078 733 3141 simplicis
783 3084 932 3142 atque
967 3078 1260 3142 duplicis
1297 3080 1397 3128 sive
1432 3080 1731 3128 continui
1777 3085 1926 3143 atque
1959 3079 2072 3126 im-

402 3155 639 3222 plicati
675 3155 767 3217 (cf.
802 3156 861 3204 T.
898 3157 932 3206 l.
967 3174 1014 3222 p.
1051 3155 1168 3220 56.).
1237 3156 1428 3222 Duplex
1470 3164 1808 3224 argumentum
1843 3157 1895 3205 id
1929 3172 2073 3204 voca-

402 3240 502 3294 tur,
529 3235 661 3299 quod
687 3235 837 3285 habet
864 3236 1265 3302 inopinatam
1291 3254 1458 3287 rerum
1480 3237 1927 3295 commutationem,
1952 3236 2072 3285 sim-

454 3421 505 3475 *)
535 3419 701 3472 notans
727 3421 1071 3476 Leidenschaft,
1106 3416 1227 3478 η’θος
1257 3426 1455 3469 Gemiith
1486 3439 1582 3469 esse
1609 3428 1729 3467 recte
1760 3423 1938 3466 dixeris.
1982 3423 2070 3466 Ca-

538 3495 637 3534 rent
674 3492 819 3534 Latiai
858 3494 1054 3549 nomine,
1099 3508 1184 3549 quo
1221 3497 1346 3538 vocis
1383 3489 1506 3552 ἦθος
1532 3497 1627 3539 vim
1656 3495 1870 3545 reddant3
1914 3489 2073 3543 πάθος

537 3564 687 3605 autem
715 3561 999 3607 affectum
1026 3566 1207 3621 proprie
1235 3570 1413 3609 vocant.
