<?xml version="1.0" encoding="UTF-8"?>
<!DOCTYPE html PUBLIC "-//W3C//DTD XHTML 1.0 Transitional//EN"
    "http://www.w3.org/TR/xhtml1/DTD/xhtml1-transitional.dtd">
<html xmlns="http://www.w3.org/1999/xhtml" xml:lang="en" lang="en">
 <head>
  <title>
</title>
<meta http-equiv="Content-Type" content="text/html;charset=utf-8" />
  <meta name='ocr-system' content='tesseract 3.04.00' />
  <meta name='ocr-capabilities' content='ocr_page ocr_carea ocr_par ocr_line ocrx_word'/>
</head>
<body>
  <div class='ocr_page' id='page_1' title='image "./euripidesrestitu02hartuoft_0089.png"; bbox 0 0 2170 3848; ppageno 0'>
   <div class='ocr_carea' id='block_1_1' title="bbox 948 277 1027 333">
    <p class='ocr_par' dir='ltr' id='par_1_1' title="bbox 948 277 1027 333">
     <span class='ocr_line' id='line_1_1' title="bbox 948 277 1027 333; baseline 0 0"><span class='ocrx_word' id='word_1_1' title='bbox 948 277 1027 333; x_wconf 71' lang='lat'><strong>77</strong></span> 
     </span>
    </p>
   </div>
   <div class='ocr_carea' id='block_1_2' title="bbox 109 421 1819 3524">
    <p class='ocr_par' dir='ltr' id='par_1_2' title="bbox 109 421 1819 3524">
     <span class='ocr_line' id='line_1_2' title="bbox 162 421 1818 490; baseline -0.003 -14"><span class='ocrx_word' id='word_1_2' title='bbox 162 430 261 489; x_wconf 89' lang='lat' dir='ltr'><strong>tur,</strong></span> <span class='ocrx_word' id='word_1_3' title='bbox 295 423 618 490; x_wconf 83' lang='lat' dir='ltr'><strong>principatum</strong></span> <span class='ocrx_word' id='word_1_4' title='bbox 649 423 779 473; x_wconf 90' lang='lat' dir='ltr'><strong>inter</strong></span> <span class='ocrx_word' id='word_1_5' title='bbox 811 421 1194 488; x_wconf 89' lang='lat' dir='ltr'><strong>Peloponnesios</strong></span> <span class='ocrx_word' id='word_1_6' title='bbox 1225 436 1395 471; x_wconf 86' lang='lat' dir='ltr'><strong>rursus</strong></span> <span class='ocrx_word' id='word_1_7' title='bbox 1420 422 1818 488; x_wconf 72' lang='lat' dir='ltr'><strong>adipiscerentur.</strong></span> 
     </span>
     <span class='ocr_line' id='line_1_3' title="bbox 163 501 1816 568; baseline -0.002 -14"><span class='ocrx_word' id='word_1_8' title='bbox 163 505 291 554; x_wconf 90' lang='lat' dir='ltr'><strong>Odio</strong></span> <span class='ocrx_word' id='word_1_9' title='bbox 324 504 454 554; x_wconf 90' lang='lat' dir='ltr'><strong>enim</strong></span> <span class='ocrx_word' id='word_1_10' title='bbox 488 503 799 568; x_wconf 82' lang='lat' dir='ltr'><strong>invidiaeque</strong></span> <span class='ocrx_word' id='word_1_11' title='bbox 833 507 969 552; x_wconf 87' lang='lat' dir='ltr'><strong>erant</strong></span> <span class='ocrx_word' id='word_1_12' title='bbox 991 501 1366 550; x_wconf 88' lang='lat' dir='ltr'><strong>Lacedaemonii</strong></span> <span class='ocrx_word' id='word_1_13' title='bbox 1392 504 1592 565; x_wconf 90' lang='lat' dir='ltr'><strong>cunctis,</strong></span> <span class='ocrx_word' id='word_1_14' title='bbox 1626 507 1678 551; x_wconf 89' lang='lat' dir='ltr'><strong>et</strong></span> <span class='ocrx_word' id='word_1_15' title='bbox 1698 516 1816 567; x_wconf 90' lang='lat' dir='ltr'><strong>pro-</strong></span> 
     </span>
     <span class='ocr_line' id='line_1_4' title="bbox 158 580 1817 651; baseline -0.004 -16"><span class='ocrx_word' id='word_1_16' title='bbox 158 590 273 651; x_wconf 88' lang='lat' dir='ltr'><strong>pter</strong></span> <span class='ocrx_word' id='word_1_17' title='bbox 307 585 472 634; x_wconf 84' lang='lat' dir='ltr'><strong>clades</strong></span> <span class='ocrx_word' id='word_1_18' title='bbox 506 590 731 646; x_wconf 87' lang='lat' dir='ltr'><strong>acceptas</strong></span> <span class='ocrx_word' id='word_1_19' title='bbox 765 583 912 632; x_wconf 87' lang='lat' dir='ltr'><strong>etiam</strong></span> <span class='ocrx_word' id='word_1_20' title='bbox 946 581 1393 630; x_wconf 83' lang='lat' dir='ltr'><strong>contemnebantur.</strong></span> <span class='ocrx_word' id='word_1_21' title='bbox 1454 580 1709 645; x_wconf 89' lang='lat' dir='ltr'><strong>Plerisque</strong></span> <span class='ocrx_word' id='word_1_22' title='bbox 1730 597 1817 629; x_wconf 88' lang='lat' dir='ltr'><strong>au-</strong></span> 
     </span>
     <span class='ocr_line' id='line_1_5' title="bbox 158 659 1817 726; baseline -0.004 -12"><span class='ocrx_word' id='word_1_23' title='bbox 158 669 260 715; x_wconf 87' lang='lat' dir='ltr'><strong>tem</strong></span> <span class='ocrx_word' id='word_1_24' title='bbox 305 664 558 713; x_wconf 85' lang='lat' dir='ltr'><strong>civitatum</strong></span> <span class='ocrx_word' id='word_1_25' title='bbox 601 661 924 726; x_wconf 86' lang='lat' dir='ltr'><strong>Peloponnesi</strong></span> <span class='ocrx_word' id='word_1_26' title='bbox 967 662 1064 710; x_wconf 89' lang='lat' dir='ltr'><strong>iam</strong></span> <span class='ocrx_word' id='word_1_27' title='bbox 1110 660 1173 709; x_wconf 89' lang='lat' dir='ltr'><strong>ad</strong></span> <span class='ocrx_word' id='word_1_28' title='bbox 1215 659 1393 708; x_wconf 89' lang='lat' dir='ltr'><strong>foedus</strong></span> <span class='ocrx_word' id='word_1_29' title='bbox 1439 666 1489 709; x_wconf 89' lang='lat' dir='ltr'><strong>et</strong></span> <span class='ocrx_word' id='word_1_30' title='bbox 1533 661 1817 709; x_wconf 88' lang='lat' dir='ltr'><strong>societatem</strong></span> 
     </span>
     <span class='ocr_line' id='line_1_6' title="bbox 159 739 1816 808; baseline -0.004 -14"><span class='ocrx_word' id='word_1_31' title='bbox 159 746 447 808; x_wconf 82' lang='lat' dir='ltr'><strong>Argivorum</strong></span> <span class='ocrx_word' id='word_1_32' title='bbox 482 741 740 800; x_wconf 87' lang='lat' dir='ltr'><strong>traductis,</strong></span> <span class='ocrx_word' id='word_1_33' title='bbox 773 756 972 805; x_wconf 85' lang='lat' dir='ltr'><strong>operam</strong></span> <span class='ocrx_word' id='word_1_34' title='bbox 1007 740 1186 789; x_wconf 88' lang='lat' dir='ltr'><strong>dabant</strong></span> <span class='ocrx_word' id='word_1_35' title='bbox 1219 739 1492 799; x_wconf 85' lang='lat' dir='ltr'><strong>Corinthii,</strong></span> <span class='ocrx_word' id='word_1_36' title='bbox 1531 745 1587 789; x_wconf 93' lang='lat' dir='ltr'><strong>ut</strong></span> <span class='ocrx_word' id='word_1_37' title='bbox 1619 740 1816 789; x_wconf 85' lang='lat' dir='ltr'><strong>Theba-</strong></span> 
     </span>
     <span class='ocr_line' id='line_1_7' title="bbox 159 819 1817 888; baseline -0.004 -15"><span class='ocrx_word' id='word_1_38' title='bbox 159 840 249 874; x_wconf 76' lang='lat' dir='ltr'><strong>nos</strong></span> <span class='ocrx_word' id='word_1_39' title='bbox 285 839 478 888; x_wconf 88' lang='lat' dir='ltr'><strong>quoque</strong></span> <span class='ocrx_word' id='word_1_40' title='bbox 522 836 631 869; x_wconf 90' lang='lat' dir='ltr'><strong>cum</strong></span> <span class='ocrx_word' id='word_1_41' title='bbox 678 820 775 868; x_wconf 92' lang='lat' dir='ltr'><strong>illis</strong></span> <span class='ocrx_word' id='word_1_42' title='bbox 809 820 1152 880; x_wconf 86' lang='lat' dir='ltr'><strong>conciliarent,</strong></span> <span class='ocrx_word' id='word_1_43' title='bbox 1201 819 1283 884; x_wconf 87' lang='lat' dir='ltr'><strong>qui</strong></span> <span class='ocrx_word' id='word_1_44' title='bbox 1317 824 1509 879; x_wconf 86' lang='lat' dir='ltr'><strong>tamen,</strong></span> <span class='ocrx_word' id='word_1_45' title='bbox 1559 819 1689 883; x_wconf 91' lang='lat' dir='ltr'><strong>quod</strong></span> <span class='ocrx_word' id='word_1_46' title='bbox 1721 819 1817 883; x_wconf 77' lang='lat' dir='ltr'><strong>ipsi</strong></span> 
     </span>
     <span class='ocr_line' id='line_1_8' title="bbox 160 899 1817 968; baseline -0.002 -16"><span class='ocrx_word' id='word_1_47' title='bbox 160 902 473 968; x_wconf 82' lang='lat' dir='ltr'><strong>optimatibus</strong></span> <span class='ocrx_word' id='word_1_48' title='bbox 506 900 770 965; x_wconf 85' lang='lat' dir='ltr'><strong>parebant,</strong></span> <span class='ocrx_word' id='word_1_49' title='bbox 816 900 985 964; x_wconf 82' lang='lat' dir='ltr'><strong>Argivi</strong></span> <span class='ocrx_word' id='word_1_50' title='bbox 1019 905 1180 949; x_wconf 90' lang='lat' dir='ltr'><strong>autem</strong></span> <span class='ocrx_word' id='word_1_51' title='bbox 1214 899 1438 964; x_wconf 89' lang='lat' dir='ltr'><strong>populari</strong></span> <span class='ocrx_word' id='word_1_52' title='bbox 1471 899 1675 963; x_wconf 87' lang='lat' dir='ltr'><strong>imperio</strong></span> <span class='ocrx_word' id='word_1_53' title='bbox 1707 905 1817 948; x_wconf 88' lang='lat' dir='ltr'><strong>ute-</strong></span> 
     </span>
     <span class='ocr_line' id='line_1_9' title="bbox 158 977 1818 1044; baseline -0.001 -14"><span class='ocrx_word' id='word_1_54' title='bbox 158 982 359 1040; x_wconf 80' lang='lat' dir='ltr'><strong>bantur,</strong></span> <span class='ocrx_word' id='word_1_55' title='bbox 396 980 577 1032; x_wconf 63' lang='lat' dir='ltr'><strong>&gt;horum</strong></span> <span class='ocrx_word' id='word_1_56' title='bbox 624 979 912 1029; x_wconf 88' lang='lat' dir='ltr'><strong>societatem</strong></span> <span class='ocrx_word' id='word_1_57' title='bbox 959 980 1248 1030; x_wconf 87' lang='lat' dir='ltr'><strong>abnuebant.</strong></span> <span class='ocrx_word' id='word_1_58' title='bbox 1316 980 1436 1029; x_wconf 81' lang='lat' dir='ltr'><strong>Mox</strong></span> <span class='ocrx_word' id='word_1_59' title='bbox 1468 977 1818 1044; x_wconf 86' lang='lat' dir='ltr'><strong>Spartanorum</strong></span> 
     </span>
     <span class='ocr_line' id='line_1_10' title="bbox 157 1058 1819 1125; baseline -0.001 -17"><span class='ocrx_word' id='word_1_60' title='bbox 157 1059 351 1125; x_wconf 86' lang='lat' dir='ltr'><strong>quidam</strong></span> <span class='ocrx_word' id='word_1_61' title='bbox 385 1058 577 1123; x_wconf 90' lang='lat' dir='ltr'><strong>ephori,</strong></span> <span class='ocrx_word' id='word_1_62' title='bbox 610 1059 736 1124; x_wconf 90' lang='lat' dir='ltr'><strong>paci,</strong></span> <span class='ocrx_word' id='word_1_63' title='bbox 771 1060 908 1108; x_wconf 90' lang='lat' dir='ltr'><strong>cuius</strong></span> <span class='ocrx_word' id='word_1_64' title='bbox 944 1065 1115 1109; x_wconf 90' lang='lat' dir='ltr'><strong>auctor</strong></span> <span class='ocrx_word' id='word_1_65' title='bbox 1140 1060 1304 1109; x_wconf 83' lang='lat' dir='ltr'><strong>Nicias</strong></span> <span class='ocrx_word' id='word_1_66' title='bbox 1340 1064 1390 1108; x_wconf 93' lang='lat' dir='ltr'><strong>et</strong></span> <span class='ocrx_word' id='word_1_67' title='bbox 1422 1060 1613 1124; x_wconf 89' lang='lat' dir='ltr'><strong>priores</strong></span> <span class='ocrx_word' id='word_1_68' title='bbox 1647 1059 1819 1125; x_wconf 90' lang='lat' dir='ltr'><strong>ephori</strong></span> 
     </span>
     <span class='ocr_line' id='line_1_11' title="bbox 154 1139 1816 1203; baseline -0.001 -15"><span class='ocrx_word' id='word_1_69' title='bbox 154 1140 376 1197; x_wconf 85' lang='lat' dir='ltr'><strong>fuerant,</strong></span> <span class='ocrx_word' id='word_1_70' title='bbox 423 1139 716 1200; x_wconf 85' lang='lat' dir='ltr'><strong>adversarii,</strong></span> <span class='ocrx_word' id='word_1_71' title='bbox 770 1156 881 1188; x_wconf 92' lang='lat' dir='ltr'><strong>cum</strong></span> <span class='ocrx_word' id='word_1_72' title='bbox 914 1140 1213 1189; x_wconf 89' lang='lat' dir='ltr'><strong>Boeotorum</strong></span> <span class='ocrx_word' id='word_1_73' title='bbox 1246 1140 1709 1203; x_wconf 81' lang='lat' dir='ltr'><strong>Corinthiorumque</strong></span> <span class='ocrx_word' id='word_1_74' title='bbox 1741 1139 1816 1187; x_wconf 91' lang='lat' dir='ltr'><strong>le-</strong></span> 
     </span>
     <span class='ocr_line' id='line_1_12' title="bbox 109 1218 1816 1284; baseline 0 -17"><span class='ocrx_word' id='word_1_75' title='bbox 109 1274 115 1279; x_wconf 19' lang='lat'><em>*</em></span> <span class='ocrx_word' id='word_1_76' title='bbox 154 1218 282 1284; x_wconf 82' lang='lat' dir='ltr'><strong>gatis</strong></span> <span class='ocrx_word' id='word_1_77' title='bbox 317 1224 552 1284; x_wconf 83' lang='lat' dir='ltr'><strong>egerunt,</strong></span> <span class='ocrx_word' id='word_1_78' title='bbox 587 1223 640 1266; x_wconf 91' lang='lat' dir='ltr'><strong>ut</strong></span> <span class='ocrx_word' id='word_1_79' title='bbox 671 1220 878 1284; x_wconf 86' lang='lat' dir='ltr'><strong>Argivos</strong></span> <span class='ocrx_word' id='word_1_80' title='bbox 914 1219 1060 1269; x_wconf 89' lang='lat' dir='ltr'><strong>simul</strong></span> <span class='ocrx_word' id='word_1_81' title='bbox 1091 1235 1202 1268; x_wconf 89' lang='lat' dir='ltr'><strong>cum</strong></span> <span class='ocrx_word' id='word_1_82' title='bbox 1237 1219 1436 1268; x_wconf 90' lang='lat' dir='ltr'><strong>Boeotis</strong></span> <span class='ocrx_word' id='word_1_83' title='bbox 1469 1219 1520 1267; x_wconf 87' lang='lat' dir='ltr'><strong>in</strong></span> <span class='ocrx_word' id='word_1_84' title='bbox 1554 1219 1816 1267; x_wconf 89' lang='lat' dir='ltr'><strong>amicitiam</strong></span> 
     </span>
     <span class='ocr_line' id='line_1_13' title="bbox 154 1297 1818 1361; baseline 0.001 -15"><span class='ocrx_word' id='word_1_85' title='bbox 154 1297 652 1347; x_wconf 88' lang='lat' dir='ltr'><strong>Lacedaemoniorum</strong></span> <span class='ocrx_word' id='word_1_86' title='bbox 686 1299 995 1349; x_wconf 86' lang='lat' dir='ltr'><strong>reducerent.</strong></span> <span class='ocrx_word' id='word_1_87' title='bbox 1063 1301 1136 1348; x_wconf 85' lang='lat' dir='ltr'><strong>Ea</strong></span> <span class='ocrx_word' id='word_1_88' title='bbox 1168 1314 1248 1348; x_wconf 89' lang='lat' dir='ltr'><strong>res</strong></span> <span class='ocrx_word' id='word_1_89' title='bbox 1284 1299 1427 1347; x_wconf 88' lang='lat' dir='ltr'><strong>aliter</strong></span> <span class='ocrx_word' id='word_1_90' title='bbox 1461 1299 1637 1358; x_wconf 79' lang='lat' dir='ltr'><strong>cessit,</strong></span> <span class='ocrx_word' id='word_1_91' title='bbox 1669 1303 1818 1361; x_wconf 90' lang='lat' dir='ltr'><strong>atque</strong></span> 
     </span>
     <span class='ocr_line' id='line_1_14' title="bbox 154 1378 1819 1444; baseline 0.001 -18"><span class='ocrx_word' id='word_1_92' title='bbox 154 1383 497 1442; x_wconf 85' lang='lat' dir='ltr'><strong>speraverant,</strong></span> <span class='ocrx_word' id='word_1_93' title='bbox 532 1383 603 1435; x_wconf 92' lang='lat' dir='ltr'><strong>ut,</strong></span> <span class='ocrx_word' id='word_1_94' title='bbox 636 1379 907 1444; x_wconf 87' lang='lat' dir='ltr'><strong>repudiatis</strong></span> <span class='ocrx_word' id='word_1_95' title='bbox 945 1379 1211 1428; x_wconf 88' lang='lat' dir='ltr'><strong>Corinthiis</strong></span> <span class='ocrx_word' id='word_1_96' title='bbox 1246 1379 1559 1443; x_wconf 82' lang='lat' dir='ltr'><strong>Argivisque,</strong></span> <span class='ocrx_word' id='word_1_97' title='bbox 1595 1378 1819 1428; x_wconf 88' lang='lat' dir='ltr'><strong>Thebani</strong></span> 
     </span>
     <span class='ocr_line' id='line_1_15' title="bbox 154 1455 1818 1523; baseline 0 -16"><span class='ocrx_word' id='word_1_98' title='bbox 154 1474 264 1507; x_wconf 89' lang='lat' dir='ltr'><strong>cum</strong></span> <span class='ocrx_word' id='word_1_99' title='bbox 297 1455 550 1522; x_wconf 86' lang='lat' dir='ltr'><strong>Spartanis</strong></span> <span class='ocrx_word' id='word_1_100' title='bbox 584 1459 872 1507; x_wconf 87' lang='lat' dir='ltr'><strong>societatem</strong></span> <span class='ocrx_word' id='word_1_101' title='bbox 904 1464 1223 1519; x_wconf 89' lang='lat' dir='ltr'><strong>renovarent,</strong></span> <span class='ocrx_word' id='word_1_102' title='bbox 1266 1475 1362 1523; x_wconf 89' lang='lat' dir='ltr'><strong>quo</strong></span> <span class='ocrx_word' id='word_1_103' title='bbox 1399 1458 1532 1507; x_wconf 88' lang='lat' dir='ltr'><strong>facto</strong></span> <span class='ocrx_word' id='word_1_104' title='bbox 1564 1459 1619 1507; x_wconf 92' lang='lat' dir='ltr'><strong>hi</strong></span> <span class='ocrx_word' id='word_1_105' title='bbox 1651 1458 1818 1507; x_wconf 87' lang='lat' dir='ltr'><strong>violati</strong></span> 
     </span>
     <span class='ocr_line' id='line_1_16' title="bbox 150 1537 1819 1588; baseline 0.001 -2"><span class='ocrx_word' id='word_1_106' title='bbox 150 1537 369 1587; x_wconf 85' lang='lat' dir='ltr'><strong>foederis</strong></span> <span class='ocrx_word' id='word_1_107' title='bbox 414 1538 593 1586; x_wconf 89' lang='lat' dir='ltr'><strong>merito</strong></span> <span class='ocrx_word' id='word_1_108' title='bbox 628 1538 686 1585; x_wconf 89' lang='lat' dir='ltr'><strong>ab</strong></span> <span class='ocrx_word' id='word_1_109' title='bbox 735 1538 1119 1588; x_wconf 88' lang='lat' dir='ltr'><strong>Atheniensibus</strong></span> <span class='ocrx_word' id='word_1_110' title='bbox 1153 1540 1522 1588; x_wconf 85' lang='lat' dir='ltr'><strong>accusabantur.</strong></span> <span class='ocrx_word' id='word_1_111' title='bbox 1589 1537 1819 1588; x_wconf 87' lang='lat' dir='ltr'><strong>Nondum</strong></span> 
     </span>
     <span class='ocr_line' id='line_1_17' title="bbox 151 1617 1817 1683; baseline 0 -16"><span class='ocrx_word' id='word_1_112' title='bbox 151 1618 282 1667; x_wconf 90' lang='lat' dir='ltr'><strong>enim</strong></span> <span class='ocrx_word' id='word_1_113' title='bbox 315 1617 508 1666; x_wconf 88' lang='lat' dir='ltr'><strong>traditis</strong></span> <span class='ocrx_word' id='word_1_114' title='bbox 542 1619 764 1678; x_wconf 88' lang='lat' dir='ltr'><strong>urbibus,</strong></span> <span class='ocrx_word' id='word_1_115' title='bbox 801 1635 920 1682; x_wconf 86' lang='lat' dir='ltr'><strong>quas</strong></span> <span class='ocrx_word' id='word_1_116' title='bbox 954 1619 1170 1683; x_wconf 83' lang='lat' dir='ltr'><strong>integras</strong></span> <span class='ocrx_word' id='word_1_117' title='bbox 1204 1618 1584 1669; x_wconf 87' lang='lat' dir='ltr'><strong>Atheniensibus</strong></span> <span class='ocrx_word' id='word_1_118' title='bbox 1616 1619 1817 1667; x_wconf 88' lang='lat' dir='ltr'><strong>tradere</strong></span> 
     </span>
     <span class='ocr_line' id='line_1_18' title="bbox 151 1697 1818 1762; baseline -0.001 -15"><span class='ocrx_word' id='word_1_119' title='bbox 151 1698 262 1762; x_wconf 80' lang='lat' dir='ltr'><strong>lege</strong></span> <span class='ocrx_word' id='word_1_120' title='bbox 293 1697 514 1746; x_wconf 85' lang='lat' dir='ltr'><strong>foederis</strong></span> <span class='ocrx_word' id='word_1_121' title='bbox 546 1698 854 1755; x_wconf 85' lang='lat' dir='ltr'><strong>iubebantur,</strong></span> <span class='ocrx_word' id='word_1_122' title='bbox 888 1698 1127 1762; x_wconf 89' lang='lat' dir='ltr'><strong>imprimis</strong></span> <span class='ocrx_word' id='word_1_123' title='bbox 1160 1697 1388 1758; x_wconf 85' lang='lat' dir='ltr'><strong>Panaeto,</strong></span> <span class='ocrx_word' id='word_1_124' title='bbox 1421 1698 1657 1746; x_wconf 89' lang='lat' dir='ltr'><strong>Boeotiae</strong></span> <span class='ocrx_word' id='word_1_125' title='bbox 1688 1698 1818 1746; x_wconf 89' lang='lat' dir='ltr'><strong>civi-</strong></span> 
     </span>
     <span class='ocr_line' id='line_1_19' title="bbox 151 1776 1815 1842; baseline 0 -15"><span class='ocrx_word' id='word_1_126' title='bbox 151 1784 282 1839; x_wconf 86' lang='lat' dir='ltr'><strong>tate,</strong></span> <span class='ocrx_word' id='word_1_127' title='bbox 330 1778 590 1842; x_wconf 90' lang='lat' dir='ltr'><strong>separatim</strong></span> <span class='ocrx_word' id='word_1_128' title='bbox 636 1778 919 1825; x_wconf 88' lang='lat' dir='ltr'><strong>societatem</strong></span> <span class='ocrx_word' id='word_1_129' title='bbox 967 1793 1077 1825; x_wconf 91' lang='lat' dir='ltr'><strong>cum</strong></span> <span class='ocrx_word' id='word_1_130' title='bbox 1110 1776 1357 1826; x_wconf 85' lang='lat' dir='ltr'><strong>Thebanis</strong></span> <span class='ocrx_word' id='word_1_131' title='bbox 1389 1779 1620 1837; x_wconf 89' lang='lat' dir='ltr'><strong>inierant,</strong></span> <span class='ocrx_word' id='word_1_132' title='bbox 1665 1794 1815 1842; x_wconf 90' lang='lat' dir='ltr'><strong>quum</strong></span> 
     </span>
     <span class='ocr_line' id='line_1_20' title="bbox 153 1856 1813 1908; baseline 0 -2"><span class='ocrx_word' id='word_1_133' title='bbox 153 1872 437 1906; x_wconf 88' lang='lat' dir='ltr'><strong>communes</strong></span> <span class='ocrx_word' id='word_1_134' title='bbox 484 1872 594 1905; x_wconf 90' lang='lat' dir='ltr'><strong>cum</strong></span> <span class='ocrx_word' id='word_1_135' title='bbox 629 1856 1009 1906; x_wconf 86' lang='lat' dir='ltr'><strong>Atheniensibus</strong></span> <span class='ocrx_word' id='word_1_136' title='bbox 1054 1857 1215 1905; x_wconf 88' lang='lat' dir='ltr'><strong>socios</strong></span> <span class='ocrx_word' id='word_1_137' title='bbox 1263 1872 1432 1906; x_wconf 91' lang='lat' dir='ltr'><strong>omnes</strong></span> <span class='ocrx_word' id='word_1_138' title='bbox 1474 1874 1529 1906; x_wconf 91' lang='lat' dir='ltr'><strong>se</strong></span> <span class='ocrx_word' id='word_1_139' title='bbox 1560 1858 1813 1908; x_wconf 86' lang='lat' dir='ltr'><strong>habituros</strong></span> 
     </span>
     <span class='ocr_line' id='line_1_21' title="bbox 154 1935 1813 2003; baseline -0.001 -16"><span class='ocrx_word' id='word_1_140' title='bbox 154 1953 264 1987; x_wconf 89' lang='lat' dir='ltr'><strong>esse</strong></span> <span class='ocrx_word' id='word_1_141' title='bbox 298 1936 505 2000; x_wconf 89' lang='lat' dir='ltr'><strong>polliciti</strong></span> <span class='ocrx_word' id='word_1_142' title='bbox 541 1942 721 1984; x_wconf 89' lang='lat' dir='ltr'><strong>essent.</strong></span> <span class='ocrx_word' id='word_1_143' title='bbox 768 1936 1033 1994; x_wconf 85' lang='lat' dir='ltr'><strong>Audiamus</strong></span> <span class='ocrx_word' id='word_1_144' title='bbox 1058 1935 1398 2001; x_wconf 83' lang='lat' dir='ltr'><strong>Thucydidem</strong></span> <span class='ocrx_word' id='word_1_145' title='bbox 1422 1937 1485 1985; x_wconf 89' lang='lat' dir='ltr'><strong>de</strong></span> <span class='ocrx_word' id='word_1_146' title='bbox 1507 1938 1600 1986; x_wconf 92' lang='lat' dir='ltr'><strong>hac</strong></span> <span class='ocrx_word' id='word_1_147' title='bbox 1623 1954 1678 1986; x_wconf 92' lang='lat' dir='ltr'><strong>re</strong></span> <span class='ocrx_word' id='word_1_148' title='bbox 1701 1939 1813 2003; x_wconf 86' lang='lat' dir='ltr'><strong>plu-</strong></span> 
     </span>
     <span class='ocr_line' id='line_1_22' title="bbox 151 2004 1815 2078; baseline 0.001 -12"><span class='ocrx_word' id='word_1_149' title='bbox 151 2017 288 2066; x_wconf 90' lang='lat' dir='ltr'><strong>ribus</strong></span> <span class='ocrx_word' id='word_1_150' title='bbox 322 2004 647 2078; x_wconf 85' lang='lat' dir='ltr'><strong>exponentem</strong></span> <span class='ocrx_word' id='word_1_151' title='bbox 681 2013 741 2075; x_wconf 94' lang='lat' dir='ltr'><strong>V,</strong></span> <span class='ocrx_word' id='word_1_152' title='bbox 777 2018 856 2064; x_wconf 85' lang='lat'><strong>35.</strong></span> <span class='ocrx_word' id='word_1_153' title='bbox 894 2022 944 2064; x_wconf 91' lang='lat' dir='ltr'><strong>et</strong></span> <span class='ocrx_word' id='word_1_154' title='bbox 977 2019 1068 2065; x_wconf 84' lang='lat'><strong>39:</strong></span> <span class='ocrx_word' id='word_1_155' title='bbox 1104 2016 1259 2077; x_wconf 86' lang='lat' dir='ltr'><strong>„Post</strong></span> <span class='ocrx_word' id='word_1_156' title='bbox 1291 2017 1414 2066; x_wconf 89' lang='lat' dir='ltr'><strong>haec</strong></span> <span class='ocrx_word' id='word_1_157' title='bbox 1439 2017 1815 2068; x_wconf 86' lang='lat' dir='ltr'><strong>Lacedaemonii</strong></span> 
     </span>
     <span class='ocr_line' id='line_1_23' title="bbox 151 2095 1813 2160; baseline 0.002 -16"><span class='ocrx_word' id='word_1_158' title='bbox 151 2095 283 2160; x_wconf 89' lang='lat' dir='ltr'><strong>(nam</strong></span> <span class='ocrx_word' id='word_1_159' title='bbox 316 2095 620 2144; x_wconf 87' lang='lat' dir='ltr'><strong>habebantur</strong></span> <span class='ocrx_word' id='word_1_160' title='bbox 652 2095 779 2144; x_wconf 88' lang='lat' dir='ltr'><strong>inter</strong></span> <span class='ocrx_word' id='word_1_161' title='bbox 811 2097 944 2159; x_wconf 90' lang='lat' dir='ltr'><strong>ipsos</strong></span> <span class='ocrx_word' id='word_1_162' title='bbox 983 2102 1129 2160; x_wconf 88' lang='lat' dir='ltr'><strong>atque</strong></span> <span class='ocrx_word' id='word_1_163' title='bbox 1162 2097 1488 2146; x_wconf 86' lang='lat' dir='ltr'><strong>Athenienses</strong></span> <span class='ocrx_word' id='word_1_164' title='bbox 1521 2098 1716 2147; x_wconf 87' lang='lat' dir='ltr'><strong>assidua</strong></span> <span class='ocrx_word' id='word_1_165' title='bbox 1749 2098 1813 2148; x_wconf 90' lang='lat' dir='ltr'><strong>de</strong></span> 
     </span>
     <span class='ocr_line' id='line_1_24' title="bbox 148 2174 1813 2243; baseline 0.002 -19"><span class='ocrx_word' id='word_1_166' title='bbox 148 2174 414 2224; x_wconf 87' lang='lat' dir='ltr'><strong>reddendis</strong></span> <span class='ocrx_word' id='word_1_167' title='bbox 447 2174 523 2236; x_wconf 90' lang='lat' dir='ltr'><strong>iis,</strong></span> <span class='ocrx_word' id='word_1_168' title='bbox 559 2191 683 2238; x_wconf 86' lang='lat' dir='ltr'><strong>quae</strong></span> <span class='ocrx_word' id='word_1_169' title='bbox 717 2175 922 2224; x_wconf 88' lang='lat' dir='ltr'><strong>invicem</strong></span> <span class='ocrx_word' id='word_1_170' title='bbox 958 2177 1207 2238; x_wconf 86' lang='lat' dir='ltr'><strong>tenebant,</strong></span> <span class='ocrx_word' id='word_1_171' title='bbox 1243 2178 1506 2241; x_wconf 89' lang='lat' dir='ltr'><strong>colloquia)</strong></span> <span class='ocrx_word' id='word_1_172' title='bbox 1539 2185 1813 2243; x_wconf 77' lang='lat' dir='ltr'><strong>speranteS,</strong></span> 
     </span>
     <span class='ocr_line' id='line_1_25' title="bbox 149 2254 1812 2323; baseline 0.002 -19"><span class='ocrx_word' id='word_1_173' title='bbox 149 2256 192 2304; x_wconf 90' lang='lat' dir='ltr'><strong>si</strong></span> <span class='ocrx_word' id='word_1_174' title='bbox 212 2254 478 2303; x_wconf 89' lang='lat' dir='ltr'><strong>Panactum</strong></span> <span class='ocrx_word' id='word_1_175' title='bbox 495 2254 820 2304; x_wconf 88' lang='lat' dir='ltr'><strong>Athenienses</strong></span> <span class='ocrx_word' id='word_1_176' title='bbox 853 2272 880 2304; x_wconf 90' lang='lat' dir='ltr'><strong>a</strong></span> <span class='ocrx_word' id='word_1_177' title='bbox 906 2256 1104 2306; x_wconf 89' lang='lat' dir='ltr'><strong>Boeotis</strong></span> <span class='ocrx_word' id='word_1_178' title='bbox 1133 2258 1466 2321; x_wconf 77' lang='lat' dir='ltr'><strong>recepissent,</strong></span> <span class='ocrx_word' id='word_1_179' title='bbox 1499 2258 1609 2307; x_wconf 90' lang='lat' dir='ltr'><strong>fore</strong></span> <span class='ocrx_word' id='word_1_180' title='bbox 1637 2264 1692 2307; x_wconf 92' lang='lat' dir='ltr'><strong>ut</strong></span> <span class='ocrx_word' id='word_1_181' title='bbox 1715 2259 1812 2323; x_wconf 88' lang='lat' dir='ltr'><strong>ipsi</strong></span> 
     </span>
     <span class='ocr_line' id='line_1_26' title="bbox 147 2334 1811 2404; baseline 0.002 -20"><span class='ocrx_word' id='word_1_182' title='bbox 147 2335 429 2400; x_wconf 88' lang='lat' dir='ltr'><strong>reciperent</strong></span> <span class='ocrx_word' id='word_1_183' title='bbox 462 2334 661 2399; x_wconf 85' lang='lat' dir='ltr'><strong>Pylum,</strong></span> <span class='ocrx_word' id='word_1_184' title='bbox 706 2336 931 2386; x_wconf 90' lang='lat' dir='ltr'><strong>adierunt</strong></span> <span class='ocrx_word' id='word_1_185' title='bbox 963 2353 1053 2402; x_wconf 88' lang='lat' dir='ltr'><strong>per</strong></span> <span class='ocrx_word' id='word_1_186' title='bbox 1086 2337 1274 2403; x_wconf 84' lang='lat' dir='ltr'><strong>legatos</strong></span> <span class='ocrx_word' id='word_1_187' title='bbox 1310 2338 1521 2386; x_wconf 88' lang='lat' dir='ltr'><strong>Boeotos</strong></span> <span class='ocrx_word' id='word_1_188' title='bbox 1554 2344 1811 2404; x_wconf 84' lang='lat' dir='ltr'><strong>rogarunt-</strong></span> 
     </span>
     <span class='ocr_line' id='line_1_27' title="bbox 147 2413 1811 2482; baseline 0.002 -18"><span class='ocrx_word' id='word_1_189' title='bbox 147 2432 270 2480; x_wconf 89' lang='lat' dir='ltr'><strong>que,</strong></span> <span class='ocrx_word' id='word_1_190' title='bbox 304 2421 356 2465; x_wconf 90' lang='lat' dir='ltr'><strong>ut</strong></span> <span class='ocrx_word' id='word_1_191' title='bbox 390 2415 485 2463; x_wconf 84' lang='lat' dir='ltr'><strong>sibi</strong></span> <span class='ocrx_word' id='word_1_192' title='bbox 517 2413 782 2464; x_wconf 89' lang='lat' dir='ltr'><strong>Panactum</strong></span> <span class='ocrx_word' id='word_1_193' title='bbox 818 2422 867 2465; x_wconf 90' lang='lat' dir='ltr'><strong>et</strong></span> <span class='ocrx_word' id='word_1_194' title='bbox 901 2418 983 2482; x_wconf 91' lang='lat' dir='ltr'><strong>qui</strong></span> <span class='ocrx_word' id='word_1_195' title='bbox 1017 2418 1067 2466; x_wconf 92' lang='lat' dir='ltr'><strong>in</strong></span> <span class='ocrx_word' id='word_1_196' title='bbox 1101 2418 1308 2468; x_wconf 88' lang='lat' dir='ltr'><strong>vinculis</strong></span> <span class='ocrx_word' id='word_1_197' title='bbox 1343 2423 1511 2467; x_wconf 87' lang='lat' dir='ltr'><strong>essent</strong></span> <span class='ocrx_word' id='word_1_198' title='bbox 1541 2419 1811 2467; x_wconf 90' lang='lat' dir='ltr'><strong>Athenien-</strong></span> 
     </span>
     <span class='ocr_line' id='line_1_28' title="bbox 148 2494 1811 2562; baseline 0.001 -17"><span class='ocrx_word' id='word_1_199' title='bbox 148 2495 274 2545; x_wconf 88' lang='lat' dir='ltr'><strong>sium</strong></span> <span class='ocrx_word' id='word_1_200' title='bbox 310 2494 579 2556; x_wconf 88' lang='lat' dir='ltr'><strong>traderent,</strong></span> <span class='ocrx_word' id='word_1_201' title='bbox 613 2500 669 2544; x_wconf 88' lang='lat' dir='ltr'><strong>ut</strong></span> <span class='ocrx_word' id='word_1_202' title='bbox 703 2512 793 2560; x_wconf 93' lang='lat' dir='ltr'><strong>pro</strong></span> <span class='ocrx_word' id='word_1_203' title='bbox 827 2497 906 2546; x_wconf 92' lang='lat' dir='ltr'><strong>his</strong></span> <span class='ocrx_word' id='word_1_204' title='bbox 938 2498 1032 2562; x_wconf 91' lang='lat' dir='ltr'><strong>ipsi</strong></span> <span class='ocrx_word' id='word_1_205' title='bbox 1066 2498 1243 2562; x_wconf 88' lang='lat' dir='ltr'><strong>Pylum</strong></span> <span class='ocrx_word' id='word_1_206' title='bbox 1275 2499 1567 2562; x_wconf 88' lang='lat' dir='ltr'><strong>reciperent.</strong></span> <span class='ocrx_word' id='word_1_207' title='bbox 1637 2499 1811 2547; x_wconf 91' lang='lat' dir='ltr'><strong>Boeoti</strong></span> 
     </span>
     <span class='ocr_line' id='line_1_29' title="bbox 146 2576 1813 2642; baseline 0.002 -19"><span class='ocrx_word' id='word_1_208' title='bbox 146 2580 308 2624; x_wconf 89' lang='lat' dir='ltr'><strong>autem</strong></span> <span class='ocrx_word' id='word_1_209' title='bbox 344 2577 585 2641; x_wconf 86' lang='lat' dir='ltr'><strong>negabant</strong></span> <span class='ocrx_word' id='word_1_210' title='bbox 616 2592 670 2624; x_wconf 92' lang='lat' dir='ltr'><strong>se</strong></span> <span class='ocrx_word' id='word_1_211' title='bbox 702 2576 1010 2637; x_wconf 83' lang='lat' dir='ltr'><strong>reddituroS,</strong></span> <span class='ocrx_word' id='word_1_212' title='bbox 1044 2579 1139 2627; x_wconf 87' lang='lat' dir='ltr'><strong>nisi</strong></span> <span class='ocrx_word' id='word_1_213' title='bbox 1171 2594 1364 2638; x_wconf 90' lang='lat' dir='ltr'><strong>secum,</strong></span> <span class='ocrx_word' id='word_1_214' title='bbox 1402 2579 1813 2642; x_wconf 88' lang='lat' dir='ltr'><strong>quemadmodum</strong></span> 
     </span>
     <span class='ocr_line' id='line_1_30' title="bbox 150 2655 1810 2724; baseline 0.002 -21"><span class='ocrx_word' id='word_1_215' title='bbox 150 2670 263 2704; x_wconf 90' lang='lat' dir='ltr'><strong>cum</strong></span> <span class='ocrx_word' id='word_1_216' title='bbox 296 2655 707 2717; x_wconf 81' lang='lat' dir='ltr'><strong>AtheniensibuS,</strong></span> <span class='ocrx_word' id='word_1_217' title='bbox 741 2658 1032 2707; x_wconf 86' lang='lat' dir='ltr'><strong>societatem</strong></span> <span class='ocrx_word' id='word_1_218' title='bbox 1066 2660 1330 2724; x_wconf 88' lang='lat' dir='ltr'><strong>separatim</strong></span> <span class='ocrx_word' id='word_1_219' title='bbox 1363 2658 1587 2709; x_wconf 88' lang='lat' dir='ltr'><strong>inissent.</strong></span> <span class='ocrx_word' id='word_1_220' title='bbox 1650 2658 1810 2707; x_wconf 89' lang='lat' dir='ltr'><strong>Lace-</strong></span> 
     </span>
     <span class='ocr_line' id='line_1_31' title="bbox 147 2735 1808 2799; baseline 0.003 -17"><span class='ocrx_word' id='word_1_221' title='bbox 147 2735 391 2783; x_wconf 88' lang='lat' dir='ltr'><strong>daemonii</strong></span> <span class='ocrx_word' id='word_1_222' title='bbox 423 2741 613 2797; x_wconf 87' lang='lat' dir='ltr'><strong>autem,</strong></span> <span class='ocrx_word' id='word_1_223' title='bbox 665 2738 956 2799; x_wconf 91' lang='lat' dir='ltr'><strong>quamvis</strong></span> <span class='ocrx_word' id='word_1_224' title='bbox 992 2755 1060 2787; x_wconf 91' lang='lat' dir='ltr'><strong>se</strong></span> <span class='ocrx_word' id='word_1_225' title='bbox 1095 2740 1351 2788; x_wconf 89' lang='lat' dir='ltr'><strong>scirent</strong></span> <span class='ocrx_word' id='word_1_226' title='bbox 1384 2739 1689 2787; x_wconf 90' lang='lat' dir='ltr'><strong>iniuriam</strong></span> <span class='ocrx_word' id='word_1_227' title='bbox 1722 2738 1808 2787; x_wconf 85' lang='lat' dir='ltr'><strong>fa-</strong></span> 
     </span>
     <span class='ocr_line' id='line_1_32' title="bbox 148 2814 1808 2882; baseline 0.004 -21"><span class='ocrx_word' id='word_1_228' title='bbox 148 2818 384 2863; x_wconf 84' lang='lat' dir='ltr'><strong>cturos</strong></span> <span class='ocrx_word' id='word_1_229' title='bbox 419 2814 958 2879; x_wconf 84' lang='lat' dir='ltr'><strong>Atheniensibus,</strong></span> <span class='ocrx_word' id='word_1_230' title='bbox 994 2820 1194 2882; x_wconf 86' lang='lat' dir='ltr'><strong>pacti,</strong></span> <span class='ocrx_word' id='word_1_231' title='bbox 1230 2824 1292 2867; x_wconf 93' lang='lat' dir='ltr'><strong>ut</strong></span> <span class='ocrx_word' id='word_1_232' title='bbox 1325 2818 1523 2867; x_wconf 87' lang='lat' dir='ltr'><strong>alteri</strong></span> <span class='ocrx_word' id='word_1_233' title='bbox 1558 2819 1690 2868; x_wconf 86' lang='lat' dir='ltr'><strong>sine</strong></span> <span class='ocrx_word' id='word_1_234' title='bbox 1723 2819 1808 2868; x_wconf 86' lang='lat' dir='ltr'><strong>al-</strong></span> 
     </span>
     <span class='ocr_line' id='line_1_33' title="bbox 146 2893 1808 2964; baseline 0.004 -22"><span class='ocrx_word' id='word_1_235' title='bbox 146 2893 310 2942; x_wconf 90' lang='lat' dir='ltr'><strong>teris</strong></span> <span class='ocrx_word' id='word_1_236' title='bbox 359 2909 563 2957; x_wconf 87' lang='lat' dir='ltr'><strong>neque</strong></span> <span class='ocrx_word' id='word_1_237' title='bbox 611 2894 846 2946; x_wconf 91' lang='lat' dir='ltr'><strong>foedus</strong></span> <span class='ocrx_word' id='word_1_238' title='bbox 894 2899 1141 2948; x_wconf 88' lang='lat' dir='ltr'><strong>inirent</strong></span> <span class='ocrx_word' id='word_1_239' title='bbox 1174 2915 1374 2964; x_wconf 86' lang='lat' dir='ltr'><strong>neque</strong></span> <span class='ocrx_word' id='word_1_240' title='bbox 1407 2898 1669 2961; x_wconf 89' lang='lat' dir='ltr'><strong>bellum,</strong></span> <span class='ocrx_word' id='word_1_241' title='bbox 1722 2916 1808 2949; x_wconf 87' lang='lat' dir='ltr'><strong>cu-</strong></span> 
     </span>
     <span class='ocr_line' id='line_1_34' title="bbox 143 2973 1810 3044; baseline 0.004 -23"><span class='ocrx_word' id='word_1_242' title='bbox 143 2973 246 3038; x_wconf 89' lang='lat' dir='ltr'><strong>pidi</strong></span> <span class='ocrx_word' id='word_1_243' title='bbox 263 2973 466 3022; x_wconf 86' lang='lat' dir='ltr'><strong>Panaeti</strong></span> <span class='ocrx_word' id='word_1_244' title='bbox 498 2975 767 3040; x_wconf 90' lang='lat' dir='ltr'><strong>recipiendi</strong></span> <span class='ocrx_word' id='word_1_245' title='bbox 798 2984 848 3026; x_wconf 88' lang='lat' dir='ltr'><strong>et</strong></span> <span class='ocrx_word' id='word_1_246' title='bbox 881 2994 972 3043; x_wconf 88' lang='lat' dir='ltr'><strong>pro</strong></span> <span class='ocrx_word' id='word_1_247' title='bbox 1008 2994 1067 3027; x_wconf 92' lang='lat' dir='ltr'><strong>eo</strong></span> <span class='ocrx_word' id='word_1_248' title='bbox 1091 2978 1265 3043; x_wconf 87' lang='lat' dir='ltr'><strong>Pylum</strong></span> <span class='ocrx_word' id='word_1_249' title='bbox 1288 2979 1626 3044; x_wconf 83' lang='lat' dir='ltr'><strong>recuperandi,</strong></span> <span class='ocrx_word' id='word_1_250' title='bbox 1663 2996 1810 3043; x_wconf 89' lang='lat' dir='ltr'><strong>quum</strong></span> 
     </span>
     <span class='ocr_line' id='line_1_35' title="bbox 143 3054 1808 3124; baseline 0.005 -23"><span class='ocrx_word' id='word_1_251' title='bbox 143 3054 434 3116; x_wconf 88' lang='lat' dir='ltr'><strong>praesertim</strong></span> <span class='ocrx_word' id='word_1_252' title='bbox 483 3055 566 3118; x_wconf 91' lang='lat' dir='ltr'><strong>qui</strong></span> <span class='ocrx_word' id='word_1_253' title='bbox 611 3056 873 3106; x_wconf 88' lang='lat' dir='ltr'><strong>studebant</strong></span> <span class='ocrx_word' id='word_1_254' title='bbox 913 3059 1111 3107; x_wconf 90' lang='lat' dir='ltr'><strong>turbare</strong></span> <span class='ocrx_word' id='word_1_255' title='bbox 1143 3060 1346 3108; x_wconf 87' lang='lat' dir='ltr'><strong>foedera</strong></span> <span class='ocrx_word' id='word_1_256' title='bbox 1377 3060 1725 3124; x_wconf 89' lang='lat' dir='ltr'><strong>propensiores</strong></span> <span class='ocrx_word' id='word_1_257' title='bbox 1758 3060 1808 3109; x_wconf 89' lang='lat' dir='ltr'><strong>in</strong></span> 
     </span>
     <span class='ocr_line' id='line_1_36' title="bbox 144 3132 1807 3198; baseline 0.005 -18"><span class='ocrx_word' id='word_1_258' title='bbox 144 3132 359 3181; x_wconf 88' lang='lat' dir='ltr'><strong>Boeotos</strong></span> <span class='ocrx_word' id='word_1_259' title='bbox 394 3140 590 3193; x_wconf 88' lang='lat' dir='ltr'><strong>essent,</strong></span> <span class='ocrx_word' id='word_1_260' title='bbox 641 3137 923 3186; x_wconf 88' lang='lat' dir='ltr'><strong>societatem</strong></span> <span class='ocrx_word' id='word_1_261' title='bbox 967 3137 1218 3198; x_wconf 78' lang='lat' dir='ltr'><strong>fecerunt,</strong></span> <span class='ocrx_word' id='word_1_262' title='bbox 1263 3139 1426 3189; x_wconf 89' lang='lat' dir='ltr'><strong>hieme</strong></span> <span class='ocrx_word' id='word_1_263' title='bbox 1460 3140 1557 3187; x_wconf 88' lang='lat' dir='ltr'><strong>iam</strong></span> <span class='ocrx_word' id='word_1_264' title='bbox 1587 3146 1807 3189; x_wconf 84' lang='lat' dir='ltr'><strong>extrema</strong></span> 
     </span>
     <span class='ocr_line' id='line_1_37' title="bbox 142 3211 1804 3276; baseline 0.005 -17"><span class='ocrx_word' id='word_1_265' title='bbox 142 3211 440 3276; x_wconf 88' lang='lat' dir='ltr'><strong>ineunteque</strong></span> <span class='ocrx_word' id='word_1_266' title='bbox 489 3230 621 3265; x_wconf 87' lang='lat' dir='ltr'><strong>vere.</strong></span> <span class='ocrx_word' id='word_1_267' title='bbox 708 3215 785 3263; x_wconf 80' lang='lat' dir='ltr'><strong>Et</strong></span> <span class='ocrx_word' id='word_1_268' title='bbox 837 3216 1002 3266; x_wconf 90' lang='lat' dir='ltr'><strong>Pana</strong></span> <span class='ocrx_word' id='word_1_269' title='bbox 1021 3223 1188 3267; x_wconf 91' lang='lat' dir='ltr'><strong>ctum</strong></span> <span class='ocrx_word' id='word_1_270' title='bbox 1242 3219 1463 3267; x_wconf 90' lang='lat' dir='ltr'><strong>statim</strong></span> <span class='ocrx_word' id='word_1_271' title='bbox 1515 3221 1804 3268; x_wconf 87' lang='lat' dir='ltr'><strong>excisum</strong></span> 
     </span>
     <span class='ocr_line' id='line_1_38' title="bbox 145 3293 1804 3364; baseline 0.004 -25"><span class='ocrx_word' id='word_1_272' title='bbox 145 3294 266 3351; x_wconf 84' lang='lat' dir='ltr'><strong>est,</strong></span> <span class='ocrx_word' id='word_1_273' title='bbox 298 3297 350 3340; x_wconf 91' lang='lat' dir='ltr'><strong>et</strong></span> <span class='ocrx_word' id='word_1_274' title='bbox 382 3293 668 3343; x_wconf 90' lang='lat' dir='ltr'><strong>undecimus</strong></span> <span class='ocrx_word' id='word_1_275' title='bbox 703 3295 820 3343; x_wconf 89' lang='lat' dir='ltr'><strong>belli</strong></span> <span class='ocrx_word' id='word_1_276' title='bbox 853 3313 1005 3346; x_wconf 88' lang='lat' dir='ltr'><strong>annus</strong></span> <span class='ocrx_word' id='word_1_277' title='bbox 1041 3295 1210 3347; x_wconf 83' lang='lat' dir='ltr'><strong>exiit.&#39;&#39;</strong></span> <span class='ocrx_word' id='word_1_278' title='bbox 1256 3297 1350 3347; x_wconf 86' lang='lat' dir='ltr'><strong>His</strong></span> <span class='ocrx_word' id='word_1_279' title='bbox 1378 3299 1506 3348; x_wconf 90' lang='lat' dir='ltr'><strong>adde</strong></span> <span class='ocrx_word' id='word_1_280' title='bbox 1530 3316 1652 3364; x_wconf 90' lang='lat' dir='ltr'><strong>quae</strong></span> <span class='ocrx_word' id='word_1_281' title='bbox 1671 3298 1804 3348; x_wconf 90' lang='lat' dir='ltr'><strong>idem</strong></span> 
     </span>
     <span class='ocr_line' id='line_1_39' title="bbox 144 3371 1805 3445; baseline 0.006 -27"><span class='ocrx_word' id='word_1_282' title='bbox 144 3385 187 3419; x_wconf 91' lang='lat' dir='ltr'><strong>c.</strong></span> <span class='ocrx_word' id='word_1_283' title='bbox 220 3371 299 3419; x_wconf 84' lang='lat'><strong>42.</strong></span> <span class='ocrx_word' id='word_1_284' title='bbox 335 3372 558 3436; x_wconf 85' lang='lat' dir='ltr'><strong>scripsit:</strong></span> <span class='ocrx_word' id='word_1_285' title='bbox 619 3374 794 3436; x_wconf 89' lang='lat' dir='ltr'><strong>„Haec</strong></span> <span class='ocrx_word' id='word_1_286' title='bbox 829 3392 939 3426; x_wconf 89' lang='lat' dir='ltr'><strong>cum</strong></span> <span class='ocrx_word' id='word_1_287' title='bbox 973 3378 1279 3441; x_wconf 89' lang='lat' dir='ltr'><strong>dicerentur,</strong></span> <span class='ocrx_word' id='word_1_288' title='bbox 1324 3379 1612 3445; x_wconf 82' lang='lat' dir='ltr'><strong>graviter</strong></span> <span class='ocrx_word' id='word_1_289' title='bbox 1646 3379 1805 3428; x_wconf 90' lang='lat' dir='ltr'><strong>tule-</strong></span> 
     </span>
     <span class='ocr_line' id='line_1_40' title="bbox 141 3452 1801 3524; baseline 0.007 -26"><span class='ocrx_word' id='word_1_290' title='bbox 141 3454 292 3500; x_wconf 86' lang='lat' dir='ltr'><strong>runt</strong></span> <span class='ocrx_word' id='word_1_291' title='bbox 342 3452 791 3506; x_wconf 83' lang='lat' dir='ltr'><strong>Athenienses</strong></span> <span class='ocrx_word' id='word_1_292' title='bbox 841 3457 1284 3524; x_wconf 87' lang='lat' dir='ltr'><strong>iniuriamque</strong></span> <span class='ocrx_word' id='word_1_293' title='bbox 1333 3458 1466 3510; x_wconf 89' lang='lat' dir='ltr'><strong>sibi</strong></span> <span class='ocrx_word' id='word_1_294' title='bbox 1510 3458 1666 3510; x_wconf 83' lang='lat' dir='ltr'><strong>fieri</strong></span> <span class='ocrx_word' id='word_1_295' title='bbox 1697 3475 1801 3523; x_wconf 88' lang='lat' dir='ltr'><strong>pu-</strong></span> 
     </span>
    </p>
   </div>
  </div>
 </body>
</html>
