2170 3848
1212 269 1294 325 68

557 420 674 471 Wer
707 418 847 468 flicht
878 418 961 467 die
991 411 1338 464 unbedeutend
1371 415 1559 476 griinen
1591 415 1780 466 Blatter

557 502 685 549 Zum
719 498 1037 547 Ehrenkranz
1070 491 1403 543 Verdiensten
1428 492 1578 557 jeder
1609 496 1737 544 Art?

555 579 673 628 Wer
706 578 892 626 sichert
925 576 1020 624 den
1054 571 1251 635 Olymp,
1285 572 1504 620 vereinet
1537 572 1755 622 Gotter‘3

555 657 655 707 Des
688 656 959 707 Menschen
992 651 1151 710 Kraft,
1184 651 1252 700 im
1286 651 1493 700 Dichter
1527 650 1819 701 offenbart.''

549 736 797 800 Dissipata
830 739 879 781 et
913 730 1239 779 discordantia
1274 736 1388 780 sunt
1414 730 1553 795 priva
1576 729 1653 778 vel
1674 731 1972 796 propria3
2006 747 2086 780 ea-

425 819 539 867 dem
573 815 634 863 ad
670 811 1024 862 communia
1058 814 1284 858 revocata
1318 824 1413 856 non
1440 809 1598 859 solum
1623 809 1942 858 conciliantur
1959 810 2088 859 inter

423 913 495 958 se,
532 894 620 942 sed
655 893 802 941 etiam
835 890 931 938 vim
968 888 1313 937 nanciscuntur
1345 889 1586 938 movendi.
1645 888 1848 953 Propria
1880 888 2087 939 dicimus

422 989 548 1037 quae
570 976 684 1022 sunt
709 975 956 1019 certorum
975 967 1242 1027 hominum,
1276 972 1554 1032 temporum
1572 967 1914 1031 locorumque3
1951 983 2087 1018 com-

421 1051 586 1102 munia
620 1049 791 1098 eadem
828 1047 1014 1095 infinita
1047 1046 1347 1110 appellamus
1383 1053 1434 1095 et
1467 1064 1496 1095 a
1528 1048 1853 1112 singularibus
1876 1047 2086 1097 homini-

420 1133 513 1181 bus
548 1131 795 1192 rebusque
828 1128 1091 1186 abstracta,
1126 1125 1255 1189 quod
1290 1126 1340 1174 in
1372 1127 1594 1190 quemvis
1627 1126 1875 1180 hominem
1906 1127 2087 1176 cadunt

422 1217 474 1260 et
496 1211 546 1259 in
576 1209 793 1273 quamvis
814 1210 1092 1270 temporum
1120 1205 1434 1269 locorumque
1457 1211 1698 1255 naturam.
1743 1205 1947 1270 Propria
1967 1222 2084 1272 pos-

421 1290 656 1347 sidentur,
693 1286 966 1335 communia
989 1289 1150 1334 autem
1179 1284 1479 1348 cogitantur:
1513 1285 1679 1348 itaque
1702 1285 1751 1333 in
1774 1283 1970 1333 illorum
1994 1300 2084 1334 usu

419 1370 582 1436 posita
626 1371 704 1414 est
748 1366 960 1424 utilitas,
1008 1365 1057 1412 in
1092 1365 1266 1412 horum
1298 1365 1616 1429 perceptione
1651 1363 1879 1429 cognitio.
1946 1363 2085 1426 Quae

421 1448 598 1511 cuique
632 1446 829 1510 propria
863 1451 1004 1503 sunt,
1055 1444 1178 1491 haec
1224 1443 1270 1491 ei
1305 1450 1355 1491 et
1386 1444 1552 1508 gaudii
1587 1446 1639 1491 et
1672 1443 1857 1492 doloris
1890 1447 1941 1492 et
1975 1443 2084 1507 spei

421 1532 473 1576 et
522 1531 681 1575 metus
734 1530 786 1573 et
831 1524 1045 1572 omnium
1089 1523 1508 1588 perturbationum
1554 1538 1724 1572 caussa
1757 1527 1896 1583 sunt;
1939 1523 2085 1572 alieni

419 1607 595 1655 iisdem
629 1619 934 1667 nequaquam
967 1607 1248 1663 moventur,
1293 1602 1388 1650 nisi
1431 1607 1668 1666 quatenus
1702 1603 1763 1651 ad
1798 1618 1853 1651 se
1885 1618 2084 1667 quoque

418 1685 665 1751 pertinere
698 1683 991 1746 intelligunt.
1059 1682 1408 1731 communibus
1457 1687 1619 1731 autem
1663 1698 1826 1744 neque
1857 1682 2082 1732 dolemus

418 1781 578 1829 neque
611 1763 880 1827 gaudemus
915 1778 1075 1824 neque
1108 1761 1209 1810 ullo
1243 1760 1390 1809 modo
1423 1763 1785 1825 perturbamur,
1821 1761 1910 1810 sed
1942 1761 2080 1810 dele-

420 1850 627 1893 ctamur.
675 1843 1007 1903 Quaecunque
1041 1842 1167 1889 enim
1203 1841 1412 1906 propriis
1448 1840 1612 1889 insunt
1638 1841 1902 1904 incongrua
1927 1844 2081 1905 ‘atque

417 1921 738 1977 incommoda,
774 1920 836 1968 ad
871 1920 1144 1967 communia
1177 1921 1343 1979 relata,
1379 1921 1507 1968 inter
1539 1935 1594 1968 se
1627 1920 1961 1981 conciliantur,
1993 1936 2081 1969 un-

418 2005 483 2052 de
516 2002 591 2062 fit,
627 2006 681 2048 ut
715 1998 1050 2047 animadverso
1077 2013 1239 2046 rerum
1268 2002 1507 2047 concentu
1531 1998 1833 2048 delectemur
1855 1999 1917 2047 iis
1941 1999 2081 2063 ipsis,

417 2083 466 2129 in
499 2079 676 2144 quibus
710 2083 852 2126 antea
886 2076 1275 2138 offendebamur,
1320 2080 1474 2140 utque
1506 2082 1643 2126 metu
1675 2093 1732 2125 ac
1765 2077 2081 2126 miseratione

418 2158 614 2218 affecti,
647 2163 809 2206 tamen
844 2157 1171 2221 percipiamus
1205 2155 1522 2220 voluptatem.
1588 2156 1783 2206 Etenim
1817 2156 1902 2204 illa
1930 2158 2079 2205 mise-

417 2238 573 2296 ratio,
610 2253 706 2300 qua
740 2235 1014 2284 communia
1048 2234 1203 2294 mala,
1248 2235 1281 2286 i.
1320 2251 1363 2286 e.
1401 2252 1527 2299 quae
1560 2235 1856 2300 cogitatione
1887 2237 2081 2300 fingun-

419 2324 514 2376 tur,
549 2316 795 2375 afficiunt,
831 2315 975 2377 longe
1009 2313 1260 2377 discrepat
1294 2331 1322 2362 a
1354 2316 1586 2364 societate
1620 2316 1819 2376 doloriS,
1851 2317 1902 2365 in
1930 2331 2079 2380 quam

417 2412 530 2445 vera
563 2396 766 2443 aliorum
799 2393 925 2441 mala
957 2394 1199 2442 intuentes
1234 2393 1419 2457 pietate
1451 2395 1756 2445 adducimur.
1822 2394 1993 2459 ltaque
2014 2410 2079 2443 ne

417 2491 515 2524 uno
549 2475 746 2538 quidem
779 2473 974 2521 nomine
1000 2477 1206 2536 utraque
1229 2473 1463 2537 appellari
1482 2475 1671 2534 debuit,
1704 2480 1753 2524 et
1773 2474 2079 2538 distinguunt

417 2558 689 2613 nostrates,
742 2552 947 2604 alteram
998 2550 1336 2616 Riihrung,
1385 2554 1586 2602 alteram
1632 2553 1898 2602 Mitleid
1942 2556 2078 2601 recte

417 2623 736 2682 nominantes.
817 2630 989 2693 Neque
1049 2631 1335 2695 simpliciter
1377 2633 1738 2682 miserationem
1780 2632 2077 2682 Aristoteles

414 2713 556 2761 illum
590 2711 738 2759 animi
770 2709 1001 2758 affectum
1035 2710 1317 2773 appellavit,
1354 2711 1467 2772 quin
1498 2717 1683 2760 metum
1717 2713 1960 2774 quendam
1991 2710 2078 2760 ad·-

415 2793 638 2841 iunctum
690 2805 803 2839 esse
847 2789 1044 2839 diceret.
1113 2788 1378 2837 Metuimus
1425 2795 1589 2839 autem
1639 2806 1737 2839 non
1780 2791 2075 2856 praesentia,

416 2870 506 2920 sed
539 2870 733 2918 futura:
768 2885 887 2934 ergo
919 2884 1016 2917 non
1049 2883 1173 2931 quae
1208 2869 1429 2917 sensibus
1455 2870 1648 2918 obiecta
1672 2874 1801 2928 sunt,
1837 2871 1927 2919 sed
1950 2885 2075 2933 quae

415 2949 671 3015 opinamur
702 2948 779 2997 vel
813 2948 1041 3013 fingimus
1075 2947 1384 3012 cogitatione.
1453 2948 1741 3012 Imaginaria
1785 2950 1915 2998 enim
1948 2948 2074 2997 mala

411 3029 464 3078 in
497 3044 645 3077 scena
676 3028 922 3077 intuentes
957 3041 1110 3090 eaque
1143 3032 1344 3074 naturae
1375 3028 1618 3076 humanae
1649 3027 1924 3078 communia
1960 3043 2074 3077 esse

412 3108 761 3173 intelligenteS‚
797 3123 885 3156 nos
919 3123 1010 3172 pro
1046 3122 1100 3154 se
1135 3106 1338 3170 quisque
1370 3107 1419 3155 in
1452 3107 1614 3156 locum
1649 3109 1771 3168 eiust,
1807 3121 1951 3170 quem
1983 3123 2073 3171 pa-

411 3188 616 3236 tientem
650 3193 958 3252 spectamuS‚
1005 3186 1375 3246 substituimuS‚
1419 3186 1549 3235 ultro
1582 3187 1835 3251 fingentes
1855 3201 1981 3251 quae
2010 3186 2073 3234 ad

411 3266 531 3316 ficta
561 3271 815 3330 poetarum
849 3265 1192 3330 respondeant.
1262 3264 1346 3314 Sic
1384 3273 1520 3315 recte
1553 3266 1835 3328 Lessiugius
1868 3269 2072 3325 metum,

410 3361 557 3409 quem
588 3345 708 3395 dicit
739 3345 1052 3405 Aristoteles,
1085 3360 1181 3394 non
1207 3343 1267 3393 ad
1290 3344 1434 3405 mala,
1470 3361 1593 3410 quae
1617 3345 1820 3394 scenicis
1844 3345 2070 3410 personis

408 3423 752 3490 impendeant,
786 3425 991 3486 referri,
1025 3425 1115 3475 sed
1148 3424 1210 3472 ad
1244 3440 1329 3488 ea,
1364 3440 1488 3489 quae
1521 3425 1613 3476 sibi
1646 3425 1850 3489 quisque
1878 3425 2068 3489 impen-
