2202 3892
1139 275 1260 334 252

370 439 415 475 v.
448 424 544 473 306
569 434 707 484 seqq.
733 424 1096 482 commemorat,
1131 421 1255 469 falsa
1289 436 1400 470 esse
1432 426 1619 474 testans
1653 443 1778 491 quae
1811 426 1876 478 de
1907 442 2024 478 con-

369 504 500 553 victo
532 499 722 564 Ulyssis
755 498 923 548 furore
955 500 1282 553 traderentur.
1350 502 1488 550 Haec
1521 511 1684 554 autem
1703 509 1861 556 omnia
1891 509 2025 557 eius-

369 581 501 632 modi
534 584 674 637 sunt,
722 586 775 627 ut
806 580 887 627 vix
921 580 980 627 ab
1015 581 1110 628 alio
1144 587 1338 646 praeter
1371 582 1656 646 Euripidem
1698 586 1900 636 inveniri
1934 603 2023 653 po-

367 662 524 711 tuisse
555 658 822 708 videantur.
889 658 1205 725 Anaxagorae
1242 662 1368 709 enim
1404 668 1454 709 et
1488 661 1706 725 Periclis,
1740 682 1860 728 quos
1892 668 2024 716 viros

304 751 316 766 ⁰
367 741 452 790 ille
484 740 853 800 admirabatur‚·
884 740 1064 804 ingenii
1112 746 1258 805 atque
1304 741 1588 790 eruditionis
1623 759 1741 807 prae
1772 760 1828 793 se
1861 745 2026 794 ferunt

364 820 704 870 imitationem.
773 819 994 867 Pericles
1029 821 1155 868 enim
1192 822 1450 882 quondam,
1487 837 1635 884 quum
1670 839 1817 872 naves
1838 824 2027 873 solvere

365 900 543 960 venet,
606 905 775 948 contra
816 900 987 947 hostes
1032 900 1373 962 profectuum,
1436 902 1722 951 timentibus
1770 903 2026 964 militibus,

366 979 495 1044 quod
543 979 617 1027 sol
665 987 869 1043 repente
903 995 1077 1028 sereno
1124 981 1261 1028 coelo
1298 983 1667 1042 obscuraretur,
1715 999 1887 1031 caussa
1921 983 2026 1031 eius

365 1060 592 1109 defectus
626 1065 677 1108 et
710 1060 896 1108 ratione
930 1060 1196 1124 explicata,
1234 1062 1419 1109 animos
1454 1062 1659 1111 militum
1696 1063 2025 1121 confirmavit3

365 1139 432 1190 cf.
466 1139 717 1189 Plutarch.
753 1139 835 1188 vit.
871 1138 984 1190 Per.
1022 1156 1064 1191 c.
1102 1143 1181 1191 35.
1218 1157 1265 1204 p.
1303 1144 1410 1191 171.

495 1219 668 1284 Cogita
702 1219 848 1282 igitur
893 1218 1234 1279 Palamedem,
1281 1237 1430 1283 quum
1468 1221 1517 1270 in
1550 1237 1609 1270 eo
1645 1228 1807 1282 esset,
1842 1225 1898 1272 ut
1931 1221 2026 1271 ad-

364 1315 536 1349 versus
582 1298 755 1347 hostes
804 1298 1008 1346 duceret
1043 1300 1247 1362 milites,
1296 1302 1636 1365 superstitioso
1681 1318 1850 1350 eorum
1885 1305 2026 1350 metu

362 1379 620 1428 inhibitum
667 1393 794 1430 esse.
874 1377 1146 1441 Finguntur
1192 1381 1319 1428 enim
1364 1382 1488 1429 haec
1536 1397 1595 1429 eo
1643 1387 1867 1446 tempore
1900 1380 2023 1446 geri,

363 1475 460 1524 quo
494 1459 706 1508 nondum
742 1456 787 1504 T
790 1458 937 1506 roiam
974 1459 1129 1523 ipsam
1153 1460 1340 1520 Achivi,
1375 1462 1463 1509 sed
1487 1461 1592 1508 loca
1616 1461 2022 1521 circumiacentia,

362 1540 491 1588 duce
527 1537 718 1587 Achille
751 1553 808 1585 ac
842 1537 1136 1597 Palamede,
1174 1542 1517 1604 oppugnarint:
1568 1541 1630 1588 de
1665 1557 1871 1603 quorum
1905 1554 2023 1588 con-

360 1619 606 1668 iunctione
653 1619 774 1666 haec
831 1618 1029 1681 scripsit
1074 1618 1429 1668 Philostratus:
1483 1621 1740 1682 „Achilles
1784 1621 2021 1668 adversus

359 1698 543 1747 insulas
577 1698 945 1759 maritimasque
979 1698 1196 1746 civitates
1234 1700 1416 1748 ducens
1451 1717 1479 1749 a
1513 1700 1717 1749 Graecis
1749 1701 1919 1764 petiit,
1966 1704 2022 1747 ut

361 1794 474 1827 cum
537 1777 796 1825 Palamede
854 1777 1035 1826 bellum
1094 1778 1471 1831 administraret.
1561 1780 1812 1843 Pugnabat
1858 1785 2022 1828 autem

360 1857 648 1907 Palamedes
685 1856 881 1920 quidem
919 1863 1118 1906 strenue
1153 1865 1199 1906 et
1235 1861 1570 1919 considerate,
1607 1859 1825 1910 Achilles
1859 1863 2024 1908 autem

359 1937 490 1986 haud
526 1938 855 1996 continenter,
890 1939 960 1985 ira
995 1954 1107 1985 eum
1142 1939 1399 1988 auferente
1434 1946 1485 1988 et
1520 1947 1659 1990 extra
1692 1939 1913 1988 ordinem
1945 1953 2023 1986 ra·

359 2018 552 2082 piente:
599 2017 914 2079 quamobrem
961 2016 1222 2066 Palamede
1266 2019 1510 2083 gaudebat
1555 2037 1650 2068 una
1683 2023 1930 2084 pugnante
1975 2022 2025 2066 et

360 2099 420 2147 ab
455 2098 641 2161 impetu
676 2098 834 2160 ipsum
870 2101 1101 2144 avocante
1136 2104 1200 2159 et,
1236 2114 1331 2161 quo
1366 2101 1677 2162 pugnandum
1708 2104 1842 2148 esset
1864 2104 2023 2164 pacto,

359 2185 604 2225 monente.
684 2176 879 2224 Etenim
930 2178 1165 2240 magistro
1215 2178 1389 2225 similis
1436 2186 1539 2228 erat
1572 2181 1784 2240 leonum,
1819 2192 2023 2242 genero-

359 2272 469 2306 sum
505 2255 696 2305 leonem
731 2272 859 2305 nunc
894 2256 1109 2319 placanti
1144 2271 1272 2304 nunc
1306 2259 1564 2318 excitanti3
1612 2275 1772 2321 neque
1803 2259 1900 2306 hoc
1934 2259 2022 2306 de-

360 2336 543 2386 clinans
577 2336 803 2393 faciebat,
842 2336 928 2384 sed
966 2340 1015 2383 et
1052 2335 1278 2383 emittens
1301 2337 1400 2385 tela
1430 2344 1479 2385 et
1505 2337 1688 2385 evitans
1714 2342 1764 2385 et
1793 2337 2021 2401 clypeum

360 2417 624 2465 admovens
661 2423 711 2464 et
751 2415 904 2463 aciem
941 2416 1220 2479 insequens.
1300 2415 1470 2480 Itaque
1517 2433 1663 2480 quum
1709 2416 1836 2464 alter
1867 2416 2021 2464 altero

359 2496 496 2544 socio
541 2496 812 2559 gaudentes
856 2495 1071 2560 profecti
1115 2503 1302 2557 essent,
1350 2496 1667 2560 capiebantur
1712 2497 1929 2544 civitates
1971 2501 2024 2544 et

359 2577 555 2640 egregia
589 2576 865 2623 Palamedis
899 2575 1031 2623 facta
1065 2578 1434 2634 nuntiabantur,
1467 2576 1758 2624 isthmorum
1797 2575 2022 2624 effossio-

358 2671 466 2717 nes,
499 2656 692 2703 flumina
727 2657 775 2703 in
811 2658 956 2704 urbes
991 2671 1221 2703 conversa
1257 2673 1313 2704 ac
1348 2656 1586 2714 derivata,
1619 2662 1848 2720 portuum
1882 2661 2022 2720 septa.

359 2752 418 2784 ac
464 2733 880 2800 propugnacula.”
949 2736 1088 2784 Haec
1136 2752 1164 2782 a
1197 2735 1460 2783 Palamede
1495 2736 1626 2798 ipso,
1676 2751 1821 2797 quum
1857 2751 2022 2799 popu-

356 2815 460 2864 lum
494 2815 543 2863 in
577 2816 862 2864 concionem
898 2823 1212 2865 convocatum
1249 2822 1588 2879 exspectaret,
1636 2815 1828 2863 theatro
1862 2830 2021 2877 expo-

358 2895 449 2943 sita
503 2910 616 2943 esse
672 2896 916 2956 arbitror;
978 2896 1153 2944 deinde
1212 2904 1455 2943 catervam
1513 2895 1750 2958 quandam
1811 2895 2019 2942 militum

357 2991 449 3040 pro
485 2975 637 3023 choro
673 2976 896 3036 prodisse
944 2992 999 3024 ac
1034 2976 1097 3023 de
1130 2991 1292 3022 rerum
1329 2981 1459 3022 statu
1496 2975 1655 3037 deque
1690 2973 2018 3037 expeditione,

358 3070 484 3119 quae
518 3062 790 3119 pararetur,
826 3056 1043 3103 canendo
1079 3055 1393 3119 exposuisse3
1445 3061 1548 3102 tum
1583 3052 1913 3117 congregratis
1950 3052 2017 3100 ci·

357 3136 496 3184 vibus
531 3139 639 3181 acta
675 3150 786 3182 esse
822 3135 950 3183 inter
973 3134 1286 3182 Palamedem
1315 3142 1461 3197 atque
1495 3134 1724 3197 Ulyssem
1760 3131 1865 3190 illa,
1894 3146 2019 3193 quae

358 3228 505 3278 supra
539 3215 987 3277 transscripsimus3
1039 3215 1237 3262 dimissa
1280 3215 1513 3263 concione
1559 3211 1868 3260 Palamedem
1904 3227 2018 3259 cum

359 3294 462 3343 suis
498 3294 546 3341 iu
581 3294 945 3358 expeditionem
980 3293 1282 3359 profectum,
1318 3294 1518 3341 chorum
1555 3291 1666 3339 illos
1701 3306 1811 3338 cum
1843 3289 2042 3362 faustis*

360 3374 599 3424 ominibus
631 3380 950 3439 prosecutum
986 3389 1116 3432 esse,
1151 3373 1320 3422 laudes
1344 3371 1618 3421 Palamedis
1642 3369 1854 3419 carmine
1877 3384 2017 3434 prae·
2074 3373 2082 3379 ⁷
