2124 3860
1152 277 1276 334 324

380 429 474 478 sint
518 429 711 490 partes,
768 438 972 487 quarum
1016 422 1169 471 altera
1203 422 1331 470 mala
1379 436 1576 483 eorum,
1622 424 1705 488 qui
1739 424 1874 473 domi
1906 439 2042 473 man-

381 514 549 556 serunt
595 511 759 554 tutore
816 505 1015 567 privati,
1069 503 1222 551 altera
1267 502 1455 550 reditus
1500 503 1646 552 huius
1690 510 1743 554 et
1785 504 2046 553 vindicatio

380 587 594 635 omnium
632 585 921 642 ostenditur,
957 583 1241 647 tragoediae
1277 583 1412 646 prior
1447 582 1530 630 illa
1556 599 1670 647 pars
1704 584 1906 632 minime
1936 584 2045 646 qui-

379 666 490 713 dem
524 665 810 726 omittenda,
847 663 951 723 sed,
988 680 1134 727 quum
1170 664 1232 710 sit
1262 662 1439 709 finibus
1464 663 1604 710 unius
1629 663 1742 722 diei,
1777 662 2046 728 imaginarii

379 746 505 793 illius
532 746 747 807 quidem,
785 745 873 792 sed
897 751 1058 791 tamen
1087 760 1181 792 non
1203 743 1395 803 infiniti,
1432 743 1682 804 adstricta,
1715 743 1918 806 prologo
1942 746 2048 790 tota

378 825 671 873 absolvenda
708 830 810 883 est,
855 839 949 886 quo
985 822 1122 871 finito
1159 825 1321 870 statim
1357 823 1416 870 ad
1456 827 1684 871 eventum
1718 822 2048 871 festinandum

379 911 431 952 et
473 905 519 951 in
566 906 777 952 medium
825 918 992 950 rerum
1039 904 1307 951 discrimen
1351 902 1597 950 theatrum
1632 902 1920 966 rapiendum
1957 907 2048 950 est.

343 983 532 1031 *Cuius
562 984 632 1030 rei
660 982 953 1030 efficiendae
990 998 1159 1029 caussa
1191 981 1455 1045 Euripides
1488 983 1535 1030 in
1571 983 1818 1047 iphigenia
1849 981 2050 1044 quidem

377 1061 587 1109 Taurica
622 1063 907 1119 scribenda,
955 1062 1093 1110 cuius
1129 1070 1471 1126 argumentum
1516 1063 1632 1110 huic
1668 1061 1860 1110 t'abulae
1894 1060 2050 1108 omni-

376 1143 468 1191 bus
501 1158 532 1188 a
569 1142 788 1205 partibus
826 1141 1128 1188 simillimum
1166 1149 1258 1196 est,
1297 1157 1406 1188 cum
1442 1143 1597 1189 nuntii
1631 1143 1770 1205 copia
1803 1141 1933 1189 nulla
1969 1155 2050 1188 es-

379 1226 472 1278 set,
506 1221 566 1268 ad
602 1222 903 1268 somniorum
938 1220 1085 1266 fidem
1123 1219 1370 1281 confugit3
1416 1221 1463 1268 in
1500 1221 1592 1268 hac
1628 1229 1790 1269 autem
1828 1218 2051 1285 pruden-

348 1288 567 1348 ‘tissime
603 1300 806 1347 consilio
842 1298 1092 1347 Teucrum
1127 1299 1401 1347 introduxit
1435 1315 1463 1346 a
1498 1307 1667 1363 patre,
1705 1316 1814 1348 cum
1851 1300 2050 1347 domum

376 1379 620 1439 redisset,
671 1379 831 1443 patria
866 1379 1091 1440 pulsum,
1146 1378 1284 1426 cuius
1330 1379 1440 1444 ipso
1479 1379 1718 1443 adspectu
1750 1380 2048 1443 reliquorum

376 1461 608 1518 heroum,
656 1460 933 1522 quicunque
977 1459 1175 1506 incertis
1222 1459 1478 1507 itineribus
1521 1475 1611 1523 per
1656 1466 1860 1522 pontum
1911 1474 2048 1506 erra-

377 1546 503 1600 rent,
539 1538 931 1588 admoneremur.
1003 1537 1161 1585 Simul
1195 1538 1273 1599 iis,
1311 1555 1434 1602 quae
1468 1540 1547 1587 hic
1582 1555 1690 1586 cum
1717 1538 1910 1586 Helena
1933 1537 2048 1598 agit,

377 1619 441 1666 de
489 1618 673 1682 duplici
719 1617 909 1665 Helena
955 1619 1194 1665 certiores
1245 1618 1371 1667 fiunt
1419 1624 1724 1683 spectatores
1758 1623 1810 1665 et
1842 1633 2049 1681 praepa·

375 1703 543 1746 rantur
578 1697 724 1744 animi
755 1699 814 1744 ad
852 1697 1184 1761 exspectanda
1222 1715 1296 1759 ea,
1331 1713 1456 1762 quae
1490 1714 1630 1758 mox,
1679 1697 1906 1745 Menelao
1943 1696 2047 1744 He-

375 1777 534 1825 lenam
583 1777 932 1835 conveniente,
982 1784 1214 1825 eventura
1263 1782 1392 1826 sunt.
1463 1776 1729 1840 Cognoscit
1776 1783 1941 1824 autem
1987 1790 2050 1823 ex

377 1855 558 1904 Teucri
580 1873 808 1904 sermone
836 1857 1027 1905 Helena
1053 1865 1249 1920 praeter
1272 1857 1544 1906 communia
1566 1858 1649 1904 illa
1667 1857 1790 1904 haec
1809 1856 1868 1903 ad
1887 1856 2048 1920 ipsam

374 1936 694 1999 pertinentia:
730 1937 1074 1985 detestabilem
1097 1937 1306 1985 Graecis
1343 1938 1565 1986 omnibus
1594 1936 1856 1994 Helenam,
1890 1935 2050 1983 malo-

375 2031 486 2063 rum
523 2030 777 2075 caussam,
826 2016 1011 2075 videri,
1049 2023 1099 2064 et
1133 2022 1337 2065 matrem
1373 2018 1499 2065 illius
1536 2019 1710 2080 ipsam,
1746 2015 1874 2079 quod
1912 2018 2048 2063 esset

374 2093 635 2156 impatiens
671 2094 872 2157 pudoris
908 2101 1056 2158 atque
1080 2096 1306 2158 invidiae,
1342 2098 1608 2161 suspendio
1642 2098 1787 2144 vitam
1816 2095 2048 2154 finivisse,

374 2172 555 2235 fratres
599 2178 762 2219 autem
808 2172 1070 2221 Dioscuros
1121 2176 1389 2234 occidisse,
1425 2178 1488 2223 de
1522 2191 1694 2224 sorore
1742 2175 2047 2234 dimicantes,

376 2255 427 2300 et
472 2251 602 2298 inter
643 2256 774 2299 astra
809 2252 1076 2299 collocatos
1123 2261 1536 2316 consecratosque
1571 2270 1712 2311 esse3
1760 2253 2045 2300 Menelaum

374 2330 587 2392 denique
620 2346 775 2378 uxore
811 2330 998 2394 capillis
1029 2330 1089 2378 ad
1126 2346 1296 2378 navem
1333 2337 1507 2391 tracta,
1544 2331 1729 2380 cumin
1751 2331 1903 2379 altum
1930 2347 2044 2394 pro-

373 2409 537 2460 fectus
589 2413 748 2468 esset,
797 2409 958 2456 classe
1004 2411 1161 2458 ventis
1211 2411 1443 2471 disiecta,
1497 2427 1734 2474 nusquam
1781 2411 2046 2474 postmodo

375 2495 696 2553 conspectum
745 2504 857 2536 esse
894 2504 952 2536 ac
987 2504 1074 2553 pro
1111 2488 1344 2537 defuncto
1379 2490 1569 2540 haberi.
1640 2491 1911 2553 Sept-imum
1948 2490 2045 2538 hoc

375 2568 444 2616 ait
477 2583 653 2616 anuum
689 2583 817 2628 esse,
853 2583 915 2616 ex
949 2585 1045 2632 quo
1080 2567 1228 2616 Troia
1264 2577 1536 2633 expugnata
1572 2570 1661 2616 sit:
1705 2577 1877 2618 octavo
1909 2570 2044 2619 enim

374 2662 499 2695 anno
547 2647 825 2696 Menelaum
871 2663 982 2697 cum
1028 2647 1219 2696 Helena
1265 2664 1326 2695 ex
1363 2651 1585 2711 Aegypto
1631 2650 1821 2698 redisse
1857 2649 2044 2698 Home-

372 2742 472 2786 rus,
509 2742 651 2788 quem
688 2728 912 2789 sequitur
946 2732 1130 2784 noster,
1165 2731 1394 2776 testatur.
1463 2728 1741 2778 Transtulit
1776 2735 1947 2777 autem
1980 2728 2044 2777 ad

373 2803 624 2853 Teucrum
670 2815 842 2855 noster
887 2816 1077 2872 partem
1125 2823 1319 2869 eorum,
1371 2824 1495 2870 quae
1542 2809 1604 2855 de
1637 2808 1868 2856 Menelao
1902 2807 2044 2855 fiuxit

372 2883 622 2933 Homerus
665 2885 758 2946 (cf.
795 2885 889 2936 011.
925 2886 1019 2947 IV,
1068 2889 1164 2934 360
1197 2888 1388 2949 seqq.);
1449 2888 1595 2936 simul
1640 2889 1874 2936 Idotheae
1937 2887 2041 2934 sive

371 2960 639 3012 Theonoae
673 2981 782 3014 eam
817 2966 986 3014 tribuit
1019 2966 1265 3014 divinandi
1302 2968 1426 3025 vim,
1477 2985 1570 3031 qua
1601 2968 1732 3032 apud
1767 2967 2040 3014 Homerum

369 3040 630 3103 Proteum,
693 3044 822 3092 illius
868 3054 1085 3108 patrem,
1135 3045 1334 3109 -pollere
1383 3047 1621 3094 videmus.
1702 3045 1845 3092 Fecit
1891 3043 2041 3106 igitur

370 3119 643 3183 Teucrum,
697 3123 760 3171 de
802 3125 979 3172 itinere
1008 3125 1278 3186 incertum,
1315 3126 1572 3174 consilium
1610 3141 1669 3174 ex
1702 3123 1910 3172 oraculis
1943 3123 2039 3171 vir-

368 3200 494 3263 ginis
529 3201 715 3249 divinae
751 3209 1019 3266 petentem,
1055 3203 1141 3251 sed
1178 3204 1498 3254 desistentem
1539 3211 1728 3259 conatu,
1767 3203 1851 3250 ubi
1883 3203 2050 3251 intera

368 3278 452 3327 fici
486 3296 513 3328 a
546 3280 916 3345 Theoclymeno
952 3282 1187 3344 GraecOS,
1223 3285 1499 3347 quicunque
1534 3282 1829 3348 deprehensi
1852 3286 2036 3341 essent,

368 3373 429 3407 ex
460 3359 650 3409 Helena
685 3360 891 3420 audivit3
925 3362 1022 3409 hoc
1054 3366 1219 3410 autem
1255 3368 1481 3428 tempore
1515 3378 1603 3410 rex
1636 3363 1811 3409 abesse
1834 3376 1892 3408 ac
1915 3361 2035 3408 dare

367 3451 567 3501 operam
617 3439 862 3489 venationi
902 3441 1119 3507 fingitur.
1203 3442 1388 3504 Quibus
1442 3441 1648 3507 cognitis
1696 3439 1894 3490 Teucer
1937 3455 2034 3490 non
2102 3505 2111 3514 K
