2202 3892
323 599 414 660 καὶ
450 607 650 675 χρόνου
684 607 941 676 πρόβαινε
974 605 1114 658 πόδα
1128 601 1197 670 *).

914 776 1025 831 στρ.
1060 759 1126 830 β’.

320 930 477 995 τιμᾶν
510 927 558 979 δ’
595 925 946 991 ἄντιτέτασθε,
981 926 1193 994 πλούτῳ
1229 924 1276 977 δ’

320 1006 514 1074 ἀρετὰν
550 1011 977 1076 κατεργάσασθαι

321 1088 532 1153 δοκεῖτ’,
568 1089 626 1141 ἐν
661 1087 873 1152 ἐσθλοῖς
908 1086 966 1143 δὲ
998 1085 1298 1155 καθήσεσθε

267 1195 269 1197 ·
322 1170 654 1237 ἅνολβοι**).

188 1253 390 1303 Interim
429 1254 570 1302 liberi
603 1253 784 1302 Priami
821 1251 1185 1318 conspiratione
1218 1248 1354 1299 facta
1388 1251 1635 1301 aemulum
1673 1254 1736 1303 de
1771 1271 1875 1304 me-

189 1334 274 1384 dio
345 1333 524 1382 tollere
593 1332 935 1382 decreverunt.
1032 1331 1217 1381 lterum
1266 1330 1415 1395 igitur
1467 1333 1644 1398 capitis
1704 1351 1877 1384 caussa

187 1412 468 1463 Alexandro
506 1411 713 1460 dicenda
749 1418 852 1460 est:

269 1557 279 1566 ·
313 1494 420 1543 νῦν
455 1483 556 1541 οὖν
591 1487 737 1542 ἕκατι
772 1488 1022 1557 ῥημάτων
1055 1486 1277 1541 κτενεῖτὲ
1313 1507 1377 1555 με
1390 1486 1524 1555 ***),·

320 1651 484 1717 οἴμοι,
518 1654 797 1717 θανοῦμαι
831 1649 920 1703 διὰ
952 1650 1012 1701 τὸ
1047 1651 1309 1719 χρήσιμον
1344 1651 1577 1717 φρενῶν,

320 1729 349 1784 ὃ
384 1736 555 1784 τοῖσιν
589 1735 767 1792 ἄλλοις
802 1725 1035 1798 γίγνεται
1069 1731 1321 1798 σωτηρία.

187 1815 258 1864 lbi
293 1815 460 1864 evenit
494 1815 644 1871 illud,
693 1814 823 1877 quod
872 1814 949 1861 his
984 1814 1148 1862 verbis
1184 1814 1359 1863 retulit
1403 1811 1657 1876 Hyginus:
1711 1811 1878 1873 „Indi-

186 1909 340 1959 gnans
377 1894 666 1958 Deiphobus
701 1893 926 1958 gladium
957 1893 1017 1940 ad
1054 1910 1167 1942 eum
1203 1894 1419 1956 strinxit,
1456 1883 1517 1941 at¹
1540 1892 1625 1940 ille
1659 1891 1709 1940 in
1743 1908 1876 1941 aram

187 1974 314 2023 lovis
356 1974 541 2022 Hercei
588 1974 790 2022 insiluit.
859 1973 1003 2035 Quod
1054 1990 1164 2022 cum
1202 1973 1480 2022 Cassandra
1527 1973 1879 2022 vaticinaretur

187 2070 300 2103 eum
334 2053 539 2101 fratrem
575 2069 704 2122 cesse,
741 2053 968 2103 Priamus
1005 2070 1116 2101 eum
1149 2055 1350 2119 agnovit
1375 2054 1609 2117 regiaque
1635 2050 1878 2117 recepit.’'

184 2135 413 2185 Animum
466 2128 740 2182 sacerdotis
787 2135 835 2181 in
882 2150 937 2181 se
988 2135 1202 2182 advertit
1237 2134 1379 2183 Paris
1415 2135 1462 2182 in
1498 2149 1632 2181 aram
1671 2133 1751 2180 dei
1787 2133 1879 2181 do-

184 2213 383 2266 mestici
431 2212 684 2272 insiliens3
745 2214 913 2277 itaque
947 2213 1080 2261 illam
1144 2215 1204 2262 ad
1255 2214 1552 2262 servandum
1601 2212 1879 2277 supplicem

184 2294 412 2342 divinitus
459 2293 721 2358 impulsam
774 2309 888 2342 esse
924 2294 1196 2357 putandum
1231 2300 1323 2343 est.
1393 2294 1532 2342 Haec
1568 2293 1699 2340 actio
1733 2292 1880 2357 plena

184 2375 467 2435 turbarum,
504 2373 840 2422 minitantibus
879 2374 1059 2422 Priami
1095 2374 1239 2435 filiis,
1277 2375 1483 2424 timente
1518 2373 1714 2432 Paride,
1751 2372 1879 2421 indi-

183 2454 447 2519 gnantibus
484 2454 795 2517 pastoribus,
847 2470 1091 2519 suspenso
1128 2455 1313 2515 choro,
1350 2456 1695 2518 interponente
1732 2468 1786 2501 se
1821 2469 1880 2501 ac

184 2541 390 2598 repente
418 2533 646 2581 omnibus
674 2534 1050 2583 admirationem
1077 2535 1345 2583 incutiente
1376 2533 1670 2593 Cassandra
1706 2532 1879 2582 multis

185 2613 496 2677 antiquorum
533 2613 772 2700 opificum
806 2615 1042 2679 operibus
1079 2631 1314 2679 expressa
1345 2614 1455 2676 fuit,
1494 2629 1703 2678 quorum
1726 2628 1879 2675 quae-

185 2694 300 2743 dam
335 2692 634 2741 imitationes
671 2671 857 2758 offulis
893 2695 1218 2743 Etruscorum
1268 2694 1547 2758 insculptae
1594 2695 1879 2742 etiamnunc

185 2778 467 2833 servantur3
513 2772 579 2820 cf.
615 2773 808 2823 Welck.
844 2791 894 2839 p.
931 2777 1031 2824 472
1086 2791 1225 2839 seqq.
1309 2773 1544 2823 Ceterum
1594 2789 1711 2823 cave
1762 2773 1879 2822 toti-

324 3003 492 3031 novum
522 2988 857 3046 inauditumque
887 2996 953 3036 est
980 3008 1124 3048 neque
1153 2994 1247 3036 ullo
1277 2995 1483 3035 veterum
1513 2991 1785 3046 scriptorum
1809 2993 1879 3033 te-

324 3058 532 3102 stimonio
562 3060 783 3103 fulcitum.

239 3130 290 3184 *)
318 3129 504 3186 Fragm.
528 3129 598 3171 21.
630 3131 854 3186 Tempore
871 3133 1173 3177 Alexandrum
1195 3136 1446 3187 spectatum
1470 3131 1525 3174 iri
1548 3133 1711 3187 chorus
1742 3144 1877 3189 prae-

325 3199 448 3242 dicit.

210 3269 292 3324 **)
322 3271 509 3327 Fragm.
548 3271 634 3313 inc.
677 3274 797 3328 trag.
831 3272 927 3315 117.
997 3273 1143 3330 Vulgo
1184 3269 1462 3318 α’ντέτασθε.
1532 3269 1882 3318 Ἀντιτείνεσθαί

321 3356 446 3391 τινος
476 3342 595 3384 idem
626 3346 692 3383 est
725 3343 840 3396 quod
871 3340 1118 3402 ὀρέγεσθαί
1147 3357 1290 3393 τινοςῃ

182 3410 289 3465 *ῆι-κ)
317 3411 502 3469 Fragm.
532 3412 618 3456 inc.
650 3411 749 3454 181.

247 3481 311 3533 Τ.
345 3482 405 3532 ll.
1483 3487 1554 3541 16,
