2124 3860
1077 280 1197 336 332

316 433 507 478 raturus
555 427 692 475 adiit.
769 424 959 474 Helena
1005 431 1196 486 autem,
1245 440 1393 488 quum
1439 429 1539 474 tam
1573 426 1718 493 longo
1753 432 1981 494 tempore

312 508 548 556 intactum
584 506 786 555 servarit
819 511 979 555 torum
1016 522 1126 554 cum
1161 505 1410 554 desiderio
1436 514 1724 570 exspectans
1749 509 1979 558 maritum

314 587 476 646 (cuins
522 586 596 634 rei
640 585 972 635 certissimum
1020 585 1351 634 testimonium
1405 591 1483 634 est
1518 587 1753 651 supplicis
1789 589 1977 653 sedes),

311 673 569 729 postquam
602 666 829 729 recepit,
877 666 927 714 in
976 667 1321 714 necessitatem
1357 665 1567 714 adducta
1603 673 1681 714 est
1716 665 1876 732 fugam
1913 670 1978 729 ei,

311 761 374 794 ne
409 746 508 794 vita
542 746 784 809 privetur,
831 746 1136 794 celerrimam
1173 747 1439 794 suadendi:
1488 746 1813 795 interficiendi
1848 749 1976 797 enim

310 826 442 889 regis
491 832 708 890 potestas
756 826 889 873 nulla
934 832 1035 884 est,
1082 832 1269 874 tentare
1320 832 1485 874 autem
1533 842 1660 888 quae
1708 826 1843 874 effici
1894 843 1979 875 ne-

309 911 510 968 queunt,
548 905 751 952 stultum
786 912 879 955 est.
949 905 1046 953 Sed
1084 905 1309 954 Menelao
1342 907 1497 964 mori,
1533 914 1790 968 antequam
1826 922 1980 955 uxore

310 985 482 1042 cedat,
530 992 719 1032 certum
769 993 875 1045 est,
927 992 979 1034 et
1021 986 1280 1034 audentem
1331 987 1543 1049 aliquid,
1595 1001 1737 1048 quam
1785 985 1980 1035 dantem

307 1079 482 1113 manus
515 1064 640 1112 mori
689 1065 884 1112 suavius
935 1081 1045 1113 esse
1081 1065 1316 1114 decernit.
1388 1066 1494 1114 Hac
1530 1066 1724 1129 cognita
1760 1066 1978 1128 coniugis

308 1144 558 1192 voluntate
594 1160 707 1208 spes
745 1146 980 1208 quaedam
1022 1145 1240 1193 Helenae
1274 1145 1495 1209 affulget,
1532 1146 1573 1193 si
1602 1145 1791 1210 possint
1815 1144 1981 1194 Theo-

307 1240 432 1274 noae
491 1224 823 1289 persuadere,
886 1241 949 1274 ne
1002 1225 1281 1274 Menelaum
1351 1226 1527 1274 adesse
1578 1224 1722 1273 fratri
1772 1225 1978 1289 aperiat.

308 1303 501 1366 Quodsi
537 1319 713 1369 preces
761 1304 938 1353 mulier
972 1305 1131 1353 divina
1166 1305 1469 1367 repudiarit,
1517 1305 1642 1352 mori
1676 1320 1770 1353 una
1805 1305 1980 1353 eodem

302 1383 468 1448 gladio
517 1385 660 1432 ambo
707 1384 929 1447 percussi
972 1385 1289 1432 constituunt.
1357 1383 1456 1431 Sed
1507 1384 1609 1432 acri
1643 1391 1784 1431 antea
1818 1389 1978 1432 certa-

306 1466 439 1513 mine
487 1463 857 1511 conflictaturus
906 1470 981 1513 est
1027 1464 1282 1512 Menelaus
1328 1480 1486 1526 neque
1520 1462 1748 1510 Troicum
1783 1463 1977 1512 laudem

305 1543 751 1605 dehonestaturus,
801 1551 904 1592 tum
942 1543 1140 1593 demum
1174 1544 1223 1591 in
1259 1544 1447 1591 tumulo
1486 1543 1652 1591 Protei
1688 1543 1825 1607 prins
1861 1559 1978 1591 con-

302 1622 484 1686 iugem,
519 1623 697 1671 deinde
733 1639 788 1671 se
823 1624 983 1688 ipsum
1020 1625 1291 1673 occisurus.
1343 1622 1465 1671 Nam
1493 1624 1652 1671 fortes
1683 1623 1726 1669 vi
1759 1623 1975 1672 hostium

302 1718 571 1767 oppressos
619 1702 717 1750 levi
764 1709 893 1752 terra
943 1711 1206 1768 contegunt
1241 1703 1341 1760 dii,
1393 1703 1588 1765 ignavos
1625 1703 1674 1750 in
1709 1701 1858 1751 duras
1891 1705 1976 1751 ah-

301 1783 478 1831 iiciunt
524 1790 709 1831 cautes,
793 1784 1078 1833 Admiratus
1131 1790 1208 1832 est
1260 1782 1547 1833 Wielandus
1602 1782 1729 1832 hanc
1768 1784 1978 1832 maxime

300 1869 493 1928 partem
529 1862 786 1926 colloquii:

1008 1943 1266 1993 Helena.

301 2023 369 2073 At
402 2022 510 2070 iuro
547 2027 769 2071 sanctum
804 2022 1140 2072 iusiurandum
1179 2039 1268 2087 per
1299 2027 1438 2071 tuum
1475 2027 1638 2087 caput.

957 2103 1313 2153 Menelaus.

302 2181 433 2244 Quid
467 2181 578 2230 ais?
611 2186 663 2230 te
698 2183 984 2231 morituram
1019 2199 1180 2246 neque
1206 2198 1417 2244 unquam
1442 2186 1831 2246 permutaturam
1855 2195 1972 2229 con-

1142 2262 1377 2308 nubium?

994 2339 1254 2388 Helena.

300 2422 493 2472 Eodem
530 2421 726 2487 quidem
762 2421 940 2485 gladio,
981 2425 1038 2468 ιιι
1072 2427 1160 2468 tuo
1195 2420 1443 2468 adiaceam
1478 2420 1693 2484 corpori.

955 2499 1300 2550 Menelaus.

299 2581 470 2647 Tange
504 2599 662 2632 meam
700 2582 939 2640 dextram,
974 2587 1028 2629 ut
1061 2586 1166 2628 rata
1202 2579 1301 2627 sint
1332 2581 1531 2630 haecce.

995 2660 1261 2709 Helena.

301 2741 560 2807 Contingo‚
594 2747 791 2792 mortuo
825 2747 878 2791 te
911 2757 992 2791 me
1027 2732 1463 2788 lnanc'relicturam
1502 2739 1680 2788 lucem.

971 2820 1324 2869 Menelaus·

299 2902 366 2952 Et
399 2919 491 2969 ego
527 2903 727 2952 orbatus
764 2907 813 2951 te
847 2902 1012 2951 finiam
1049 2901 1217 2950 vitam.

1002 2979 1258 3028 Helena.

300 3062 558 3125 Quomodo
593 3062 743 3126 igitur
776 3063 1059 3119 moriemur,
1095 3066 1147 3107 ut
1182 3060 1390 3107 honeste
1421 3057 1727 3106 moriamur?
1785 3123 1788 3125 Α

975 3138 1325 3189 Menelaus.

299 3222 354 3270 In
389 3222 603 3286 sepulcri
639 3222 787 3270 dorso
822 3227 871 3270 te
906 3236 1048 3268 caesa
1081 3234 1159 3266 me
1198 3218 1507 3265 interficiam;

300 3303 391 3364 „Si
428 3302 550 3350 tales
584 3300 791 3360 erunt,”
831 3302 1015 3364 inquit,
1050 3303 1136 3356 „et
1170 3314 1228 3345 ea
1263 3298 1604 3361 praestabunt,
1642 3308 1767 3357 quae
1799 3293 1963 3350 decet,

299 3389 522 3440 actores,
557 3381 600 3428 si
634 3382 984 3442 constantiam,
1018 3379 1279 3443 pietatem,
1315 3378 1545 3425 virtutem
1579 3373 1696 3421 satis
1730 3376 1964 3437 poterunt

300 3459 499 3524 imitari,
534 3466 592 3510 ut
624 3465 805 3510 tantam
826 3459 1169 3525 praestantiam
1195 3457 1406 3507 heroum
1435 3455 1751 3516 Graecorum,
1786 3454 1962 3516 quanta
