<?xml version="1.0" encoding="UTF-8"?>
<!DOCTYPE html PUBLIC "-//W3C//DTD XHTML 1.0 Transitional//EN"
    "http://www.w3.org/TR/xhtml1/DTD/xhtml1-transitional.dtd">
<html xmlns="http://www.w3.org/1999/xhtml" xml:lang="en" lang="en">
 <head>
  <title>
</title>
<meta http-equiv="Content-Type" content="text/html;charset=utf-8" />
  <meta name='ocr-system' content='tesseract 3.04.00' />
  <meta name='ocr-capabilities' content='ocr_page ocr_carea ocr_par ocr_line ocrx_word'/>
</head>
<body>
  <div class='ocr_page' id='page_1' title='image "./euripidesrestitu02hartuoft_0310.png"; bbox 0 0 2124 3860; ppageno 0'>
   <div class='ocr_carea' id='block_1_1' title="bbox 1071 235 1266 339">
    <p class='ocr_par' dir='ltr' id='par_1_1' title="bbox 1071 235 1266 339">
     <span class='ocr_line' id='line_1_1' title="bbox 1071 235 1266 339; baseline 0.01 -2"><span class='ocrx_word' id='word_1_1' title='bbox 1071 283 1194 339; x_wconf 83' lang='lat'><strong>298</strong></span> <span class='ocrx_word' id='word_1_2' title='bbox 1264 235 1266 237; x_wconf 15' lang='grc' dir='ltr'>Ι</span> 
     </span>
    </p>
   </div>
   <div class='ocr_carea' id='block_1_2' title="bbox 278 424 1948 3504">
    <p class='ocr_par' dir='ltr' id='par_1_2' title="bbox 278 424 1948 3504">
     <span class='ocr_line' id='line_1_2' title="bbox 298 424 1945 498; baseline 0.004 -22"><span class='ocrx_word' id='word_1_3' title='bbox 298 427 426 476; x_wconf 90' lang='lat' dir='ltr'><strong>enim</strong></span> <span class='ocrx_word' id='word_1_4' title='bbox 474 424 624 486; x_wconf 81' lang='lat' dir='ltr'><strong>magis</strong></span> <span class='ocrx_word' id='word_1_5' title='bbox 666 430 717 473; x_wconf 87' lang='lat' dir='ltr'><strong>et</strong></span> <span class='ocrx_word' id='word_1_6' title='bbox 760 427 941 475; x_wconf 85' lang='lat' dir='ltr'><strong>naturis</strong></span> <span class='ocrx_word' id='word_1_7' title='bbox 992 431 1054 475; x_wconf 80' lang='lat' dir='ltr'><strong>et·</strong></span> <span class='ocrx_word' id='word_1_8' title='bbox 1075 427 1330 476; x_wconf 84' lang='lat' dir='ltr'><strong>sententiis</strong></span> <span class='ocrx_word' id='word_1_9' title='bbox 1365 427 1709 496; x_wconf 84' lang='lat' dir='ltr'><strong>discrepabant</strong></span> <span class='ocrx_word' id='word_1_10' title='bbox 1741 438 1945 498; x_wconf 88' lang='lat' dir='ltr'><strong>quanto·</strong></span> 
     </span>
     <span class='ocr_line' id='line_1_3' title="bbox 296 503 1946 576; baseline 0.006 -23"><span class='ocrx_word' id='word_1_11' title='bbox 296 522 394 569; x_wconf 87' lang='lat' dir='ltr'><strong>que</strong></span> <span class='ocrx_word' id='word_1_12' title='bbox 426 503 584 551; x_wconf 85' lang='lat' dir='ltr'><strong>acrior</strong></span> <span class='ocrx_word' id='word_1_13' title='bbox 615 504 950 554; x_wconf 79' lang='lat' dir='ltr'><strong>intercedebat</strong></span> <span class='ocrx_word' id='word_1_14' title='bbox 990 506 1175 568; x_wconf 80' lang='lat' dir='ltr'><strong>gloriae</strong></span> <span class='ocrx_word' id='word_1_15' title='bbox 1207 507 1490 565; x_wconf 82' lang='lat' dir='ltr'><strong>aemulatio,</strong></span> <span class='ocrx_word' id='word_1_16' title='bbox 1524 515 1660 559; x_wconf 89' lang='lat' dir='ltr'><strong>tanto</strong></span> <span class='ocrx_word' id='word_1_17' title='bbox 1692 519 1946 576; x_wconf 82' lang='lat' dir='ltr'><strong>praestan-</strong></span> 
     </span>
     <span class='ocr_line' id='line_1_4' title="bbox 297 584 1946 654; baseline 0.004 -21"><span class='ocrx_word' id='word_1_18' title='bbox 297 585 394 634; x_wconf 82' lang='lat' dir='ltr'><strong>tior</strong></span> <span class='ocrx_word' id='word_1_19' title='bbox 443 589 644 647; x_wconf 85' lang='lat' dir='ltr'><strong>apparet</strong></span> <span class='ocrx_word' id='word_1_20' title='bbox 689 584 955 648; x_wconf 84' lang='lat' dir='ltr'><strong>sapientia,</strong></span> <span class='ocrx_word' id='word_1_21' title='bbox 1004 591 1137 634; x_wconf 89' lang='lat' dir='ltr'><strong>tanto</strong></span> <span class='ocrx_word' id='word_1_22' title='bbox 1175 586 1427 635; x_wconf 89' lang='lat' dir='ltr'><strong>sublimior</strong></span> <span class='ocrx_word' id='word_1_23' title='bbox 1460 589 1727 639; x_wconf 88' lang='lat' dir='ltr'><strong>animorum</strong></span> <span class='ocrx_word' id='word_1_24' title='bbox 1762 591 1946 654; x_wconf 82' lang='lat' dir='ltr'><strong>magni·</strong></span> 
     </span>
     <span class='ocr_line' id='line_1_5' title="bbox 297 662 1944 727; baseline 0.005 -15"><span class='ocrx_word' id='word_1_25' title='bbox 297 662 441 724; x_wconf 87' lang='lat' dir='ltr'><strong>tudo,</strong></span> <span class='ocrx_word' id='word_1_26' title='bbox 495 679 586 726; x_wconf 89' lang='lat' dir='ltr'><strong>qua</strong></span> <span class='ocrx_word' id='word_1_27' title='bbox 637 665 976 727; x_wconf 87' lang='lat' dir='ltr'><strong>concordiam,</strong></span> <span class='ocrx_word' id='word_1_28' title='bbox 1029 665 1174 712; x_wconf 84' lang='lat' dir='ltr'><strong>missa</strong></span> <span class='ocrx_word' id='word_1_29' title='bbox 1225 666 1612 726; x_wconf 76' lang='lat' dir='ltr'><strong>obtrectatione,</strong></span> <span class='ocrx_word' id='word_1_30' title='bbox 1671 669 1944 720; x_wconf 83' lang='lat' dir='ltr'><strong>iunxerunt.</strong></span> 
     </span>
     <span class='ocr_line' id='line_1_6' title="bbox 296 742 1943 810; baseline 0.003 -18"><span class='ocrx_word' id='word_1_31' title='bbox 296 742 404 792; x_wconf 90' lang='lat' dir='ltr'><strong>Non</strong></span> <span class='ocrx_word' id='word_1_32' title='bbox 435 743 591 790; x_wconf 82' lang='lat' dir='ltr'><strong>minus</strong></span> <span class='ocrx_word' id='word_1_33' title='bbox 617 759 786 806; x_wconf 75' lang='lat' dir='ltr'><strong>magna</strong></span> <span class='ocrx_word' id='word_1_34' title='bbox 804 743 1064 808; x_wconf 79' lang='lat' dir='ltr'><strong>Sophoclis</strong></span> <span class='ocrx_word' id='word_1_35' title='bbox 1088 744 1434 810; x_wconf 79' lang='lat' dir='ltr'><strong>Euripidisque</strong></span> <span class='ocrx_word' id='word_1_36' title='bbox 1461 747 1718 796; x_wconf 80' lang='lat' dir='ltr'><strong>diversitas</strong></span> <span class='ocrx_word' id='word_1_37' title='bbox 1741 749 1834 796; x_wconf 73' lang='lat' dir='ltr'><strong>fnit</strong></span> <span class='ocrx_word' id='word_1_38' title='bbox 1857 764 1943 797; x_wconf 90' lang='lat' dir='ltr'><strong>ne-</strong></span> 
     </span>
     <span class='ocr_line' id='line_1_7' title="bbox 294 822 1945 890; baseline 0.002 -20"><span class='ocrx_word' id='word_1_39' title='bbox 294 838 392 886; x_wconf 90' lang='lat' dir='ltr'><strong>que</strong></span> <span class='ocrx_word' id='word_1_40' title='bbox 422 822 577 869; x_wconf 88' lang='lat' dir='ltr'><strong>minus</strong></span> <span class='ocrx_word' id='word_1_41' title='bbox 605 822 820 869; x_wconf 79' lang='lat' dir='ltr'><strong>difficilis</strong></span> <span class='ocrx_word' id='word_1_42' title='bbox 841 825 1132 877; x_wconf 86' lang='lat' dir='ltr'><strong>conciliatio,</strong></span> <span class='ocrx_word' id='word_1_43' title='bbox 1164 831 1213 872; x_wconf 92' lang='lat' dir='ltr'><strong>et</strong></span> <span class='ocrx_word' id='word_1_44' title='bbox 1241 841 1411 872; x_wconf 88' lang='lat' dir='ltr'><strong>caussa</strong></span> <span class='ocrx_word' id='word_1_45' title='bbox 1437 842 1628 890; x_wconf 90' lang='lat' dir='ltr'><strong>quoque</strong></span> <span class='ocrx_word' id='word_1_46' title='bbox 1650 826 1945 875; x_wconf 75' lang='lat' dir='ltr'><strong>diversitatis</strong></span> 
     </span>
     <span class='ocr_line' id='line_1_8' title="bbox 292 901 1948 970; baseline 0.002 -21"><span class='ocrx_word' id='word_1_47' title='bbox 292 902 466 950; x_wconf 86' lang='lat' dir='ltr'><strong>similis</strong></span> <span class='ocrx_word' id='word_1_48' title='bbox 513 902 620 949; x_wconf 83' lang='lat' dir='ltr'><strong>fuit.</strong></span> <span class='ocrx_word' id='word_1_49' title='bbox 689 901 808 949; x_wconf 87' lang='lat' dir='ltr'><strong>Nam</strong></span> <span class='ocrx_word' id='word_1_50' title='bbox 845 902 1105 967; x_wconf 79' lang='lat' dir='ltr'><strong>Euripides</strong></span> <span class='ocrx_word' id='word_1_51' title='bbox 1155 904 1349 967; x_wconf 86' lang='lat' dir='ltr'><strong>quidem</strong></span> <span class='ocrx_word' id='word_1_52' title='bbox 1386 912 1486 953; x_wconf 86' lang='lat' dir='ltr'><strong>tum</strong></span> <span class='ocrx_word' id='word_1_53' title='bbox 1524 904 1862 970; x_wconf 66' lang='lat' dir='ltr'><strong>philosophiae</strong></span> <span class='ocrx_word' id='word_1_54' title='bbox 1895 908 1948 953; x_wconf 91' lang='lat' dir='ltr'><strong>et</strong></span> 
     </span>
     <span class='ocr_line' id='line_1_9' title="bbox 292 982 1946 1045; baseline 0.002 -18"><span class='ocrx_word' id='word_1_55' title='bbox 292 997 500 1045; x_wconf 84' lang='lat' dir='ltr'><strong>poeseos</strong></span> <span class='ocrx_word' id='word_1_56' title='bbox 536 982 891 1037; x_wconf 84' lang='lat' dir='ltr'><strong>coniunctione,</strong></span> <span class='ocrx_word' id='word_1_57' title='bbox 926 989 1026 1031; x_wconf 89' lang='lat' dir='ltr'><strong>tum</strong></span> <span class='ocrx_word' id='word_1_58' title='bbox 1052 1000 1239 1030; x_wconf 89' lang='lat' dir='ltr'><strong>morum</strong></span> <span class='ocrx_word' id='word_1_59' title='bbox 1268 985 1542 1042; x_wconf 87' lang='lat' dir='ltr'><strong>severitate,</strong></span> <span class='ocrx_word' id='word_1_60' title='bbox 1580 993 1681 1033; x_wconf 90' lang='lat' dir='ltr'><strong>tum</strong></span> <span class='ocrx_word' id='word_1_61' title='bbox 1710 984 1946 1033; x_wconf 84' lang='lat' dir='ltr'><strong>industria</strong></span> 
     </span>
     <span class='ocr_line' id='line_1_10' title="bbox 292 1060 1943 1126; baseline 0.002 -19"><span class='ocrx_word' id='word_1_62' title='bbox 292 1076 349 1107; x_wconf 89' lang='lat' dir='ltr'><strong>ac</strong></span> <span class='ocrx_word' id='word_1_63' title='bbox 383 1060 564 1117; x_wconf 87' lang='lat' dir='ltr'><strong>labore,</strong></span> <span class='ocrx_word' id='word_1_64' title='bbox 601 1075 694 1122; x_wconf 89' lang='lat' dir='ltr'><strong>qno</strong></span> <span class='ocrx_word' id='word_1_65' title='bbox 729 1077 863 1107; x_wconf 83' lang='lat' dir='ltr'><strong>snam</strong></span> <span class='ocrx_word' id='word_1_66' title='bbox 899 1062 1003 1125; x_wconf 86' lang='lat' dir='ltr'><strong>ipse</strong></span> <span class='ocrx_word' id='word_1_67' title='bbox 1039 1067 1258 1110; x_wconf 85' lang='lat' dir='ltr'><strong>naturam</strong></span> <span class='ocrx_word' id='word_1_68' title='bbox 1299 1079 1532 1126; x_wconf 86' lang='lat' dir='ltr'><strong>superare</strong></span> <span class='ocrx_word' id='word_1_69' title='bbox 1558 1063 1803 1119; x_wconf 81' lang='lat' dir='ltr'><strong>studebat,</strong></span> <span class='ocrx_word' id='word_1_70' title='bbox 1839 1070 1943 1111; x_wconf 89' lang='lat' dir='ltr'><strong>tum</strong></span> 
     </span>
     <span class='ocr_line' id='line_1_11' title="bbox 292 1140 1944 1207; baseline 0.002 -21"><span class='ocrx_word' id='word_1_71' title='bbox 292 1156 381 1198; x_wconf 76' lang='lat' dir='ltr'><strong>eo,</strong></span> <span class='ocrx_word' id='word_1_72' title='bbox 429 1141 556 1202; x_wconf 84' lang='lat' dir='ltr'><strong>qnod</strong></span> <span class='ocrx_word' id='word_1_73' title='bbox 593 1140 820 1187; x_wconf 74' lang='lat' dir='ltr'><strong>virtutem</strong></span> <span class='ocrx_word' id='word_1_74' title='bbox 858 1157 918 1188; x_wconf 84' lang='lat' dir='ltr'><strong>ex</strong></span> <span class='ocrx_word' id='word_1_75' title='bbox 953 1142 1194 1189; x_wconf 70' lang='lat' dir='ltr'><strong>voluntate</strong></span> <span class='ocrx_word' id='word_1_76' title='bbox 1245 1144 1394 1205; x_wconf 80' lang='lat' dir='ltr'><strong>magis</strong></span> <span class='ocrx_word' id='word_1_77' title='bbox 1442 1143 1694 1207; x_wconf 88' lang='lat' dir='ltr'><strong>liberoque</strong></span> <span class='ocrx_word' id='word_1_78' title='bbox 1728 1142 1944 1202; x_wconf 88' lang='lat' dir='ltr'><strong>arbitrio,</strong></span> 
     </span>
     <span class='ocr_line' id='line_1_12' title="bbox 291 1221 1943 1285; baseline 0.002 -19"><span class='ocrx_word' id='word_1_79' title='bbox 291 1235 434 1282; x_wconf 85' lang='lat' dir='ltr'><strong>quam</strong></span> <span class='ocrx_word' id='word_1_80' title='bbox 468 1234 530 1266; x_wconf 85' lang='lat' dir='ltr'><strong>ex</strong></span> <span class='ocrx_word' id='word_1_81' title='bbox 566 1226 758 1278; x_wconf 72' lang='lat' dir='ltr'><strong>natura,</strong></span> <span class='ocrx_word' id='word_1_82' title='bbox 805 1221 1019 1284; x_wconf 88' lang='lat' dir='ltr'><strong>pendere</strong></span> <span class='ocrx_word' id='word_1_83' title='bbox 1053 1222 1299 1280; x_wconf 85' lang='lat' dir='ltr'><strong>censebat,</strong></span> <span class='ocrx_word' id='word_1_84' title='bbox 1336 1221 1561 1284; x_wconf 89' lang='lat' dir='ltr'><strong>qnodque</strong></span> <span class='ocrx_word' id='word_1_85' title='bbox 1595 1222 1813 1285; x_wconf 79' lang='lat' dir='ltr'><strong>perfecta</strong></span> <span class='ocrx_word' id='word_1_86' title='bbox 1847 1223 1943 1270; x_wconf 77' lang='lat' dir='ltr'><strong>vir-</strong></span> 
     </span>
     <span class='ocr_line' id='line_1_13' title="bbox 290 1299 1942 1364; baseline 0.002 -19"><span class='ocrx_word' id='word_1_87' title='bbox 290 1299 407 1346; x_wconf 87' lang='lat' dir='ltr'><strong>tutis</strong></span> <span class='ocrx_word' id='word_1_88' title='bbox 457 1299 752 1360; x_wconf 82' lang='lat' dir='ltr'><strong>exemplaria</strong></span> <span class='ocrx_word' id='word_1_89' title='bbox 798 1315 890 1347; x_wconf 93' lang='lat' dir='ltr'><strong>non</strong></span> <span class='ocrx_word' id='word_1_90' title='bbox 924 1317 983 1348; x_wconf 87' lang='lat' dir='ltr'><strong>ex</strong></span> <span class='ocrx_word' id='word_1_91' title='bbox 1025 1303 1171 1349; x_wconf 88' lang='lat' dir='ltr'><strong>rebus</strong></span> <span class='ocrx_word' id='word_1_92' title='bbox 1207 1301 1424 1348; x_wconf 80' lang='lat' dir='ltr'><strong>externis</strong></span> <span class='ocrx_word' id='word_1_93' title='bbox 1470 1302 1645 1363; x_wconf 67' lang='lat' dir='ltr'><strong>magis,</strong></span> <span class='ocrx_word' id='word_1_94' title='bbox 1692 1317 1832 1364; x_wconf 84' lang='lat' dir='ltr'><strong>quam</strong></span> <span class='ocrx_word' id='word_1_95' title='bbox 1881 1316 1942 1349; x_wconf 82' lang='lat' dir='ltr'><strong>ex</strong></span> 
     </span>
     <span class='ocr_line' id='line_1_14' title="bbox 286 1378 1940 1442; baseline 0.003 -19"><span class='ocrx_word' id='word_1_96' title='bbox 286 1378 538 1440; x_wconf 81' lang='lat' dir='ltr'><strong>generosis</strong></span> <span class='ocrx_word' id='word_1_97' title='bbox 573 1378 843 1426; x_wconf 89' lang='lat' dir='ltr'><strong>animorum</strong></span> <span class='ocrx_word' id='word_1_98' title='bbox 877 1379 1089 1427; x_wconf 88' lang='lat' dir='ltr'><strong>consiliis</strong></span> <span class='ocrx_word' id='word_1_99' title='bbox 1122 1380 1454 1442; x_wconf 81' lang='lat' dir='ltr'><strong>provenientia</strong></span> <span class='ocrx_word' id='word_1_100' title='bbox 1487 1380 1706 1441; x_wconf 79' lang='lat' dir='ltr'><strong>effinxit,</strong></span> <span class='ocrx_word' id='word_1_101' title='bbox 1741 1380 1832 1442; x_wconf 83' lang='lat' dir='ltr'><strong>his,</strong></span> <span class='ocrx_word' id='word_1_102' title='bbox 1866 1381 1940 1429; x_wconf 88' lang='lat' dir='ltr'><strong>in-</strong></span> 
     </span>
     <span class='ocr_line' id='line_1_15' title="bbox 289 1456 1940 1522; baseline 0.002 -19"><span class='ocrx_word' id='word_1_103' title='bbox 289 1473 465 1519; x_wconf 71' lang='lat' dir='ltr'><strong>quam,</strong></span> <span class='ocrx_word' id='word_1_104' title='bbox 499 1456 706 1519; x_wconf 87' lang='lat' dir='ltr'><strong>aliisque</strong></span> <span class='ocrx_word' id='word_1_105' title='bbox 743 1459 915 1516; x_wconf 86' lang='lat' dir='ltr'><strong>rebus,</strong></span> <span class='ocrx_word' id='word_1_106' title='bbox 952 1475 1070 1521; x_wconf 86' lang='lat' dir='ltr'><strong>quas</strong></span> <span class='ocrx_word' id='word_1_107' title='bbox 1106 1475 1366 1507; x_wconf 83' lang='lat' dir='ltr'><strong>recensere</strong></span> <span class='ocrx_word' id='word_1_108' title='bbox 1401 1459 1593 1522; x_wconf 77' lang='lat' dir='ltr'><strong>longum</strong></span> <span class='ocrx_word' id='word_1_109' title='bbox 1631 1464 1733 1517; x_wconf 73' lang='lat' dir='ltr'><strong>est,</strong></span> <span class='ocrx_word' id='word_1_110' title='bbox 1767 1457 1940 1506; x_wconf 84' lang='lat' dir='ltr'><strong>simili-</strong></span> 
     </span>
     <span class='ocr_line' id='line_1_16' title="bbox 290 1535 1939 1603; baseline 0.002 -21"><span class='ocrx_word' id='word_1_111' title='bbox 290 1535 508 1582; x_wconf 89' lang='lat' dir='ltr'><strong>tudinem</strong></span> <span class='ocrx_word' id='word_1_112' title='bbox 545 1537 782 1599; x_wconf 84' lang='lat' dir='ltr'><strong>quandam</strong></span> <span class='ocrx_word' id='word_1_113' title='bbox 819 1553 935 1600; x_wconf 90' lang='lat' dir='ltr'><strong>prae</strong></span> <span class='ocrx_word' id='word_1_114' title='bbox 979 1554 1033 1585; x_wconf 86' lang='lat' dir='ltr'><strong>se</strong></span> <span class='ocrx_word' id='word_1_115' title='bbox 1079 1537 1180 1586; x_wconf 83' lang='lat' dir='ltr'><strong>fert</strong></span> <span class='ocrx_word' id='word_1_116' title='bbox 1211 1538 1451 1586; x_wconf 80' lang='lat' dir='ltr'><strong>Schilleri.</strong></span> <span class='ocrx_word' id='word_1_117' title='bbox 1519 1538 1697 1586; x_wconf 84' lang='lat' dir='ltr'><strong>Contra</strong></span> <span class='ocrx_word' id='word_1_118' title='bbox 1744 1537 1939 1603; x_wconf 85' lang='lat' dir='ltr'><strong>Sopho-</strong></span> 
     </span>
     <span class='ocr_line' id='line_1_17' title="bbox 288 1615 1936 1681; baseline 0.003 -20"><span class='ocrx_word' id='word_1_119' title='bbox 288 1615 378 1662; x_wconf 86' lang='lat' dir='ltr'><strong>clis</strong></span> <span class='ocrx_word' id='word_1_120' title='bbox 415 1620 583 1662; x_wconf 84' lang='lat' dir='ltr'><strong>natura</strong></span> <span class='ocrx_word' id='word_1_121' title='bbox 620 1622 823 1663; x_wconf 91' lang='lat' dir='ltr'><strong>naturae</strong></span> <span class='ocrx_word' id='word_1_122' title='bbox 858 1615 1058 1664; x_wconf 90' lang='lat' dir='ltr'><strong>Goethii</strong></span> <span class='ocrx_word' id='word_1_123' title='bbox 1091 1618 1255 1666; x_wconf 82' lang='lat' dir='ltr'><strong>multis</strong></span> <span class='ocrx_word' id='word_1_124' title='bbox 1289 1618 1446 1664; x_wconf 89' lang='lat' dir='ltr'><strong>modis</strong></span> <span class='ocrx_word' id='word_1_125' title='bbox 1481 1617 1772 1681; x_wconf 82' lang='lat' dir='ltr'><strong>respondet,</strong></span> <span class='ocrx_word' id='word_1_126' title='bbox 1808 1617 1936 1681; x_wconf 89' lang='lat' dir='ltr'><strong>quod</strong></span> 
     </span>
     <span class='ocr_line' id='line_1_18' title="bbox 286 1694 1938 1761; baseline 0.002 -19"><span class='ocrx_word' id='word_1_127' title='bbox 286 1694 462 1743; x_wconf 87' lang='lat' dir='ltr'><strong>indolis</strong></span> <span class='ocrx_word' id='word_1_128' title='bbox 520 1695 719 1742; x_wconf 89' lang='lat' dir='ltr'><strong>bonitati</strong></span> <span class='ocrx_word' id='word_1_129' title='bbox 777 1695 930 1757; x_wconf 83' lang='lat' dir='ltr'><strong>magis</strong></span> <span class='ocrx_word' id='word_1_130' title='bbox 977 1711 1120 1756; x_wconf 86' lang='lat' dir='ltr'><strong>quam</strong></span> <span class='ocrx_word' id='word_1_131' title='bbox 1172 1695 1435 1742; x_wconf 83' lang='lat' dir='ltr'><strong>industriae</strong></span> <span class='ocrx_word' id='word_1_132' title='bbox 1485 1697 1735 1761; x_wconf 81' lang='lat' dir='ltr'><strong>confidens</strong></span> <span class='ocrx_word' id='word_1_133' title='bbox 1779 1711 1938 1760; x_wconf 84' lang='lat' dir='ltr'><strong>neque</strong></span> 
     </span>
     <span class='ocr_line' id='line_1_19' title="bbox 287 1773 1940 1839; baseline 0.001 -17"><span class='ocrx_word' id='word_1_134' title='bbox 287 1774 393 1838; x_wconf 87' lang='lat' dir='ltr'><strong>ipse</strong></span> <span class='ocrx_word' id='word_1_135' title='bbox 444 1774 585 1821; x_wconf 81' lang='lat' dir='ltr'><strong>imita</strong></span> <span class='ocrx_word' id='word_1_136' title='bbox 633 1781 802 1821; x_wconf 86' lang='lat' dir='ltr'><strong>natura</strong></span> <span class='ocrx_word' id='word_1_137' title='bbox 851 1773 1110 1835; x_wconf 89' lang='lat' dir='ltr'><strong>quicquam</strong></span> <span class='ocrx_word' id='word_1_138' title='bbox 1159 1774 1355 1821; x_wconf 87' lang='lat' dir='ltr'><strong>molitus</strong></span> <span class='ocrx_word' id='word_1_139' title='bbox 1401 1785 1480 1824; x_wconf 86' lang='lat' dir='ltr'><strong>est</strong></span> <span class='ocrx_word' id='word_1_140' title='bbox 1513 1791 1670 1837; x_wconf 86' lang='lat' dir='ltr'><strong>neque</strong></span> <span class='ocrx_word' id='word_1_141' title='bbox 1703 1790 1940 1839; x_wconf 81' lang='lat' dir='ltr'><strong>personas</strong></span> 
     </span>
     <span class='ocr_line' id='line_1_20' title="bbox 286 1854 1938 1916; baseline 0 -14"><span class='ocrx_word' id='word_1_142' title='bbox 286 1854 508 1902; x_wconf 85' lang='lat' dir='ltr'><strong>exhibuit</strong></span> <span class='ocrx_word' id='word_1_143' title='bbox 553 1869 697 1916; x_wconf 84' lang='lat' dir='ltr'><strong>supra</strong></span> <span class='ocrx_word' id='word_1_144' title='bbox 745 1856 964 1900; x_wconf 89' lang='lat' dir='ltr'><strong>naturam</strong></span> <span class='ocrx_word' id='word_1_145' title='bbox 1014 1869 1148 1900; x_wconf 87' lang='lat' dir='ltr'><strong>suam</strong></span> <span class='ocrx_word' id='word_1_146' title='bbox 1195 1854 1506 1902; x_wconf 85' lang='lat' dir='ltr'><strong>contentione</strong></span> <span class='ocrx_word' id='word_1_147' title='bbox 1550 1854 1726 1902; x_wconf 85' lang='lat' dir='ltr'><strong>virium</strong></span> <span class='ocrx_word' id='word_1_148' title='bbox 1767 1854 1938 1914; x_wconf 82' lang='lat' dir='ltr'><strong>elatas,</strong></span> 
     </span>
     <span class='ocr_line' id='line_1_21' title="bbox 284 1931 1937 1996; baseline 0.001 -15"><span class='ocrx_word' id='word_1_149' title='bbox 284 1934 414 1996; x_wconf 89' lang='lat' dir='ltr'><strong>quod</strong></span> <span class='ocrx_word' id='word_1_150' title='bbox 450 1932 594 1980; x_wconf 88' lang='lat' dir='ltr'><strong>nimia</strong></span> <span class='ocrx_word' id='word_1_151' title='bbox 640 1931 796 1979; x_wconf 92' lang='lat' dir='ltr'><strong>omnia</strong></span> <span class='ocrx_word' id='word_1_152' title='bbox 828 1939 1078 1980; x_wconf 71' lang='lat' dir='ltr'><strong>aversatus</strong></span> <span class='ocrx_word' id='word_1_153' title='bbox 1114 1940 1548 1996; x_wconf 84' lang='lat' dir='ltr'><strong>temperamentum</strong></span> <span class='ocrx_word' id='word_1_154' title='bbox 1583 1933 1828 1996; x_wconf 78' lang='lat' dir='ltr'><strong>quoddam</strong></span> <span class='ocrx_word' id='word_1_155' title='bbox 1858 1948 1937 1982; x_wconf 84' lang='lat' dir='ltr'><strong>re-</strong></span> 
     </span>
     <span class='ocr_line' id='line_1_22' title="bbox 286 2011 1939 2076; baseline -0.001 -15"><span class='ocrx_word' id='word_1_156' title='bbox 286 2013 376 2061; x_wconf 90' lang='lat' dir='ltr'><strong>bus</strong></span> <span class='ocrx_word' id='word_1_157' title='bbox 413 2012 669 2074; x_wconf 79' lang='lat' dir='ltr'><strong>verbisque</strong></span> <span class='ocrx_word' id='word_1_158' title='bbox 703 2011 923 2058; x_wconf 87' lang='lat' dir='ltr'><strong>adhibuit</strong></span> <span class='ocrx_word' id='word_1_159' title='bbox 964 2018 1014 2059; x_wconf 91' lang='lat' dir='ltr'><strong>et</strong></span> <span class='ocrx_word' id='word_1_160' title='bbox 1058 2013 1119 2060; x_wconf 88' lang='lat' dir='ltr'><strong>ad</strong></span> <span class='ocrx_word' id='word_1_161' title='bbox 1155 2012 1350 2060; x_wconf 86' lang='lat' dir='ltr'><strong>modum</strong></span> <span class='ocrx_word' id='word_1_162' title='bbox 1389 2014 1772 2076; x_wconf 77' lang='lat' dir='ltr'><strong>modestiamque</strong></span> <span class='ocrx_word' id='word_1_163' title='bbox 1807 2012 1939 2076; x_wconf 85' lang='lat' dir='ltr'><strong>prio-</strong></span> 
     </span>
     <span class='ocr_line' id='line_1_23' title="bbox 284 2091 1939 2141; baseline -0.001 0"><span class='ocrx_word' id='word_1_164' title='bbox 284 2108 393 2141; x_wconf 85' lang='lat' dir='ltr'><strong>rum</strong></span> <span class='ocrx_word' id='word_1_165' title='bbox 439 2098 570 2138; x_wconf 89' lang='lat' dir='ltr'><strong>vasta</strong></span> <span class='ocrx_word' id='word_1_166' title='bbox 619 2096 671 2138; x_wconf 88' lang='lat' dir='ltr'><strong>et</strong></span> <span class='ocrx_word' id='word_1_167' title='bbox 711 2091 966 2139; x_wconf 89' lang='lat' dir='ltr'><strong>insolentia</strong></span> <span class='ocrx_word' id='word_1_168' title='bbox 1001 2093 1257 2141; x_wconf 75' lang='lat' dir='ltr'><strong>revocavit.</strong></span> <span class='ocrx_word' id='word_1_169' title='bbox 1327 2092 1679 2140; x_wconf 88' lang='lat' dir='ltr'><strong>Descendendo</strong></span> <span class='ocrx_word' id='word_1_170' title='bbox 1713 2091 1843 2139; x_wconf 86' lang='lat' dir='ltr'><strong>enim</strong></span> <span class='ocrx_word' id='word_1_171' title='bbox 1879 2106 1939 2139; x_wconf 83' lang='lat' dir='ltr'><strong>ex</strong></span> 
     </span>
     <span class='ocr_line' id='line_1_24' title="bbox 283 2169 1937 2234; baseline -0.002 -15"><span class='ocrx_word' id='word_1_172' title='bbox 283 2170 613 2219; x_wconf 83' lang='lat' dir='ltr'><strong>cacuminibus</strong></span> <span class='ocrx_word' id='word_1_173' title='bbox 674 2170 814 2217; x_wconf 89' lang='lat' dir='ltr'><strong>nimis</strong></span> <span class='ocrx_word' id='word_1_174' title='bbox 868 2171 914 2217; x_wconf 91' lang='lat' dir='ltr'><strong>in</strong></span> <span class='ocrx_word' id='word_1_175' title='bbox 962 2170 1171 2219; x_wconf 82' lang='lat' dir='ltr'><strong>sublime</strong></span> <span class='ocrx_word' id='word_1_176' title='bbox 1223 2171 1461 2232; x_wconf 82' lang='lat' dir='ltr'><strong>fastigatis</strong></span> <span class='ocrx_word' id='word_1_177' title='bbox 1508 2172 1613 2228; x_wconf 89' lang='lat' dir='ltr'><strong>hic,</strong></span> <span class='ocrx_word' id='word_1_178' title='bbox 1670 2169 1937 2234; x_wconf 77' lang='lat' dir='ltr'><strong>Euripides</strong></span> 
     </span>
     <span class='ocr_line' id='line_1_25' title="bbox 281 2248 1936 2313; baseline -0.001 -15"><span class='ocrx_word' id='word_1_179' title='bbox 281 2264 399 2298; x_wconf 84' lang='lat' dir='ltr'><strong>vero</strong></span> <span class='ocrx_word' id='word_1_180' title='bbox 434 2249 661 2296; x_wconf 87' lang='lat' dir='ltr'><strong>enitendo</strong></span> <span class='ocrx_word' id='word_1_181' title='bbox 696 2264 756 2296; x_wconf 81' lang='lat' dir='ltr'><strong>ex</strong></span> <span class='ocrx_word' id='word_1_182' title='bbox 791 2265 965 2313; x_wconf 92' lang='lat' dir='ltr'><strong>campo</strong></span> <span class='ocrx_word' id='word_1_183' title='bbox 1000 2265 1160 2296; x_wconf 90' lang='lat' dir='ltr'><strong>rerum</strong></span> <span class='ocrx_word' id='word_1_184' title='bbox 1196 2250 1461 2311; x_wconf 79' lang='lat' dir='ltr'><strong>vulgarium</strong></span> <span class='ocrx_word' id='word_1_185' title='bbox 1496 2256 1641 2311; x_wconf 88' lang='lat' dir='ltr'><strong>atque</strong></span> <span class='ocrx_word' id='word_1_186' title='bbox 1675 2248 1936 2296; x_wconf 83' lang='lat' dir='ltr'><strong>evehendis</strong></span> 
     </span>
     <span class='ocr_line' id='line_1_26' title="bbox 281 2326 1936 2393; baseline -0.001 -16"><span class='ocrx_word' id='word_1_187' title='bbox 281 2329 729 2393; x_wconf 78' lang='lat' dir='ltr'><strong>exaggerandisque</strong></span> <span class='ocrx_word' id='word_1_188' title='bbox 766 2328 1010 2376; x_wconf 88' lang='lat' dir='ltr'><strong>consuetis</strong></span> <span class='ocrx_word' id='word_1_189' title='bbox 1053 2329 1194 2376; x_wconf 88' lang='lat' dir='ltr'><strong>ambo</strong></span> <span class='ocrx_word' id='word_1_190' title='bbox 1237 2329 1284 2375; x_wconf 87' lang='lat' dir='ltr'><strong>in</strong></span> <span class='ocrx_word' id='word_1_191' title='bbox 1318 2328 1468 2390; x_wconf 79' lang='lat' dir='ltr'><strong>gradu</strong></span> <span class='ocrx_word' id='word_1_192' title='bbox 1506 2326 1827 2375; x_wconf 87' lang='lat' dir='ltr'><strong>constiterunt</strong></span> <span class='ocrx_word' id='word_1_193' title='bbox 1860 2342 1936 2386; x_wconf 83' lang='lat' dir='ltr'><strong>eo,</strong></span> 
     </span>
     <span class='ocr_line' id='line_1_27' title="bbox 281 2406 1934 2470; baseline 0 -16"><span class='ocrx_word' id='word_1_194' title='bbox 281 2407 364 2470; x_wconf 90' lang='lat' dir='ltr'><strong>qui</strong></span> <span class='ocrx_word' id='word_1_195' title='bbox 409 2408 627 2470; x_wconf 77' lang='lat' dir='ltr'><strong>dignitati</strong></span> <span class='ocrx_word' id='word_1_196' title='bbox 673 2407 899 2455; x_wconf 88' lang='lat' dir='ltr'><strong>cothurni</strong></span> <span class='ocrx_word' id='word_1_197' title='bbox 950 2407 1121 2470; x_wconf 79' lang='lat' dir='ltr'><strong>tragici</strong></span> <span class='ocrx_word' id='word_1_198' title='bbox 1164 2406 1558 2454; x_wconf 91' lang='lat' dir='ltr'><strong>accommodatus</strong></span> <span class='ocrx_word' id='word_1_199' title='bbox 1606 2412 1694 2455; x_wconf 87' lang='lat' dir='ltr'><strong>est.</strong></span> <span class='ocrx_word' id='word_1_200' title='bbox 1775 2406 1934 2467; x_wconf 86' lang='lat' dir='ltr'><strong>Adde,</strong></span> 
     </span>
     <span class='ocr_line' id='line_1_28' title="bbox 281 2485 1934 2551; baseline -0.001 -17"><span class='ocrx_word' id='word_1_201' title='bbox 281 2487 413 2551; x_wconf 90' lang='lat' dir='ltr'><strong>quod</strong></span> <span class='ocrx_word' id='word_1_202' title='bbox 449 2494 704 2535; x_wconf 82' lang='lat' dir='ltr'><strong>venustate</strong></span> <span class='ocrx_word' id='word_1_203' title='bbox 739 2486 1007 2550; x_wconf 87' lang='lat' dir='ltr'><strong>Sophocles</strong></span> <span class='ocrx_word' id='word_1_204' title='bbox 1057 2493 1108 2534; x_wconf 88' lang='lat' dir='ltr'><strong>et</strong></span> <span class='ocrx_word' id='word_1_205' title='bbox 1144 2486 1399 2533; x_wconf 84' lang='lat' dir='ltr'><strong>dulcedine</strong></span> <span class='ocrx_word' id='word_1_206' title='bbox 1436 2493 1654 2550; x_wconf 85' lang='lat' dir='ltr'><strong>praestat</strong></span> <span class='ocrx_word' id='word_1_207' title='bbox 1687 2485 1934 2546; x_wconf 87' lang='lat' dir='ltr'><strong>orationis,</strong></span> 
     </span>
     <span class='ocr_line' id='line_1_29' title="bbox 280 2565 1934 2630; baseline -0.001 -16"><span class='ocrx_word' id='word_1_208' title='bbox 280 2566 533 2630; x_wconf 77' lang='lat' dir='ltr'><strong>magisque</strong></span> <span class='ocrx_word' id='word_1_209' title='bbox 557 2567 794 2630; x_wconf 85' lang='lat' dir='ltr'><strong>aequabili</strong></span> <span class='ocrx_word' id='word_1_210' title='bbox 830 2567 1087 2614; x_wconf 74' lang='lat' dir='ltr'><strong>verborum</strong></span> <span class='ocrx_word' id='word_1_211' title='bbox 1116 2565 1366 2630; x_wconf 80' lang='lat' dir='ltr'><strong>gravitate,</strong></span> <span class='ocrx_word' id='word_1_212' title='bbox 1405 2582 1544 2628; x_wconf 88' lang='lat' dir='ltr'><strong>quam</strong></span> <span class='ocrx_word' id='word_1_213' title='bbox 1580 2565 1934 2614; x_wconf 81' lang='lat' dir='ltr'><strong>sententiarum</strong></span> 
     </span>
     <span class='ocr_line' id='line_1_30' title="bbox 279 2644 1934 2709; baseline -0.001 -15"><span class='ocrx_word' id='word_1_214' title='bbox 279 2646 560 2705; x_wconf 87' lang='lat' dir='ltr'><strong>luminibus,</strong></span> <span class='ocrx_word' id='word_1_215' title='bbox 597 2652 731 2694; x_wconf 87' lang='lat' dir='ltr'><strong>tenet</strong></span> <span class='ocrx_word' id='word_1_216' title='bbox 764 2650 1088 2709; x_wconf 85' lang='lat' dir='ltr'><strong>spectatores.</strong></span> <span class='ocrx_word' id='word_1_217' title='bbox 1156 2644 1507 2692; x_wconf 84' lang='lat' dir='ltr'><strong>Gravissimum</strong></span> <span class='ocrx_word' id='word_1_218' title='bbox 1537 2660 1653 2693; x_wconf 82' lang='lat' dir='ltr'><strong>vero</strong></span> <span class='ocrx_word' id='word_1_219' title='bbox 1682 2651 1775 2703; x_wconf 85' lang='lat' dir='ltr'><strong>est,</strong></span> <span class='ocrx_word' id='word_1_220' title='bbox 1803 2644 1934 2708; x_wconf 86' lang='lat' dir='ltr'><strong>qnod</strong></span> 
     </span>
     <span class='ocr_line' id='line_1_31' title="bbox 278 2725 1933 2788; baseline -0.001 -15"><span class='ocrx_word' id='word_1_221' title='bbox 278 2725 360 2773; x_wconf 89' lang='lat' dir='ltr'><strong>hic</strong></span> <span class='ocrx_word' id='word_1_222' title='bbox 393 2725 526 2773; x_wconf 83' lang='lat' dir='ltr'><strong>fatali</strong></span> <span class='ocrx_word' id='word_1_223' title='bbox 560 2726 841 2773; x_wconf 86' lang='lat' dir='ltr'><strong>necessitati</strong></span> <span class='ocrx_word' id='word_1_224' title='bbox 870 2726 1090 2774; x_wconf 90' lang='lat' dir='ltr'><strong>homines</strong></span> <span class='ocrx_word' id='word_1_225' title='bbox 1125 2725 1313 2772; x_wconf 87' lang='lat' dir='ltr'><strong>induxit</strong></span> <span class='ocrx_word' id='word_1_226' title='bbox 1338 2725 1710 2773; x_wconf 87' lang='lat' dir='ltr'><strong>succumbentes</strong></span> <span class='ocrx_word' id='word_1_227' title='bbox 1745 2730 1794 2771; x_wconf 86' lang='lat' dir='ltr'><strong>et</strong></span> <span class='ocrx_word' id='word_1_228' title='bbox 1821 2739 1933 2788; x_wconf 86' lang='lat' dir='ltr'><strong>per-</strong></span> 
     </span>
     <span class='ocr_line' id='line_1_32' title="bbox 279 2803 1931 2868; baseline -0.001 -16"><span class='ocrx_word' id='word_1_229' title='bbox 279 2804 485 2852; x_wconf 83' lang='lat' dir='ltr'><strong>ferendo</strong></span> <span class='ocrx_word' id='word_1_230' title='bbox 529 2805 953 2868; x_wconf 84' lang='lat' dir='ltr'><strong>exspectandoque</strong></span> <span class='ocrx_word' id='word_1_231' title='bbox 998 2805 1100 2853; x_wconf 88' lang='lat' dir='ltr'><strong>irae</strong></span> <span class='ocrx_word' id='word_1_232' title='bbox 1149 2805 1294 2851; x_wconf 89' lang='lat' dir='ltr'><strong>finem</strong></span> <span class='ocrx_word' id='word_1_233' title='bbox 1344 2803 1532 2851; x_wconf 80' lang='lat' dir='ltr'><strong>divinae</strong></span> <span class='ocrx_word' id='word_1_234' title='bbox 1578 2804 1931 2867; x_wconf 81' lang='lat' dir='ltr'><strong>nanciscentes,</strong></span> 
     </span>
     <span class='ocr_line' id='line_1_33' title="bbox 279 2870 1932 2948; baseline 0.001 -18"><span class='ocrx_word' id='word_1_235' title='bbox 279 2883 542 2947; x_wconf 83' lang='lat' dir='ltr'><strong>Euripides</strong></span> <span class='ocrx_word' id='word_1_236' title='bbox 587 2900 702 2932; x_wconf 84' lang='lat' dir='ltr'><strong>vero</strong></span> <span class='ocrx_word' id='word_1_237' title='bbox 753 2885 868 2932; x_wconf 91' lang='lat' dir='ltr'><strong>nihil</strong></span> <span class='ocrx_word' id='word_1_238' title='bbox 917 2900 1116 2948; x_wconf 85' lang='lat' dir='ltr'><strong>usquam</strong></span> <span class='ocrx_word' id='word_1_239' title='bbox 1165 2884 1345 2931; x_wconf 85' lang='lat' dir='ltr'><strong>virtute</strong></span> <span class='ocrx_word' id='word_1_240' title='bbox 1393 2884 1598 2931; x_wconf 63' lang='lat' dir='ltr'><strong>dii-‘inius</strong></span> <span class='ocrx_word' id='word_1_241' title='bbox 1650 2899 1763 2931; x_wconf 89' lang='lat' dir='ltr'><strong>esse</strong></span> <span class='ocrx_word' id='word_1_242' title='bbox 1818 2870 1932 2931; x_wconf 80' lang='lat' dir='ltr'><strong>cen-</strong></span> 
     </span>
     <span class='ocr_line' id='line_1_34' title="bbox 280 2962 1932 3027; baseline -0.001 -18"><span class='ocrx_word' id='word_1_243' title='bbox 280 2962 405 3023; x_wconf 71' lang='lat' dir='ltr'><strong>suit,</strong></span> <span class='ocrx_word' id='word_1_244' title='bbox 454 2979 612 3027; x_wconf 90' lang='lat' dir='ltr'><strong>neque</strong></span> <span class='ocrx_word' id='word_1_245' title='bbox 654 2964 757 3012; x_wconf 82' lang='lat' dir='ltr'><strong>fato</strong></span> <span class='ocrx_word' id='word_1_246' title='bbox 804 2966 986 3027; x_wconf 82' lang='lat' dir='ltr'><strong>magis,</strong></span> <span class='ocrx_word' id='word_1_247' title='bbox 1035 2980 1175 3027; x_wconf 90' lang='lat' dir='ltr'><strong>quam</strong></span> <span class='ocrx_word' id='word_1_248' title='bbox 1225 2963 1582 3026; x_wconf 81' lang='lat' dir='ltr'><strong>conspiratione</strong></span> <span class='ocrx_word' id='word_1_249' title='bbox 1618 2963 1850 3010; x_wconf 87' lang='lat' dir='ltr'><strong>bonorum</strong></span> <span class='ocrx_word' id='word_1_250' title='bbox 1882 2965 1932 3008; x_wconf 86' lang='lat' dir='ltr'><strong>et</strong></span> 
     </span>
     <span class='ocr_line' id='line_1_35' title="bbox 281 3041 1930 3108; baseline -0.001 -20"><span class='ocrx_word' id='word_1_251' title='bbox 281 3041 391 3103; x_wconf 79' lang='lat' dir='ltr'><strong>lege</strong></span> <span class='ocrx_word' id='word_1_252' title='bbox 426 3044 633 3105; x_wconf 87' lang='lat' dir='ltr'><strong>quadam</strong></span> <span class='ocrx_word' id='word_1_253' title='bbox 662 3050 903 3108; x_wconf 87' lang='lat' dir='ltr'><strong>perpetua</strong></span> <span class='ocrx_word' id='word_1_254' title='bbox 929 3053 1072 3107; x_wconf 85' lang='lat' dir='ltr'><strong>atque</strong></span> <span class='ocrx_word' id='word_1_255' title='bbox 1104 3048 1318 3103; x_wconf 77' lang='lat' dir='ltr'><strong>aeterna,</strong></span> <span class='ocrx_word' id='word_1_256' title='bbox 1353 3043 1623 3106; x_wconf 88' lang='lat' dir='ltr'><strong>imperante</strong></span> <span class='ocrx_word' id='word_1_257' title='bbox 1647 3047 1783 3089; x_wconf 88' lang='lat' dir='ltr'><strong>recta</strong></span> <span class='ocrx_word' id='word_1_258' title='bbox 1814 3053 1930 3103; x_wconf 87' lang='lat' dir='ltr'><strong>pro-</strong></span> 
     </span>
     <span class='ocr_line' id='line_1_36' title="bbox 278 3119 1930 3187; baseline -0.001 -19"><span class='ocrx_word' id='word_1_259' title='bbox 278 3120 574 3183; x_wconf 87' lang='lat' dir='ltr'><strong>hibenteque</strong></span> <span class='ocrx_word' id='word_1_260' title='bbox 621 3125 882 3183; x_wconf 88' lang='lat' dir='ltr'><strong>contraria,</strong></span> <span class='ocrx_word' id='word_1_261' title='bbox 936 3124 1060 3172; x_wconf 88' lang='lat' dir='ltr'><strong>duce</strong></span> <span class='ocrx_word' id='word_1_262' title='bbox 1106 3123 1228 3169; x_wconf 83' lang='lat' dir='ltr'><strong>vitae</strong></span> <span class='ocrx_word' id='word_1_263' title='bbox 1279 3130 1328 3170; x_wconf 91' lang='lat' dir='ltr'><strong>et</strong></span> <span class='ocrx_word' id='word_1_264' title='bbox 1374 3123 1604 3187; x_wconf 82' lang='lat' dir='ltr'><strong>magistra</strong></span> <span class='ocrx_word' id='word_1_265' title='bbox 1635 3119 1930 3180; x_wconf 84' lang='lat' dir='ltr'><strong>officiorum,</strong></span> 
     </span>
     <span class='ocr_line' id='line_1_37' title="bbox 280 3197 1930 3264; baseline -0.001 -16"><span class='ocrx_word' id='word_1_266' title='bbox 280 3215 361 3249; x_wconf 87' lang='lat' dir='ltr'><strong>res</strong></span> <span class='ocrx_word' id='word_1_267' title='bbox 395 3201 630 3249; x_wconf 89' lang='lat' dir='ltr'><strong>humanas</strong></span> <span class='ocrx_word' id='word_1_268' title='bbox 665 3203 1016 3251; x_wconf 84' lang='lat' dir='ltr'><strong>administrari:</strong></span> <span class='ocrx_word' id='word_1_269' title='bbox 1053 3218 1143 3264; x_wconf 92' lang='lat' dir='ltr'><strong>qua</strong></span> <span class='ocrx_word' id='word_1_270' title='bbox 1180 3203 1225 3248; x_wconf 90' lang='lat' dir='ltr'><strong>in</strong></span> <span class='ocrx_word' id='word_1_271' title='bbox 1254 3218 1309 3249; x_wconf 85' lang='lat' dir='ltr'><strong>re</strong></span> <span class='ocrx_word' id='word_1_272' title='bbox 1343 3203 1527 3264; x_wconf 84' lang='lat' dir='ltr'><strong>etipsa</strong></span> <span class='ocrx_word' id='word_1_273' title='bbox 1552 3215 1659 3248; x_wconf 90' lang='lat' dir='ltr'><strong>cum</strong></span> <span class='ocrx_word' id='word_1_274' title='bbox 1687 3197 1930 3246; x_wconf 86' lang='lat' dir='ltr'><strong>Schillero</strong></span> 
     </span>
     <span class='ocr_line' id='line_1_38' title="bbox 282 3276 1932 3339; baseline -0.001 -13"><span class='ocrx_word' id='word_1_275' title='bbox 282 3281 548 3336; x_wconf 82' lang='lat' dir='ltr'><strong>consensit,</strong></span> <span class='ocrx_word' id='word_1_276' title='bbox 578 3282 714 3328; x_wconf 89' lang='lat' dir='ltr'><strong>cuius</strong></span> <span class='ocrx_word' id='word_1_277' title='bbox 742 3288 818 3329; x_wconf 91' lang='lat' dir='ltr'><strong>est</strong></span> <span class='ocrx_word' id='word_1_278' title='bbox 841 3282 1211 3330; x_wconf 89' lang='lat' dir='ltr'><strong>celeberrimum</strong></span> <span class='ocrx_word' id='word_1_279' title='bbox 1239 3281 1383 3329; x_wconf 90' lang='lat' dir='ltr'><strong>illud:</strong></span> <span class='ocrx_word' id='word_1_280' title='bbox 1409 3282 1491 3328; x_wconf 88' lang='lat' dir='ltr'><strong>die</strong></span> <span class='ocrx_word' id='word_1_281' title='bbox 1513 3276 1932 3339; x_wconf 85' lang='lat' dir='ltr'><strong>Weltgeschichte</strong></span> 
     </span>
     <span class='ocr_line' id='line_1_39' title="bbox 279 3357 1930 3424; baseline -0.002 -18"><span class='ocrx_word' id='word_1_282' title='bbox 279 3360 342 3407; x_wconf 91' lang='lat' dir='ltr'><strong>ist</strong></span> <span class='ocrx_word' id='word_1_283' title='bbox 376 3359 462 3407; x_wconf 90' lang='lat' dir='ltr'><strong>das</strong></span> <span class='ocrx_word' id='word_1_284' title='bbox 497 3358 834 3424; x_wconf 79' lang='lat' dir='ltr'><strong>Weltgericht.</strong></span> <span class='ocrx_word' id='word_1_285' title='bbox 903 3360 1068 3422; x_wconf 88' lang='lat' dir='ltr'><strong>ltaque</strong></span> <span class='ocrx_word' id='word_1_286' title='bbox 1115 3359 1372 3423; x_wconf 87' lang='lat' dir='ltr'><strong>Sophoclis</strong></span> <span class='ocrx_word' id='word_1_287' title='bbox 1420 3357 1731 3422; x_wconf 81' lang='lat' dir='ltr'><strong>gravissimae</strong></span> <span class='ocrx_word' id='word_1_288' title='bbox 1781 3370 1930 3417; x_wconf 86' lang='lat' dir='ltr'><strong>quae·</strong></span> 
     </span>
     <span class='ocr_line' id='line_1_40' title="bbox 284 3437 1931 3504; baseline -0.002 -18"><span class='ocrx_word' id='word_1_289' title='bbox 284 3453 380 3500; x_wconf 91' lang='lat' dir='ltr'><strong>que</strong></span> <span class='ocrx_word' id='word_1_290' title='bbox 431 3439 708 3503; x_wconf 84' lang='lat' dir='ltr'><strong>tragoediae</strong></span> <span class='ocrx_word' id='word_1_291' title='bbox 769 3441 1085 3504; x_wconf 87' lang='lat' dir='ltr'><strong>comprobare</strong></span> <span class='ocrx_word' id='word_1_292' title='bbox 1139 3438 1366 3487; x_wconf 85' lang='lat' dir='ltr'><strong>videntur</strong></span> <span class='ocrx_word' id='word_1_293' title='bbox 1420 3437 1730 3496; x_wconf 81' lang='lat' dir='ltr'><strong>sententiam,</strong></span> <span class='ocrx_word' id='word_1_294' title='bbox 1785 3449 1931 3498; x_wconf 86' lang='lat' dir='ltr'><strong>quam</strong></span> 
     </span>
    </p>
   </div>
  </div>
 </body>
</html>
