2170 3866
960 270 1085 329 557

199 421 331 468 tatus
365 417 489 468 dicit
530 419 704 486 iugum
740 421 890 471 boum
924 428 1159 470 vecturus
1203 435 1318 469 esse
1352 423 1406 469 et
1437 420 1672 471 ductores
1713 419 1892 471 barba·

199 514 370 548 rorum
425 500 607 549 multas
665 502 817 550 urbes
867 518 980 550 cum
1032 501 1289 548 innumero
1350 502 1568 550 exercitu
1626 515 1891 550 eversuros

202 595 346 639 esse3
394 586 649 646 postremo
691 581 818 630 fusis
854 582 1165 647 perditisque
1202 581 1422 629 barbaris
1469 583 1518 630 in
1554 582 1738 630 insulas
1774 584 1892 631 bea·
1950 599 1953 602 ¹

199 663 368 709 torum
414 661 709 710 translatum
756 662 844 720 iri;
895 662 1093 724 Agavae
1137 677 1254 709 vero
1301 676 1414 708 cum
1462 664 1741 719 sororibus,
1786 660 1893 725 pri-

198 747 346 789 vatae
406 743 697 805 parentibus
746 742 1049 804 liberisque,
1111 741 1284 805 pulsae
1334 742 1641 805 patria‚.ad
1691 749 1891 789 exteros

199 821 478 871 abeundum
504 838 616 871 esse
644 828 693 871 et
726 823 775 872 in
812 822 976 886 Illyria
1009 823 1114 888 regi
1150 821 1489 886 Lycothersae
1525 822 1806 870 nubendum
1822 817 1893 878 *).

201 900 378 965 ltaque
426 902 762 952 valedicentes
811 904 904 951 sibi
941 903 1149 951 invicem
1199 910 1342 967 pater
1378 908 1430 950 et
1463 902 1566 950 filia
1602 901 1895 960 discedunt;

200 981 405 1045 Agaven
451 989 616 1032 autem
665 984 954 1048 longissime
989 1001 1015 1031 a
1052 983 1208 1048 patria
1243 983 1523 1042 abeuntem,
1572 982 1656 1030 ubi
1692 981 1895 1030 Cithae·

201 1062 337 1110 ronis
371 1068 422 1110 et
456 1064 798 1112 bacchationis
835 1065 1175 1123 obliviscatur,
1213 1079 1412 1112 sorores
1450 1063 1766 1111 comitantur.

335 1141 700 1193 Pulcerrimum
736 1161 937 1194 carmen
971 1145 1192 1193 Bacchas
1215 1143 1466 1208 Euripidis
1503 1159 1617 1191 esse
1653 1142 1777 1189 dicit
1795 1140 1897 1190 Lu-

202 1222 371 1271 cienus
406 1223 513 1272 adv.
540 1225 724 1272 indoct.
755 1222 804 1288 ἓ.
835 1227 932 1284 19.,
968 1240 1067 1288 quo
1104 1224 1214 1272 loco
1261 1224 1420 1272 refert
1455 1222 1758 1270 Demetrium
1797 1221 1899 1285 Cy-

201 1302 398 1365 nicum,
455 1320 603 1367 quum
663 1306 857 1353 videret
904 1303 1133 1353 Corinthi
1181 1304 1432 1352 indoctum
1479 1303 1727 1365 quendam
1770 1300 1899 1350 male

199 1383 498 1431 recitantem
543 1384 702 1431 nuntii
748 1385 1082 1432 narrationem
1130 1400 1188 1432 ac
1224 1382 1434 1431 Penthei
1468 1382 1737 1440 interitum,
1789 1397 1900 1429 ere-

199 1466 344 1528 ptum
400 1478 462 1511 ex
521 1463 631 1512 eius
681 1464 908 1512 manibus
969 1464 1149 1513 librum
1199 1463 1534 1528 discerpsisse
1590 1479 1649 1510 ac
1711 1461 1898 1510 dixisse

199 1547 460 1608 praestare
496 1542 773 1592 Pentheum
809 1545 966 1592 semel
1000 1561 1027 1591 a
1064 1560 1136 1607 se,
1183 1560 1328 1607 quam
1365 1544 1565 1608 saepius
1610 1543 1670 1590 ab
1707 1542 1791 1590 illo
1826 1542 1899 1590 la-

202 1622 378 1671 cerari.
448 1622 624 1672 Latine
670 1624 790 1671 illud
841 1626 990 1672 vertit
1025 1625 1195 1673 Attius
1231 1625 1320 1683 sic,
1365 1630 1419 1671 ut
1455 1625 1517 1672 ad
1551 1623 1753 1671 verbum
1791 1623 1899 1687 ple-

202 1717 359 1766 raque
385 1703 716 1768 exprimeret;
752 1703 1074 1770 cf.fragm.5.
1102 1720 1214 1752 cum
1232 1721 1275 1752 v.
1293 1707 1372 1753 35.
1388 1703 1491 1762 **),
1522 1703 1694 1766 fragm.
1716 1705 1763 1753 2.
1786 1719 1899 1751 cum

202 1797 251 1831 v.
288 1784 425 1844 254.,
474 1783 654 1849 fragm.
683 1786 731 1831 l.
761 1800 871 1834 cum
897 1802 972 1834 vv.
995 1787 1094 1833 ⁴267
1123 1801 1263 1848 seqq.
1287 1783 1422 1842 ***),
1470 1784 1646 1848 fragm.
1676 1784 1754 1834 14.
1788 1799 1902 1831 cum

202 1863 375 1912 v.426.
392 1860 476 1926 †),
503 1862 678 1927 fragm.
705 1868 751 1913 9.
784 1882 896 1914 cum
923 1881 967 1915 v.
994 1867 1131 1922 428„
1160 1865 1335 1931 fragm.
1354 1867 1432 1915 18.
1453 1881 1564 1912 cum
1582 1880 1625 1910 v.
1644 1865 1758 1912 476.
1775 1860 1898 1927 ††),

203 1941 385 2008 fragm.
417 1946 494 1991 17.
525 1959 634 1993 cum
673 1961 749 1993 vv.
787 1947 902 1993 541.
942 1947 1074 2007 542„
1122 1945 1299 2008 fragm.
1328 1948 1377 2004 9,
1407 1948 1468 1992 10
1495 1951 1545 1993 et
1573 1947 1651 1992 12.
1683 1961 1794 1992 cum
1821 1958 1899 1990 vv.

203 2025 301 2071 651
325 2039 465 2086 seqq.
496 2030 545 2072 et
568 2040 644 2072 vv.
672 2027 799 2073 1007
821 2042 981 2089 seqq,
1001 2027 1180 2091 fragm.
1206 2028 1283 2076 11.
1308 2043 1417 2074 cum
1444 2042 1486 2072 v.
1507 2028 1642 2084 639„
1659 2024 1898 2087 fragm.6.

204 2118 318 2152 cum
342 2119 384 2152 v.
412 2105 577 2166 1010.,
594 2104 774 2168 fragm.
803 2109 850 2154 3.
876 2123 987 2154 cum
1018 2123 1064 2157 v.
1101 2108 1226 2154 1124
1249 2114 1300 2154 et
1325 2108 1488 2163 1155.,
1511 2105 1687 2170 fragm.
1714 2109 1759 2152 8.
1788 2118 1901 2151 cum

201 2199 248 2233 v.
276 2185 425 2234 11:38.
495 2184 719 2233 Imitatus
755 2192 835 2235 est
869 2186 1079 2235 Ovidius
1119 2185 1247 2237 Met.
1274 2186 1356 2243 Ill,
1385 2189 1661 2235 511—733.
1699 2192 1750 2233 et
1780 2183 1902 2231 Phi-

202 2262 343 2312 lostr.
370 2263 518 2328 imag.
547 2263 584 2323 l,
607 2267 682 2312 18.
732 2265 1163 2330 Frequentissime
1199 2267 1259 2314 ad
1287 2283 1394 2314 eam
1421 2272 1753 2335 respexerunt
1779 2263 1905 2312 scri-

203 2350 396 2408 ptores,
432 2343 570 2391 velut
600 2344 796 2408 Strabo,
834 2346 1150 2409 Plutarchus,
1187 2347 1399 2404 Gellius,
1436 2326 1762 2403 Themis'uus,
1799 2343 1905 2393 Lu-

205 2424 393 2485 cianus,
430 2424 663 2472 Clemens
686 2427 844 2487 Alex„
881 2427 1139 2489 Horatius,
1176 2426 1436 2490 Origenes,
1477 2428 1781 2483 Athenaeus,
1803 2426 1903 2472 Ae·-

203 2501 378 2560 lianus,
414 2502 682 2566 Longinus,
720 2505 861 2553 Plato
897 2512 949 2574 et
969 2508 1252 2570 Aristippus
1288 2524 1366 2570 ap.
1400 2507 1537 2569 Diog.
1559 2505 1726 2555 Laert.
1748 2505 1803 2566 ll,
1820 2507 1901 2552 78.

205 2582 428 2645 aliosque
453 2581 615 2647 †††),
652 2584 953 2635 Theodorus
981 2603 1060 2650 ap.
1099 2587 1308 2634 eundem
1341 2584 1425 2644 Vl,
1451 2589 1549 2648 9⁴1„
1586 2586 1695 2633 laso
1723 2585 1901 2632 histrio

205 2678 284 2727 ap.
311 2661 567 2715 Plutarch.
593 2665 677 2714 vit.
697 2665 866 2714 Crassi
889 2683 939 2731 p.
966 2669 1078 2716 564.
1100 2666 1180 2725 E„
1208 2667 1389 2715 Sextus
1407 2667 1572 2731 Emp„
1606 2665 1902 2729 Polyaenus,

264 2838 316 2893 ³¹⁵)
351 2838 419 2880 Cf.
450 2839 617 2896 Hygin.
637 2856 675 2884 c.
692 2841 778 2885 184
800 2847 844 2886 et
865 2842 965 2886 254.
1010 2844 1140 2887 Bona
1169 2858 1276 2900 pars
1302 2843 1516 2886 orationis
1530 2842 1702 2888 Bacchi
1722 2840 1902 2884 interiit.

236 2908 315 2963 *ἢ
361 2910 526 2952 Deinde
554 2926 696 2954 omues
724 2915 861 2970 stirpe
894 2929 987 2955 cum
1016 2916 1177 2971 inclyta
1213 2915 1442 2957 Cadmeide

356 2980 536 3036 Vagaut
563 2989 802 3034 matronae,
831 2986 1024 3041 percitae
1052 2988 1318 3029 tumultibus.

205 3049 314 3106 ***)
347 3051 530 3093 Laetum
560 3053 671 3094 inter
697 3055 823 3109 pinos
852 3057 1163 3112 tripudiantem
1192 3058 1238 3099 in
1270 3056 1438 3099 circulis

338 3121 574 3167 ‚Parnasso
605 3124 751 3167 ludere
779 3132 908 3181 atque
935 3128 1077 3170 taedis
1098 3129 1294 3184 fulgere.

262 3190 319 3245 †)
361 3192 544 3234 Formae
561 3195 722 3251 figura
751 3197 1034 3252 nitiditatem,
1063 3199 1235 3254 hospes,
1264 3196 1401 3256 geris.

231 3260 321 3315 Η)
358 3262 566 3305 Praesens
593 3271 772 3319 praesto
803 3268 958 3310 irridet
991 3269 1124 3310 nobis.

203 3331 324 3388 †·1-}-)
354 3332 423 3374 Cf.
446 3334 645 3377 Boeckh.
674 3336 729 3377 de
754 3336 831 3379 Gr.
858 3342 974 3394 trag.
994 3338 1134 3393 princ.
1160 3335 1477 3394 12302-305„
1507 3335 1581 3390 qui
1603 3346 1717 3390 quae
1746 3334 1802 3377 de
1820 3334 1903 3376 du-

347 3403 455 3458 plici
497 3405 759 3449 recensione
797 3408 1051 3465 suspicatus
1099 3414 1181 3462 est,
1232 3409 1351 3452 haec
1389 3409 1482 3452 iam
1519 3406 1577 3449 ab
1617 3405 1716 3461 ipso
1760 3404 1902 3448 omitti

347 3473 554 3518 arbitror.
