2150 3866
1203 275 1325 334 228

434 425 588 475 fuerit
616 424 691 474 vis
724 424 788 473 ad
817 423 1194 474 conformandos
1229 423 1411 474 civium
1443 440 1606 477 mores
1639 432 1975 494 quantumque
1997 442 2106 479 car·

434 505 622 555 minum
663 505 715 554 in
748 519 918 554 omnes
952 504 1084 554 vitae
1117 508 1288 568 partes
1322 509 1653 568 momentum,
1698 509 1792 558 nisi
1825 514 1879 559 et
1915 507 2109 558 Aristo-

433 586 623 651 phanes
672 585 997 634 confiteretur
1041 588 1093 633 et
1125 584 1306 648 reliqui
1341 585 1611 650 scriptores
1642 592 1974 650 testarentur,
2024 602 2110 637 res

434 666 574 729 ipsae
620 665 741 713 satis
777 664 1029 712 docerent.
1098 663 1153 713 ld
1198 670 1366 714 autem
1413 666 1575 715 minus
1618 672 1914 732 assequutus
1958 671 2110 729 esset,

434 746 479 794 si
513 746 671 793 minus
705 744 929 792 homines
963 743 1117 807 taleS,
1167 745 1335 809 quales
1369 761 1540 794 revera
1574 751 1741 808 erant,
1774 747 1997 796 imitatus
2029 761 2112 796 es-

436 830 517 874 set
535 825 795 887 minusque
822 838 1007 883 rerum,
1044 840 1170 887 quae
1195 826 1514 875 tummaxime
1537 826 1852 889 gerebantur,
1875 826 2113 889 imagines

434 904 732 955 carminibus
767 902 1109 967 expressisset,
1143 920 1306 968 neque
1330 920 1495 954 mores
1521 910 1725 966 tantum,
1759 906 1850 955 sed
1878 919 1962 955 res
1991 920 2115 968 quo-

434 1000 531 1050 que
564 984 629 1034 de
662 982 826 1034 medio
862 986 1047 1031 sumtas
1079 983 1301 1033 imitatus
1338 990 1486 1036 esset.
1556 984 1759 1034 Etenim
1791 1000 1888 1034 non
1915 998 2116 1033 comoe-

433 1066 517 1115 dia
550 1064 656 1113 sola
692 1062 999 1111 Graecorum
1033 1062 1084 1113 in
1118 1065 1294 1113 mediis
1327 1064 1502 1127 rebuS,
1552 1080 1679 1128 quae
1717 1063 1851 1114 forte
1883 1076 2116 1128 gereren-

431 1149 547 1205 tur,
581 1143 770 1192 versari
806 1141 1028 1205 solebat,
1062 1143 1152 1192 sed
1189 1145 1443 1209 tragoedia
1476 1159 1688 1209 quoque,
1722 1143 1946 1207 quamvis
1979 1145 2118 1191 esset

430 1223 635 1288 rigidior
668 1227 721 1272 et
753 1238 782 1270 a
814 1221 1002 1288 vulgari
1034 1223 1134 1271 vita
1166 1224 1421 1284 remotior,
1461 1223 1702 1288 pleraque
1734 1224 1807 1272 sic
1839 1220 2118 1272 conforma·

433 1303 521 1352 bat
553 1306 857 1366 argumenta,
892 1306 950 1349 ut
984 1302 1354 1351 similitudinem
1385 1302 1635 1352 referrent
1667 1318 1856 1364 eorum,
1892 1317 2021 1366 quae
2051 1300 2115 1350 iis

432 1381 647 1431 maxime
690 1380 1030 1445 temporibus,
1085 1381 1264 1444 quibus
1298 1381 1495 1430 fabulae
1529 1382 1858 1443 docebantur,
1909 1381 2114 1432 fiebant.

430 1461 543 1511 Non
577 1460 733 1524 magis
767 1460 920 1525 igitur
953 1476 1016 1509 ex
1049 1459 1181 1508 fama
1214 1460 1576 1524 vetustissima,
1628 1477 1774 1525 quam
1809 1476 1871 1510 ex
1901 1460 2116 1509 veritate

431 1556 600 1590 rerum
647 1540 983 1604 praesentium
1027 1541 1231 1588 materia
1276 1539 1547 1588 carminum
1581 1541 1876 1605 petebatur,
1929 1539 2116 1605 quippe

432 1637 582 1686 quum
618 1634 679 1668 ex
711 1618 797 1666 illa
830 1623 1029 1683 praeter
1060 1619 1258 1668 nomina
1292 1633 1617 1682 personarum
1649 1620 1969 1682 locorumque
1991 1634 2115 1684 pau-

432 1700 633 1750 cissima
666 1702 844 1763 poetae
877 1699 926 1746 in
960 1713 1104 1746 usum
1127 1714 1269 1747 suum
1296 1705 1583 1747 convertere
1609 1698 1847 1759 solerent,
1883 1699 1933 1746 in
1966 1713 2116 1762 argu-

433 1780 614 1829 mentis
648 1783 814 1827 autem
850 1776 1216 1826 conformandis
1250 1781 1302 1826 et
1331 1777 1383 1825 in
1415 1778 1632 1836 moribus
1671 1777 2012 1827 describendis
2048 1778 2116 1825 si-

434 1859 758 1910 militudinem
793 1872 991 1915 eorum,
1038 1873 1165 1920 quae
1197 1857 1376 1906 veritas
1410 1857 1783 1922 suppeditabat,
1829 1857 1903 1906 sic
1937 1872 2115 1920 seque-

433 1944 623 2000 rentur,
644 1942 698 1986 ιιι
720 1936 997 2001 colligendo
1024 1936 1263 2001 dissipata
1292 1942 1344 1985 et
1366 1936 1429 1985 ad
1454 1937 1769 1986 concordiam
1785 1926 2118 2000 discrepantia

432 2018 710 2071 revocando
743 2015 934 2065 fabulas
962 2020 1317 2080 componerent
1350 2016 1441 2075 sic,
1477 2021 1533 2065 ut
1566 2022 1618 2066 et
1649 2016 1904 2066 movendis
1939 2013 2117 2063 animis

434 2105 487 2149 et
521 2097 835 2148 consolandis
870 2100 921 2143 et
953 2095 1302 2144 confirmandis
1330 2095 1510 2145 civium
1537 2101 1683 2160 aptae
1706 2101 1890 2156 essent,
1922 2099 1976 2143 et
1999 2108 2116 2143 suo-

433 2194 544 2227 rum
579 2178 787 2241 quisque
819 2179 924 2222 tum
957 2174 1199 2222 malorum
1241 2180 1347 2222 tum
1380 2177 1621 2224 bonorum
1654 2175 1889 2239 imagines
1932 2174 1993 2222 iis
2027 2187 2114 2222 ex-

433 2273 635 2323 pressas
667 2257 959 2305 intueretur.

564 2335 871 2385 Invitabatur
904 2336 1070 2382 autem
1118 2333 1182 2382 ad
1214 2334 1311 2382 hoc
1344 2349 1498 2399 genus
1532 2333 1815 2384 imitationis
1850 2331 2114 2398 Euripides

433 2422 484 2468 et
519 2416 699 2467 civium
732 2414 984 2462 voluntate
1018 2417 1068 2461 et
1102 2412 1407 2477 reipublicae
1440 2419 1628 2463 natura.
1677 2414 1880 2463 Etenim
1906 2427 2115 2462 necesse

435 2502 514 2547 est
570 2497 619 2545 in
653 2495 821 2543 liberis
859 2492 1133 2541 civitatibus
1167 2508 1264 2542 non
1298 2493 1458 2541 solum
1492 2509 1619 2557 quae
1653 2493 1716 2542 ad
1749 2509 1897 2543 usum
1927 2492 2115 2541 utilita-

436 2582 642 2640 temque
673 2578 924 2639 parantur‚
965 2587 1136 2621 verum
1172 2572 1323 2621 etiam
1357 2588 1482 2636 quae
1516 2573 1579 2621 ad
1614 2573 1990 2622 delectationem
2021 2585 2115 2635 po-

434 2657 542 2722 puli
574 2656 925 2713 instituuntur,
971 2651 1215 2716 imprimis
1250 2650 1507 2701 Musarum
1541 2658 1705 2711 artes,
1751 2649 2115 2701 accommodari

432 2736 497 2784 ad
529 2751 642 2796 reS,
679 2735 855 2798 quibus
889 2730 1035 2796 vulgo
1069 2746 1240 2780 omnes
1274 2737 1551 2794 moventur,
1585 2735 1637 2781 et
1670 2732 1917 2796 quoddam
1951 2729 2014 2778 ad
2037 2729 2114 2777 di-

432 2815 666 2879 rigendas
707 2813 963 2862 homimun
1006 2811 1281 2860 voluntates
1325 2816 1626 2860 momentum
1672 2811 1860 2862 facere.
1936 2807 2114 2871 Neque

434 2894 646 2942 difficile
681 2898 760 2942 est
791 2892 879 2953 iis,
933 2890 1018 2955 qui
1062 2889 1353 2948 attendunt,
1404 2892 1629 2956 cognitu,
1677 2892 1869 2955 quinam
1903 2886 2111 2951 singulis

432 2972 618 3022 fabulis
651 2972 803 3021 insint
836 2971 1117 3030 hominum,
1151 2970 1236 3032 qui
1269 2971 1419 3019 rebus
1453 2975 1714 3036 praeerant
1743 2966 1994 3033 gerendiS,
2028 2982 2110 3014 re-

434 3057 655 3118 spectuS,
690 3065 930 3115 quaenam
964 3064 1132 3099 rerum
1168 3049 1403 3098 imitatio:
1439 3051 1569 3114 quod
1604 3051 1647 3099 si
1680 3063 1805 3113 quae
1836 3045 1989 3111 privis
2018 3045 2112 3094 ho-

432 3131 646 3182 minibus
696 3146 873 3194 magna
915 3128 1197 3178 acciderunt
1229 3128 1405 3177 eadem
1453 3128 1725 3194 diligentia,
1775 3141 1870 3190 qua
1900 3140 1985 3174 res
2018 3141 2112 3190 pu-

430 3210 564 3262 blice
596 3214 794 3272 gestae,
852 3208 1121 3257 memoriae
1167 3207 1227 3255 ab
1271 3208 1522 3257 historicis
1568 3206 1750 3256 tradita
1795 3208 1991 3267 essent,
2046 3204 2111 3254 de

431 3289 654 3338 fontibus
699 3289 1022 3354 tragicorum,
1069 3286 1310 3350 imprimis
1343 3286 1626 3352 Euripidis,
1670 3285 1890 3334 iudicare
1922 3283 2110 3333 rectius

431 3369 623 3419 liceret.
698 3367 1011 3416 Publicarum
1051 3370 1215 3414 autem
1259 3382 1424 3416 rerum
1470 3371 1523 3415 et
1564 3364 1843 3430 principum
1889 3350 2107 3412 virorum

431 3447 799 3499 similitudinem
830 3444 1092 3510 tragoediis
1131 3460 1417 3509 expressam
1447 3444 1745 3509 investigare
1789 3442 2106 3494 utilissimum
