2170 3848
1083 250 1204 307 146

461 396 596 465 ἀνὴρ
632 395 679 446 δ’
715 392 775 456 ὃς
807 389 942 448 εἶναι
977 395 1101 463 φῄς,
1136 392 1324 459 ἀνέρος
1357 396 1456 449 οὐκ
1486 398 1634 461 ἄξιον
1705 411 1709 412 ’

464 477 637 530 δειλὸν
669 479 953 544 κεκλῆσθαι
985 474 1073 528 καὶ
1105 478 1285 526 νοσεῖν
1318 476 1536 543 αἰσχρὰν
1567 479 1746 531 νόσον.

335 561 568 625 Quaerit,
627 575 741 607 num
788 559 1041 644 exstinctis
1087 558 1272 606 civibus
1316 573 1519 622 regnum
1566 574 1712 611 suum
1767 564 1995 611 constare

333 655 484 707 posse
518 639 771 703 opinetur:

461 716 518 769 αἱ
546 715 649 781 γὰρ
683 716 857 776 πόλεις
890 715 983 766 εἴσ’
1018 714 1222 781 ἄνδρες,
1258 715 1358 766 οὐκ
1401 712 1607 781 ἐρημία.

335 800 555 864 Denique
589 799 851 847 absurdum
887 813 999 846 esse
1033 797 1154 846 dicit
1188 813 1277 860 spe
1310 798 1521 846 animum
1553 809 1776 862 pascere,
1809 797 1895 847 ubi
1925 797 1995 846 nil

335 882 432 929 iam
467 877 761 943 sperandum
800 878 890 925 sit:

461 956 528 1007 δι’
564 952 773 1015 ἐλπίδος
811 957 868 1020 ζῆ
907 951 995 1004 καὶ
1031 953 1097 1004 δι’
1133 950 1344 1015 ἐλπίδος
1377 952 1596 1021 τρέφον.

330 1040 712 1088 Perseveranter
747 1052 863 1098 rege
895 1042 1182 1097 recusante,
1230 1053 1341 1084 cum
1385 1036 1654 1101 periculum
1704 1034 1870 1083 domui
1916 1051 1996 1083 re-

329 1121 435 1184 giae
469 1116 761 1176 immineret,
797 1114 1005 1162 Phrixus
1041 1115 1168 1163 ultro
1203 1132 1259 1164 se
1291 1115 1639 1164 immolandum
1661 1113 1854 1164 obtulit.
1888 1114 1996 1178 Hy-

333 1200 500 1264 ginus:
568 1194 748 1257 „Quod
787 1211 895 1243 cum
931 1195 1167 1242 Athamas
1197 1211 1252 1244 se
1278 1195 1523 1244 facturum
1547 1194 1816 1252 abnuisset,
1850 1193 1997 1242 Phri-

331 1294 422 1328 xus
454 1276 583 1325 ultro
618 1290 674 1322 ac
708 1274 863 1322 libens
899 1274 1161 1337 pollicetur
1197 1291 1251 1322 se
1284 1291 1436 1324 unum
1485 1274 1730 1322 civitatem
1765 1289 1998 1325 aerumna

333 1352 696 1406 liberaturum.”
778 1352 1020 1401 Generosi
1061 1354 1387 1402 adolescentis
1440 1355 1598 1402 oratio
1637 1352 1997 1417 philosophicis

334 1433 592 1485 sententiis
638 1437 869 1481 exornata
902 1431 1028 1493 fuit,
1075 1433 1207 1481 velut
1252 1433 1432 1493 hacce,
1480 1449 1625 1496 quam
1661 1432 1771 1481 risit
1803 1433 1995 1482 Aristo-

335 1517 552 1580 phanes:

462 1590 539 1651 τίς
573 1591 620 1641 δ’
657 1584 820 1653 οἶδεν,
857 1588 901 1640 εἰ
934 1591 1027 1658 ζῆν
1059 1592 1233 1655 τοῦθ’,
1269 1590 1298 1641 ὃ
1331 1589 1573 1655 κέκληται
1604 1592 1811 1654 θανεῖν,

462 1670 523 1722 τὸ
558 1672 652 1738 ζῆν
687 1668 742 1721 δὲ
775 1670 1029 1736 θνήσκειν
1064 1667 1201 1729 ἐστί,·
1233 1668 1369 1736 πλὴν
1402 1668 1545 1734 ὅμως
1578 1671 1788 1737 βροτῶν

465 1755 722 1802 νοσοῦσιν
755 1748 807 1800 οἱ
839 1749 1130 1814 βλέποντες,
1167 1749 1219 1800 οἱ
1252 1749 1298 1802 δ’
1334 1749 1587 1812 ὀλωλότες

463 1830 624 1882 οὐδὲν
657 1833 917 1881 νοσοῦσιν
951 1828 1075 1880 οὐδὲ
1106 1828 1378 1896 κέκτηνται
1412 1830 1563 1882 κακοί.

336 1912 500 1962 Potuit
523 1912 699 1975 fragm.
726 1911 820 1960 inc.
846 1914 957 1960 238.
987 1911 1068 1959 hic
1102 1911 1265 1960 locum
1298 1912 1508 1962 habere:

467 1991 526 2041 τὸ
561 1987 657 2055 μὲν
690 1990 959 2054 σφαγῆναι
993 1988 1185 2052 δεινόν,
1223 1991 1457 2040 εὔκλειαν
1490 1988 1540 2041 δ’
1573 1989 1689 2057 ἔχει,

467 2070 528 2122 τὸ
562 2067 634 2137 μὴ
668 2071 859 2121 θανεῖν
894 2065 950 2119 δὲ
986 2067 1173 2129 δειλόν,
1208 2068 1376 2136 ἡδονὴ
1408 2063 1457 2120 δ’
1490 2066 1582 2121 ἔνι.

334 2152 540 2201 Ducitur
572 2152 724 2215 igitur
757 2150 819 2199 ad
852 2167 982 2198 aram
1018 2149 1252 2210 Phrixus,
1302 2151 1452 2199 choro
1498 2168 1612 2200 eum
1654 2166 1764 2199 cum
1811 2125 1997 2214 paeane

334 2238 386 2281 et
430 2231 836 2296 gratulationibus
884 2236 1230 2294 prosequente.
1297 2230 1429 2278 Inter
1473 2231 1603 2279 hunc
1636 2236 1833 2279 cantum
1866 2230 1996 2278 acci-

333 2314 458 2362 dunt
492 2327 564 2371 ea,
601 2326 726 2375 quae
757 2311 837 2358 his
872 2309 1036 2358 verbis
1057 2305 1292 2373 Hyginus
1316 2310 1542 2374 exponit:
1607 2311 1812 2375 „Itaque
1845 2325 1995 2374 quum

332 2392 394 2440 ad
429 2407 562 2440 aram
595 2406 708 2438 cum
742 2389 909 2438 infulis
943 2394 1078 2437 esset
1112 2389 1369 2449 adductuS,
1405 2394 1456 2438 et
1488 2395 1632 2454 pater
1663 2391 1828 2440 Iovem
1861 2405 1996 2439 com-

333 2471 528 2537 precari
563 2470 727 2530 vellet,
763 2468 962 2517 satelles
986 2468 1321 2516 misericordia
1345 2469 1677 2519 adolescentis
1701 2471 1815 2519 Inus
1840 2469 1995 2518 Atha-

332 2550 486 2600 manti
519 2550 776 2599 consilium
811 2543 1103 2612 patefecit.’'
1167 2547 1306 2596 Haec
1338 2563 1435 2596 non
1470 2549 1518 2596 in
1554 2554 1870 2614 scenaacta,
1905 2548 1996 2597 sed

331 2646 424 2694 per
467 2630 687 2678 nuntium
745 2628 964 2692 exposita
1020 2624 1151 2688 esse]
1175 2626 1416 2676 videntur.
1498 2627 1802 2678 Narrationis
1847 2629 1997 2678 vesti-

332 2709 463 2773 gium
514 2713 675 2757 exstat
718 2709 848 2773 apud
898 2706 1158 2755 Photium:
1226 2704 1551 2771 »πώγωνα
1594 2708 1841 2775 πυρός,
1898 2705 1997 2774 τὴν

332 2785 616 2849 α’ναφορὰν
647 2790 747 2839 τοῦ
780 2785 978 2850 πυρός·
1015 2784 1313 2851 Εὐριπίδης
1350 2787 1587 2853 Φρίξῳ”,
1622 2791 1753 2854 quod
1787 2791 1850 2838 de
1881 2790 1996 2855 igne

333 2868 559 2916 altarium
607 2868 794 2917 dictum
841 2883 954 2916 esse
999 2868 1206 2916 videtur.
1273 2866 1372 2916 Pro
1419 2869 1635 2919 clausula
1681 2870 1807 2919 hauc
1838 2869 1993 2918 fuisse

330 2948 624 2997 sententiam
658 2948 898 2996 arbitror.

463 3023 600 3085 οςτις
635 3023 693 3076 δὲ
723 3026 940 3092 θνητῶν
974 3023 1135 3076 οἴεται
1166 3019 1290 3075 καθ’
1318 3022 1523 3092 ἡμέραν

461 3105 630 3158 κακόν
664 3123 714 3156 τι
747 3105 999 3170 πρασσων
1030 3098 1157 3165 τοὺς
1188 3097 1352 3166 θεους
1382 3104 1675 3173 λεληθέναι,

464 3185 614 3238 δοκεῖ
643 3185 857 3251 πονηρὰ
889 3184 978 3238 καὶ
1005 3185 1181 3238 δοκῶν
1214 3183 1505 3240 ἁλίσκεται·

459 3264 590 3318 ὅταν
622 3264 817 3333 σχολην
848 3269 1058 3332 ἄγουσα
1089 3267 1323 3334 τυγχάνῃ
1358 3267 1512 3335 Δίκη,

454 3346 712 3413 τιμωρίαν
744 3347 911 3399 ἔτισεν
945 3336 1022 3399 ὧν
1052 3339 1205 3413 ἧρξεν
1237 3348 1432 3399 κακῶν.

326 3425 612 3482 Praesentis
646 3429 775 3480 enim
807 3430 1019 3480 numinis
1052 3429 1101 3478 vi
1135 3432 1283 3493 atque
1315 3429 1535 3495 potentia
1564 3427 1850 3477 adolescens
1885 3442 1988 3478 ser-
