2124 3860
975 279 1095 336 299

211 432 454 483 Goethius
489 430 539 478 in
571 443 723 492 opere
757 442 834 488 eo,
866 441 962 490 quo
995 423 1352 487 citharoedum,
1389 423 1594 473 alterum
1627 420 1868 526 Oedipum

213 512 561 602 Sophocleum,
598 508 808 564 effinxit,
845 506 1098 572 professus
1129 510 1229 552 est·

343 592 463 641 Wer
497 591 578 638 nie
612 589 716 636 sein
752 588 880 636 Brod
916 587 1002 633 mit
1035 583 1265 633 Thriinen
1302 584 1392 643 ass,

344 672 462 721 Wer
497 670 575 717 nie
609 669 690 716 die
724 666 1105 715 kummervollen
1141 664 1330 712 Nachte

344 752 451 801 Auf
483 752 666 798 seinem
702 748 843 795 Bette
877 745 1095 793 weinend
1133 744 1252 800 sass,

343 831 442 880 Der
476 831 624 877 kennt
657 829 781 876 euch
817 826 967 884 nicht,
1004 826 1080 873 ihr
1114 824 1458 873 himmlischen
1491 821 1707 872 Miichte.

344 911 429 959 Ihr
462 909 601 957 fuhrt
634 909 706 956 ins
744 907 910 955 Leben
947 922 1035 953 uns
1071 905 1255 964 hincin,

345 991 424 1039 ihr
459 989 572 1037 lasst
606 989 699 1036 den
737 990 914 1035 Armen
950 986 1176 1048 schuldig
1211 984 1438 1045 werden3

344 1069 480 1118 Dann
515 1067 755 1116 'uberlal'st
786 1066 863 1114 ihr
898 1067 982 1114 ihn
1017 1065 1103 1112 der
1140 1065 1284 1113 Pein:

345 1151 484 1200 Denn
520 1148 615 1195 alle
650 1146 834 1194 Schuld
871 1146 1009 1194 riicht
1043 1146 1147 1193 sicli
1183 1145 1271 1193 auf
1302 1145 1493 1194 Erden!

219 1232 400 1281 Contra
450 1227 702 1291 Euripidis
750 1233 799 1274 et
858 1226 1067 1274 carmina
1118 1226 1340 1273 universa
1388 1230 1438 1273 et
1490 1224 1879 1290 perfectissimae

218 1325 440 1376 quaeque
474 1307 668 1354 virtutis
703 1306 940 1369 imagines
987 1305 1164 1353 docent
1197 1321 1282 1363 ea,
1330 1321 1455 1368 quae
1489 1304 1618 1353 Posa
1650 1305 1877 1356 Schilleri

217 1391 361 1439 factis
398 1387 638 1449 dictisque
677 1385 916 1434 ostendit:

349 1468 484 1529 „ob
534 1483 598 1514 er
645 1465 952 1514 vollende
1000 1465 1156 1513 oder
1203 1465 1600 1528 unterliege‚

349 1548 480 1596 Ihm
526 1546 837 1595 einerlei!
890 1546 972 1594 Er
1016 1545 1164 1611 lege
1210 1546 1392 1594 Hand
1431 1545 1563 1594 an!''
1599 1551 1694 1597 etc.

222 1628 506 1679 Promethei
542 1627 740 1690 quidam
779 1631 892 1674 suut
939 1632 991 1674 et
1024 1626 1338 1674 consiliorum
1375 1625 1577 1674 audacia
1611 1633 1661 1675 et
1695 1626 1882 1676 animo-

219 1726 327 1760 rum
364 1707 696 1773 magnitudine
732 1722 1050 1771 personarum
1087 1706 1339 1771 Euripidis
1374 1722 1477 1768 eae,
1511 1723 1633 1770 quas
1658 1713 1885 1772 tanquam

224 1787 550 1852 exemplaria,
613 1802 738 1849 quae
786 1787 1112 1845 imitaremur,
1171 1786 1458 1851 proposuit3
1519 1803 1678 1852 neque
1722 1793 1886 1837 tamen

227 1868 528 1918 contumacia
574 1873 626 1915 et
659 1865 979 1925 confidentia,
1016 1865 1103 1913 sed
1137 1866 1343 1927 virtute,
1389 1867 1748 1929 magnificentia
1782 1872 1887 1918 stu-

227 1949 447 2006 diorum,
494 1947 720 1995 libertate
764 1946 1030 1994 animorum
1071 1962 1181 1993 cum
1217 1946 1308 1994 diis
1346 1948 1660 1997 contendunt.
1727 1947 1890 1996 Nimia

226 2029 343 2077 vitia
387 2028 655 2090 nimiasque
713 2027 979 2074 animorum
1024 2027 1415 2091 perturbationes
1460 2027 1518 2075 ab
1567 2043 1627 2076 eo
1680 2028 1888 2093 exprimi

227 2112 401 2174 poeta,
447 2108 530 2171 qui
565 2107 734 2155 nimias
767 2108 972 2155 virtutes
1008 2106 1306 2171 depinxerit,
1359 2112 1411 2156 et
1442 2107 1624 2157 furoris
1658 2107 1890 2156 affectum

228 2189 509 2252 amorisque
549 2187 759 2236 eundem
805 2187 1206 2250 frequentissime
1251 2189 1457 2246 imitari,
1505 2189 1588 2252 qui
1624 2188 1891 2253 sapientiae

226 2268 524 2332 praestantia
559 2276 736 2332 quanta
771 2274 905 2315 esset
939 2268 1203 2315 ostendere
1237 2269 1474 2331 voluerit,
1510 2269 1653 2333 plane
1687 2283 1892 2317 necesse

229 2353 323 2397 est.
390 2347 532 2412 Apud
569 2348 864 2413 Sophoclem
899 2364 1015 2396 vero
1050 2364 1208 2412 neque
1237 2350 1444 2398 virtutes
1467 2365 1626 2414 neque
1649 2350 1761 2397 vitia
1786 2363 1891 2397 mo-

229 2428 344 2476 dum
388 2429 632 2477 excedunt
678 2435 730 2477 et
773 2429 1052 2477 dominatur
1098 2430 1420 2478 mansuetudo
1466 2430 1703 2494 quaedam
1739 2427 1894 2493 epicis

230 2508 386 2572 magis
433 2525 579 2572 quam
628 2509 825 2572 tragicis
883 2510 1030 2557 rebus
1083 2509 1275 2558 idonea.
1359 2511 1662 2575 Comparatis
1711 2501 1892 2558 utrius-

233 2602 328 2650 que
371 2592 548 2652 poetae
593 2588 845 2647 laudibus}
894 2594 1122 2638 neutrum
1168 2591 1306 2638 alteri
1347 2590 1726 2656 praeferendum
1782 2605 1895 2638 esse

233 2673 426 2716 veteres
484 2670 727 2716 communi
792 2670 900 2717 fere
952 2686 1194 2718 consensu
1246 2671 1549 2732 iudicarunt,
1613 2687 1640 2718 a
1688 2685 1893 2735 quorum

233 2748 477 2808 aequitate
510 2748 651 2812 longe
686 2749 948 2799 abfuerunt
981 2751 1310 2799 recentissimi
1344 2752 1660 2812 nostratium,
1697 2750 1780 2814 qui
1807 2766 1894 2798 au-

233 2824 338 2874 dire
372 2827 646 2876 debuerunt
679 2829 965 2879 Ciceronem
1002 2832 1126 2880 haec
1159 2833 1205 2879 in
1240 2832 1321 2880 lib.
1359 2832 1421 2878 de
1456 2838 1574 2880 orat.
1599 2831 1681 2889 ln,
1712 2835 1759 2880 7.
1795 2830 1897 2879 dis-

234 2912 506 2955 serentem:
554 2908 778 2969 ,‚Natura.,
812 2911 943 2960 nulla
978 2920 1084 2972 est,
1129 2920 1184 2960 ut
1219 2913 1338 2960 mini
1372 2912 1594 2974 videtur,
1643 2928 1768 2975 quae
1801 2926 1896 2959 non

235 2985 413 3035 habeat
458 2988 504 3036 iu
556 3004 643 3036 suo
689 3006 870 3053 genere
915 3009 996 3041 res
1032 2994 1311 3057 complures
1362 2992 1626 3042 dissimiles
1662 2993 1790 3041 inter
1823 3007 1896 3051 se,

238 3083 361 3130 quae
408 3074 568 3115 tamen
617 3070 855 3118 consimili
902 3073 1048 3122 laude
1096 3074 1370 3135 dignentur.
1451 3073 1572 3121 Nam
1616 3079 1665 3121 et
1699 3072 1896 3120 auribus

237 3146 389 3195 multa
421 3149 741 3213 percipiinuS‚
779 3166 920 3214 quae,
956 3155 1047 3202 etsi
1081 3170 1169 3202 nos
1204 3155 1406 3201 vocibus
1440 3153 1701 3214 delectant,
1734 3158 1899 3201 tamen

237 3224 307 3274 ita
341 3234 454 3275 sunt
488 3229 615 3276 varia
644 3245 808 3294 saepe,
843 3237 898 3280 ut
931 3234 996 3290 id,
1033 3234 1161 3298 quod
1198 3234 1471 3296 proximum
1507 3234 1693 3295 audias,
1727 3233 1897 3280 iucun-

239 3304 493 3354 dissimum
531 3325 642 3356 esse
676 3309 924 3371 videatur3
964 3318 1014 3362 et
1049 3314 1205 3362 oculis
1241 3314 1538 3379 colliguntur
1572 3328 1725 3378 paene
1759 3311 1896 3358 innu-

239 3386 498 3435 merabiles
533 3389 833 3454 voluptateS,
880 3409 1005 3456 quae
1039 3410 1127 3442 nos
1160 3394 1226 3441 ita
1260 3395 1485 3459 capiunt,
1521 3400 1574 3442 ut
1608 3407 1753 3442 unum
1786 3405 1898 3439 sen·

238 3479 347 3516 sum
381 3466 604 3517 dissimili
636 3485 816 3534 genere
849 3471 1113 3535 delectent,
1148 3480 1199 3522 et
1230 3474 1446 3538 reliquos
1480 3487 1653 3523 sensus
1678 3470 1898 3535 volupta-
