2170 3848
905 294 1024 350 113

139 441 486 492 Andromacha
522 441 837 500 concumbit,
889 443 1021 507 quod
1070 440 1273 489 invitam
1318 455 1372 488 se
1405 440 1575 491 facere
1627 446 1814 494 testans

142 521 443 571 Hermionae
491 537 587 570 non
632 522 913 586 persuadet.
983 521 1203 584 Denique
1250 525 1441 583 pestem
1477 522 1816 588 coniugiorum

139 617 256 650 esse
289 600 522 664 pellicum
559 617 752 650 amores
787 601 973 661 dicens,
1009 599 1306 648 sententiam
1330 599 1508 648 effatur
1530 616 1654 664 eam,
1691 619 1816 667 quae

137 680 281 730 huius
317 680 555 729 dramatis
590 684 878 744 argumento
911 679 1022 743 ipso
1058 678 1391 727 confirmatur.

270 759 646 809 Andromachae
689 758 843 806 oratio
888 758 1136 822 prudenS,
1183 757 1459 821 eademque
1503 763 1556 808 et
1598 762 1816 812 animosa

140 844 193 889 et
226 839 536 888 considerata
570 842 675 896 est,
727 835 1316 901 planequeconstantiae
1359 838 1577 888 feminae
1620 842 1816 905 probis-

141 919 296 968 simae
340 915 719 966 accommodata.
788 915 1058 965 Exordium
1106 933 1168 966 ex
1213 917 1541 966 insinuatione
1583 926 1635 968 et
1679 921 1815 984 prin-

140 998 272 1063 cipio
318 998 528 1045 constat.
597 994 819 1044 Primum
868 997 997 1045 enim
1044 997 1155 1045 l'oco
1200 997 1447 1045 communi
1482 998 1662 1047 utitur:
1709 1017 1815 1049 ma-

137 1077 242 1125 lum
276 1077 389 1124 esse
422 1075 758 1134 iuventutem,
794 1081 846 1124 et
878 1076 930 1123 in
963 1077 1219 1125 iuventute
1252 1076 1556 1125 iniustitiam.
1625 1077 1817 1129 Deinde

135 1154 301 1204 vereri
347 1169 403 1202 se
449 1153 606 1213 dicit,
654 1169 745 1217 ne,
796 1155 1030 1219 quoniam
1066 1156 1174 1219 ipsa
1208 1170 1350 1203 serva
1385 1156 1473 1216 sit,
1520 1156 1682 1206 locum
1718 1174 1816 1209 non

134 1234 352 1283 inveniat
385 1233 544 1282 oratio
579 1248 683 1295 sua,
718 1250 841 1283 neve
874 1236 982 1299 ipsa
1016 1235 1215 1296 veritaS‚
1253 1235 1383 1297 quod
1418 1236 1547 1284 vinci
1582 1252 1637 1286 se
1671 1255 1816 1301 argu-

135 1314 314 1362 mentis
350 1329 499 1378 aegre
533 1313 695 1362 ferant
727 1316 1049 1377 potentiores,
1085 1315 1178 1363 sibi
1212 1313 1510 1364 detrimento
1537 1317 1616 1365 sit.
1685 1317 1816 1368 Tum

136 1393 340 1442 crimina
375 1393 515 1442 diluit
548 1398 601 1442 et
635 1395 944 1458 suspiciones
979 1394 1219 1445 absurdas
1255 1410 1370 1443 esse
1403 1396 1635 1445 ostendit.
1697 1399 1815 1448 Inde

133 1488 278 1522 veras
327 1488 555 1533 caussas,
612 1480 819 1538 propter
867 1490 988 1538 quas
1032 1475 1303 1523 Hermione
1351 1490 1379 1522 a
1420 1476 1596 1523 marito
1638 1493 1815 1540 parum

132 1557 340 1612 ametur,
373 1553 585 1616 ingenue
618 1555 835 1618 exponit.
906 1552 1260 1602 Vehementius
1308 1553 1378 1601 ait
1410 1555 1679 1619 modestia,
1727 1558 1815 1606 ob-

135 1632 338 1696 sequio,
372 1633 705 1696 indulgentia,
742 1634 1003 1698 pudicitia,
1043 1649 1187 1698 quam
1223 1634 1538 1682 formositate
1572 1638 1814 1700 corporis,

112 1727 352 1761 -amorem
398 1713 673 1774 conciliari3
723 1714 855 1762 nulla
895 1719 1061 1762 autem
1111 1729 1166 1761 re
1210 1714 1340 1760 viros
1389 1714 1543 1776 magis
1596 1715 1814 1777 alienari,

135 1806 280 1855 quam
296 1793 570 1856 arrogantia
590 1798 642 1841 et
665 1794 953 1842 concubitus
980 1792 1249 1856 cupiditate
1271 1808 1446 1856 parum
1472 1793 1647 1843 celata.
1684 1795 1816 1844 Cha-

133 1871 454 1920 racterismus
484 1872 616 1920 inest
646 1872 815 1920 hisce:
875 1871 984 1931 Tu,
1029 1873 1071 1919 si
1107 1871 1225 1934 quid
1259 1877 1310 1919 te
1343 1873 1544 1936 pungit,
1588 1891 1815 1941 magnam

135 1950 260 1999 dicis
277 1949 545 1999 Lacaenam
569 1952 831 2007 civitatem,
861 1951 1070 2014 Scyrum
1101 1951 1239 1998 nihili
1259 1950 1401 2011 facis,
1438 1951 1636 2002 divitem
1663 1959 1715 2004 te
1738 1957 1814 2006 in-

135 2035 214 2078 ter
237 2045 416 2092 egenos
441 2030 562 2090 ferS,
594 2031 851 2079 etAchille
875 2031 1031 2078 maior
1058 2031 1147 2077 tibi
1174 2033 1252 2078 est
1278 2031 1552 2084 Menelaus,
1586 2033 1680 2083 His
1707 2051 1815 2084 mo-

137 2109 273 2158 ribus
321 2109 468 2174 plane
515 2110 786 2158 contrarios
838 2125 892 2158 se
925 2110 1080 2173 ipsam
1117 2109 1326 2159 Hectori
1362 2113 1603 2174 quondam
1639 2116 1814 2165 marito

135 2204 225 2237 suo
259 2188 546 2238 exhibuisse
580 2190 815 2242 ostendit.
885 2190 936 2238 ln
961 2190 1068 2238 fine
1101 2189 1197 2237 hac
1231 2191 1388 2239 utitur
1412 2193 1677 2242 sententia:
1712 2196 1816 2244 noli

133 2272 342 2318 matrem
378 2275 510 2317 tuam
546 2270 762 2318 imitari:
809 2270 1051 2318 malarum
1095 2269 1223 2318 enim
1270 2279 1484 2319 matrum
1528 2288 1693 2322 mores
1739 2275 1814 2323 vi-

133 2352 242 2397 tant
272 2347 436 2406 filiae,
485 2350 662 2413 quibus
711 2365 830 2398 sana
864 2356 942 2398 est
976 2365 1133 2398 mens.
1205 2350 1310 2398 Has
1347 2351 1591 2399 orationes
1628 2354 1816 2418 excipit

131 2427 402 2484 altercatio,
436 2443 532 2491 qua
565 2429 866 2488 Hermione,
911 2446 1058 2493 quum
1095 2445 1234 2478 suam
1269 2445 1492 2478 caussam
1528 2431 1814 2482 inferiorem

133 2523 248 2556 esse
294 2507 566 2571 intelligat,
612 2509 721 2557 sine
765 2509 1050 2573 ambagibus
1099 2509 1406 2558 moriendum
1443 2511 1665 2560 aemulae
1701 2529 1814 2562 esse

133 2586 384 2647 declarat,
420 2603 604 2652 seque,
637 2589 733 2638 nisi
766 2589 943 2638 lubens
977 2589 1062 2636 illa
1098 2588 1358 2637 delubrum
1394 2589 1517 2638 deae
1551 2591 1812 2655 relinquat,

131 2667 436 2715 inventuram
473 2677 586 2717 esse
621 2685 706 2730 ea,
754 2669 930 2734 quibus
979 2669 1088 2733 cogi
1120 2668 1308 2731 possit,
1355 2669 1585 2719 minatur.
1657 2671 1812 2720 Cuius

132 2745 280 2794 minis
314 2761 412 2795 non
447 2753 674 2798 movetur
716 2748 1090 2806 Andromache3
1135 2754 1352 2797 ceterum
1403 2751 1677 2800 remedium
1710 2768 1812 2800 ma-

131 2826 290 2874 litiae
316 2826 607 2886 mulierum,
662 2829 1000 2877 atrocissimae
1044 2828 1232 2892 pestiS,
1277 2827 1464 2876 nullum
1501 2845 1530 2876 a
1564 2830 1658 2879 diis
1696 2846 1812 2879 con-

132 2921 328 2954 cessum
364 2922 476 2955 esse
511 2909 748 2971 queritur.
1390 2913 1394 2917 ’

264 2984 359 3033 His
395 2987 609 3050 peractis
646 2987 825 3036 chorus
862 2988 925 3036 ad
975 3003 1199 3037 caussam
1234 2987 1354 3036 belli
1388 2987 1590 3038 Troiani
1622 3005 1811 3039 memo-

131 3063 206 3114 ria
253 3065 455 3114 rediens
505 3066 654 3114 trium
700 3067 902 3115 dearum
953 3069 1316 3117 contentionem
1368 3074 1419 3117 et
1453 3068 1645 3119 Paridis
1681 3070 1812 3119 iudi-

132 3144 262 3192 cium
299 3150 351 3193 et
382 3146 652 3210 perniciem
687 3147 746 3194 ab
781 3146 878 3195 hoc
913 3148 1167 3196 universae
1202 3148 1336 3211 genti
1369 3148 1571 3197 inlatum
1599 3151 1814 3198 carmine

133 3223 500 3287 elegantissimo
558 3225 888 3289 persequitur.
975 3219 1132 3275 Cuius
1181 3228 1640 3277 commemorandae
1689 3228 1812 3276 duas

130 3301 291 3351 fuisse
323 3304 469 3354 video
502 3320 727 3366 caussas,
762 3320 965 3368 quarum
1001 3307 1154 3355 altera
1189 3311 1297 3367 est,
1343 3308 1475 3371 quod
1509 3307 1688 3357 illustri
1722 3307 1813 3354 ali-

131 3396 229 3444 quo
262 3384 488 3449 exemplo
522 3389 682 3449 poeta,
719 3399 867 3447 quam
900 3386 1206 3449 perniciosae
1254 3392 1422 3436 essent
1466 3390 1574 3436 tum
1607 3386 1815 3435 femina-

129 3475 242 3509 rum
276 3463 624 3512 aemulationes
660 3467 765 3513 tum
788 3464 1004 3515 virorum
1034 3465 1283 3528 libidines,
1341 3466 1607 3516 ostendere
1635 3465 1813 3525 voluit3

194 3537 258 3592 T.
285 3540 345 3590 Il.
1455 3549 1488 3596 8
