2170 3848
1184 272 1306 328 110

423 419 635 469 monium
669 415 836 477 duxit,
871 431 1024 480 quae,
1061 431 1210 480 quum
1245 415 1428 465 sterilis
1461 420 1624 478 esset,
1659 417 1898 468 aemulam
1929 435 2075 470 accu-

423 499 563 557 savit,
613 496 831 544 sterilem
867 511 922 544 se
963 496 1144 545 factam
1180 511 1293 544 esse
1325 495 1624 558 invisamque
1656 497 1830 546 marito
1865 500 2074 547 occultis

415 577 545 625 illius
591 575 991 633 medicamentiS,
1051 591 1177 639 quae
1212 575 1411 639 quidem
1443 579 1628 624 tantum
1659 577 1830 626 aberat
1876 582 1931 627 ut
1978 579 2075 626 tori

419 654 665 705 consortio
698 654 1043 715 delectaretur,
1076 659 1147 715 ut,
1182 671 1293 703 cum
1314 653 1556 719 principio
1581 654 1731 704 invita
1757 656 1947 720 inisset,
1979 657 2078 706 hoc

418 739 641 798 tempore
674 733 770 782 iam
803 734 1103 798 reliquisset.
1171 734 1420 796 Quaerens
1455 739 1620 783 autem
1643 734 1908 784 Hermiona
1931 752 2076 785 occa-

418 815 606 862 sionem
640 813 860 862 aemulae
894 829 1004 863 cum
1037 813 1140 861 filio
1175 814 1281 862 eius
1310 813 1626 871 occidendae,
1661 813 1983 878 Neoptolemo
2015 815 2076 864 ad

418 893 666 942 oraculum
712 892 1004 956 Delphicum
1058 892 1295 956 profecte
1329 893 1496 941 statim
1543 897 1739 956 patrem
1763 909 1845 942 *ex
1895 892 2078 958 Sparta

417 972 697 1032 arcessivit,
738 988 832 1036 quo
868 973 1124 1022 adiuvante
1159 978 1329 1020 conata
1364 972 1656 1034 perficeret:
1705 972 1840 1020 cuius
1889 988 1950 1021 ex
1991 973 2078 1021 ad-

414 1058 560 1101 ventu
602 1051 728 1099 mala
774 1052 866 1099 sibi
922 1051 1232 1116 praesagiens
1278 1052 1622 1100 Andromache
1677 1052 1833 1099 filium
1879 1052 2079 1115 quidem

413 1132 669 1197 parvulum
702 1130 863 1194 aliquo
915 1136 1019 1179 tuto
1066 1130 1173 1179 loco
1223 1130 1512 1191 occultavit,
1561 1131 1670 1194 ipsa
1713 1135 1876 1180 autem
1910 1131 1962 1180 in
1994 1147 2080 1180 ara

414 1211 516 1261 fani
551 1211 760 1274 supplex
795 1211 1034 1260 consedit.

538 1290 633 1338 His
647 1292 706 1339 ab
717 1289 1056 1339 Andromacha
1074 1289 1327 1354 prooemio
1342 1289 1557 1338 dilucido
1571 1288 1927 1354 probabilique,
1939 1295 1999 1340 ut·
2008 1290 2078 1340 ait

411 1370 687 1435 argumenti
709 1376 878 1418 auctor
889 1368 1176 1434 (πρόλογος
1200 1369 1383 1432 σαφῶς
1397 1365 1484 1418 καὶ
1512 1366 1741 1433 εὐλόγως
1761 1367 2077 1434 εἰρημένος),

411 1450 675 1514 expositiS,
726 1451 954 1498 convenit
986 1451 1120 1498 illam
1153 1450 1326 1497 mulier
1372 1449 1613 1511 quaedam
1647 1447 1886 1509 Troiana,
1932 1465 2078 1513 quae,

411 1546 522 1579 cum
557 1528 737 1578 famula
770 1530 1139 1578 Andromachae
1172 1528 1220 1575 in
1256 1527 1405 1575 Troia
1437 1528 1640 1587 fuisset,
1685 1543 1781 1576 una
1827 1543 1940 1576 cum
1981 1529 2077 1577 hac

407 1609 641 1658 Phthiam
687 1624 714 1656 a
763 1607 1090 1671 Neoptolemo
1137 1606 1349 1655 abducta
1409 1613 1528 1657 erat.
1608 1607 1748 1668 Quae
1792 1622 1943 1670 quum
1990 1623 2075 1657 ea-

410 1689 523 1737 dem
571 1687 672 1734 fide
717 1690 768 1734 et
813 1686 1152 1734 benevolentia
1186 1688 1450 1751 captivam,
1497 1703 1590 1751 qua
1635 1686 1879 1750 quondam
1907 1687 2074 1737 domi-

408 1783 540 1828 nam,
577 1766 722 1825 colat,
758 1765 1134 1813 Andromachen
1170 1765 1232 1813 de
1266 1767 1485 1829 periculo
1518 1766 1612 1814 filii
1644 1767 1904 1815 certiorem
1935 1765 2074 1825 facit,

410 1851 700 1911 comperto,
737 1860 832 1908 quo
866 1845 975 1892 loco
1010 1844 1366 1907 occultaretur,
1414 1845 1696 1894 Menelaum
1731 1846 1792 1894 ad
1823 1845 1965 1894 illum
1995 1859 2107 1894 ra-‘

407 1925 639 1993 piendum
684 1923 968 1988 profectum
1014 1939 1140 1974 esse.
1211 1924 1303 1972 His
1351 1925 1524 1974 auditis
1559 1925 1905 1975 Andromache
1940 1927 2075 1974 auxi-

408 2007 473 2056 lio
507 2005 740 2053 destituta
772 2003 1002 2065 impetrat
1036 2019 1062 2050 a
1098 2003 1296 2059 famula,
1333 2011 1387 2052 ut
1420 2005 1642 2054 nuntium
1678 1993 1993 2062 discriminis,
2025 2006 2074 2052 in

408 2101 503 2152 quo
538 2083 744 2132 Molossi
778 2082 908 2130 salus
943 2088 1200 2142 versetur,
1250 2083 1310 2130 ad
1347 2083 1547 2132 Peleum
1595 2099 1765 2131 senem
1798 2084 1926 2131 clam
1957 2101 2073 2147 per-

407 2167 567 2224 ferat;
612 2165 716 2227 ipsa
762 2163 957 2210 interim
991 2162 1116 2209 mala
1162 2166 1213 2210 et
1257 2163 1422 2226 priora
1457 2168 1508 2210 et
1540 2163 1815 2226 praesentia
1847 2162 2074 2226 deplorat

406 2246 639 2294 threnum
674 2242 894 2290 versibus
930 2241 1161 2305 elegiacis
1206 2242 1442 2298 fundens,
1492 2257 1638 2303 quem
1683 2257 1887 2290 numero
1923 2257 2069 2306 prae-

407 2323 814 2374 stantissimarum
858 2319 1005 2368 huius
1048 2322 1278 2368 dramatis
1328 2321 1538 2385 partium
1595 2336 1707 2369 esse
1767 2320 1953 2369 iudicat
2008 2322 2069 2379 is,

407 2404 493 2469 qui
538 2401 739 2465 scripsit
781 2403 922 2448 vetus
966 2406 1303 2463 argumentum
1339 2396 1438 2463 (ἔτι
1472 2396 1529 2448 δὲ
1562 2397 1651 2449 καὶ
1682 2397 1746 2450 τὰ
1779 2396 1977 2463 ἐλεγεῖα
2008 2397 2073 2450 τὰ

407 2480 466 2535 ἐν
509 2482 583 2550 τῷ
627 2479 812 2545 θρήνῳ
857 2480 951 2545 τῆς
985 2474 1381 2545 Ἀνδρομάχης).
1449 2480 1663 2529 Unicum
1711 2482 1807 2528 hoc
1841 2481 2069 2528 carminis

406 2563 613 2628 elegiaci
631 2563 679 2609 in
700 2560 983 2625 tragoediis,
1018 2575 1141 2622 quae
1161 2566 1371 2620 exstant,
1405 2561 1624 2608 occurrit
1648 2557 1944 2623 exemplum,
1980 2560 2069 2607 sed

407 2650 546 2694 certe
592 2641 780 2690 numeri
829 2640 976 2687 rebus
1024 2640 1518 2688 accommodatissimi
1570 2643 1697 2688 sunt.
1770 2638 1863 2687 Est
1906 2644 2068 2688 autem

405 2725 504 2773 hoc
548 2737 743 2770 carmen
791 2720 981 2768 initium
1028 2718 1227 2783 parodi‚
1276 2719 1325 2767 in
1372 2737 1466 2783 qua
1501 2719 1678 2767 iisdem
1711 2733 1883 2766 rursus
1915 2717 2068 2767 hexa—

405 2802 576 2852 metris
612 2800 866 2864 dactylicis
900 2801 1055 2847 utitur
1086 2803 1260 2862 poeta,
1308 2801 1397 2847 sed
1431 2799 1524 2859 ita,
1571 2804 1628 2846 ut
1660 2797 1864 2861 singulis
1898 2797 2066 2860 plures

403 2880 781 2945 ithyphallicos,
844 2879 1174 2944 paroemiacos
1221 2878 1442 2941 aliosque
1477 2878 1607 2925 ‘eius
1654 2877 1849 2941 generis
1892 2891 2065 2924 versus

405 2962 677 3010 subnectat.
746 2959 958 3016 Chorus,
996 2974 1055 3006 ex
1086 2958 1282 3005 seminis
1318 2957 1640 3006 Phthiadibus
1676 2961 1934 3014 constans,
1969 2954 2063 3001 mi-

405 3040 672 3090 sericordia
699 3044 865 3102 'atque
907 3037 1243 3086 benevolentia
1290 3037 1463 3085 ductus
1511 3036 1572 3084 ad
1608 3037 1846 3101 captivam
1883 3033 2065 3082 Troia-

404 3136 514 3170 nam
549 3124 875 3183 congregatur
887 3135 903 3178 3
950 3123 1166 3167 ceterum
1203 3132 1308 3165 eam
1344 3121 1537 3176 monet,
1573 3121 1626 3164 ut
1658 3113 1942 3163 necessitati
1976 3129 2063 3177 pa-

403 3206 511 3249 reat
551 3199 800 3262 missaque
848 3198 1157 3246 contentione
1202 3202 1251 3245 et
1285 3196 1459 3244 relicto
1495 3195 1726 3254 delubro,
1772 3192 1923 3257 quum
1956 3192 2064 3255 ipsa

405 3295 545 3328 serva
578 3280 643 3328 sit
674 3294 732 3326 ac
764 3279 1053 3343 peregrina,
1089 3276 1293 3325 dominis
1329 3274 1581 3340 Spartanis
1616 3272 1972 3339 potentissimis
2006 3288 2062 3321 se

406 3360 674 3410 submittat.
