2170 3866
995 272 1119 334 541

197 426 396 495 peperit
421 430 677 491 ,tempore
719 422 936 490 expleto
982 423 1134 473 deum
1163 420 1500 487 cornigerum
1548 418 1902 485 coronavitque

196 508 405 573 anguina
439 522 656 570 corona,
701 505 835 556 unde
870 520 981 554 eam
1015 503 1252 570 praedam
1287 502 1563 553 Maenades
1598 500 1792 568 capillis
1825 499 1903 549 in-

198 587 464 639 nectunt.''
1084 625 1097 636 .

324 669 407 730 „0
443 663 928 717 Semelae-nutrices
958 662 1183 726 Thebae,
1218 661 1405 728 cingite
1438 662 1604 726 capita
1627 660 1818 710 hedera
1848 665 1903 709 et

198 747 405 799 smilace
438 747 646 806 florida,
691 744 1003 794 bacchamini
1050 761 1163 793 cum
1200 757 1416 808 quercus
1451 747 1505 791 et
1540 743 1714 792 abietis
1759 741 1901 791 fron-

197 828 375 890 dibus,
423 827 684 878 nebridum
732 825 894 891 pelles
929 824 1223 889 distinguite
1260 823 1400 872 flavis
1436 823 1645 873 crinium
1681 821 1902 871 fascicu-

196 908 362 963 liset
407 909 596 958 ferulas
640 906 852 955 lascivas
887 921 1030 954 sacro
1067 905 1253 955 sumite
1288 903 1407 952 ritu.
1477 902 1582 952 Iam
1622 908 1755 952 terra
1788 901 1902 950 uni-

197 1005 340 1040 versa
373 989 606 1048 saltabit,
643 1002 757 1036 cum
793 986 1028 1036 Bromius
1063 986 1113 1035 in
1146 986 1260 1049 iuga
1294 984 1539 1035 montium
1564 984 1772 1032 choreas
1807 982 1902 1032 du-

198 1074 308 1132 cet,
353 1070 441 1120 ubi
482 1069 787 1123 feminarum
835 1072 1063 1115 moratur
1096 1066 1270 1126 turba,
1318 1082 1347 1114 a
1380 1064 1585 1114 texendi
1620 1079 1775 1128 opere
1808 1078 1903 1128 per

196 1151 452 1200 Bacchum
488 1148 706 1199 stimulis
731 1147 922 1197 furoris
947 1148 1151 1211 agitata.
1220 1146 1264 1195 Ο
1295 1146 1537 1195 Curetum
1563 1143 1904 1204 contubernia,

196 1230 326 1280 Iovis
361 1230 640 1290 domicilia,
690 1229 778 1278 ubi
813 1228 1124 1292 Corybantes
1159 1227 1349 1291 triplici
1392 1227 1514 1276 tecti
1549 1225 1725 1291 galero
1753 1223 1904 1272 orbes

195 1317 547 1376 tympanorum
581 1310 890 1368 invenerunt,
925 1323 1133 1371 quorum
1163 1308 1472 1355 miscuerunt
1495 1306 1760 1370 strepitum
1789 1319 1904 1352 cum

195 1391 430 1439 tibiarum
480 1404 605 1438 sono
651 1393 799 1437 acuto
859 1392 913 1436 et
957 1386 1270 1436 tradiderunt
1313 1386 1488 1435 Rheae
1543 1386 1671 1435 haec
1716 1386 1906 1434 instru-

194 1477 365 1521 menta
394 1469 663 1520 ulalatibus
700 1484 921 1534 congrua
966 1467 1308 1528 Baccharum3
1369 1467 1431 1515 ab
1476 1467 1572 1516 hac
1606 1469 1775 1516 autem
1811 1464 1906 1513 Sa-

193 1551 298 1616 tyri
343 1551 575 1600 furentes
630 1549 993 1613 impetrarunt,
1028 1548 1092 1596 ad
1146 1547 1493 1609 trieteridum,
1545 1547 1726 1612 quibus
1774 1545 1903 1595 Bac-

197 1632 325 1682 chus
358 1631 568 1694 gaudet,
605 1645 746 1678 sacra
781 1625 1073 1680 coeunteS.”

326 1710 524 1774 „Dulce
558 1714 638 1759 est
669 1709 722 1759 in
754 1709 1007 1758 montibus
1052 1724 1114 1758 ex
1149 1708 1458 1759 discursibus
1491 1708 1632 1758 humi
1665 1722 1909 1774 procum-

195 1790 346 1852 bere,
393 1791 480 1840 ubi
528 1806 734 1854 caprum
782 1789 1092 1854 arripueris,
1140 1791 1297 1839 cruda
1329 1790 1641 1839 vescentium
1675 1787 1905 1852 volupta-

197 1875 331 1934 tem,
380 1886 472 1935 per
504 1871 620 1934 iuga
653 1869 872 1935 Phrygia
914 1870 1202 1932 insecutus3
1252 1871 1538 1936 praesultor
1572 1875 1741 1919 autem
1780 1868 1905 1917 Bro-

196 1951 327 2001 mius
354 1956 451 2014 est,
486 1951 640 2001 evoe!
708 1951 848 2000 Fluit
882 1950 1014 2000 lacte
1048 1967 1269 2015 campuS,
1306 1953 1416 2001 fluit
1437 1952 1568 2012 vino,
1603 1951 1714 1999 fluit
1735 1948 1905 2011 melle,

196 2032 359 2081 thuris
394 2031 554 2082 instar
589 2032 762 2082 odoro.
831 2031 946 2097 lpse
978 2047 1098 2080 vero
1133 2031 1364 2082 Bacchus
1399 2048 1580 2097 gerens
1615 2030 1906 2081 rutilantem

197 2112 252 2162 in
283 2112 449 2162 ferula
484 2113 682 2174 facem,
731 2128 845 2162 cum
894 2113 1088 2177 impetu
1124 2112 1316 2176 fertur,
1361 2114 1569 2162 incitans
1607 2112 1787 2160 choros
1822 2125 1908 2159 va-

195 2208 322 2259 gos,
370 2209 485 2242 cum
533 2194 752 2242 clamore
787 2193 1068 2255 exsultans,
1117 2194 1320 2243 mollem
1356 2193 1408 2242 in
1444 2209 1562 2242 aere
1598 2207 1794 2241 comam
1829 2190 1905 2239 ia·-

197 2278 367 2333 ctans,
404 2273 653 2337 simulque
688 2273 956 2322 ululatibus
991 2273 1246 2337 increpat:
1283 2291 1313 2323 o
1348 2274 1420 2323 ite
1455 2273 1702 2334 Bacchae,
1740 2271 1908 2321 Tmoli

194 2353 352 2402 decus
394 2359 547 2417 atque
594 2353 837 2416 deliciae,
885 2353 1046 2402 canite
1092 2353 1366 2419 Dionysum
1415 2355 1507 2403 sub
1554 2358 1906 2418 tympanorum

194 2448 460 2482 raucorum
497 2449 653 2495 sono,
699 2434 850 2484 evoe!
921 2434 1100 2483 Evium
1138 2436 1454 2485 celebrantes
1490 2435 1639 2483 deum
1674 2433 1903 2498 Phrygio

196 2511 418 2573 ulutatu,
466 2513 661 2576 quando
708 2514 831 2563 tibia
879 2531 1022 2564 sacra
1067 2515 1258 2564 ludicra
1304 2515 1488 2580 strepit
1534 2530 1755 2580 congrua
1800 2513 1906 2562 dis-

198 2591 516 2641 currentibus
549 2594 600 2643 in
633 2599 859 2657 montes,
909 2594 960 2643 in
999 2595 1222 2644 montes!
1294 2601 1347 2644 et
1380 2594 1571 2644 laetitia
1605 2595 1703 2642 iam
1739 2593 1905 2643 exsul-

197 2676 309 2720 tans
345 2670 543 2722 Baccha
577 2675 714 2724 velut
746 2675 912 2740 pullus
961 2676 1173 2739 equinus
1224 2692 1339 2726 cum
1373 2682 1536 2726 matre
1569 2689 1785 2741 pascens
1820 2689 1908 2723 ce-

200 2751 358 2801 lerem
394 2751 526 2800 tollit
556 2754 685 2803 saltu
722 2755 902 2819 pedem
917 2754 967 2803 !’'

331 2830 556 2881 Parodus
591 2833 718 2884 haec
750 2836 913 2884 vicem
960 2835 1157 2901 prologi
1202 2836 1396 2901 explet:
1452 2835 1569 2884 alias
1618 2834 1751 2884 enim
1787 2849 1905 2901 pro·

199 2910 381 2973 oemii,
415 2911 538 2960 alias
573 2914 766 2978 prologi
812 2911 982 2980 partes
1031 2933 1145 2966 esse
1180 2917 1381 2982 saepius
1415 2916 1743 2965 ostendimus.
1813 2914 1905 2964 Sa-

196 3005 396 3040 crorum
430 2991 581 3056 igitur
614 2994 802 3044 Bacchi
846 3002 1072 3046 naturam
1118 2997 1387 3058 describit,
1433 2996 1698 3063 imaginem
1743 2994 1906 3044 admi-

193 3070 339 3120 rabili
372 3073 556 3121 mentis
592 3073 773 3124 ardore
819 3076 1047 3125 effictam
1084 3078 1371 3138 coutinenS,
1421 3083 1478 3125 ut
1526 3077 1712 3127 intueri
1758 3076 1903 3125 nobis

194 3150 453 3200 videamur
487 3153 815 3218 saltationem,
848 3157 1022 3206 audire
1055 3162 1406 3221 tympanorum
1431 3158 1716 3223 strepitum,
1748 3156 1905 3205 inter-

196 3246 312 3280 esse
344 3231 692 3282 bacchantium
725 3233 917 3286 lusibus
953 3242 1004 3286 et
1027 3236 1251 3287 furorem
1274 3238 1413 3287 illum
1439 3240 1726 3287 universum
1753 3251 1903 3300 prae-

196 3318 366 3361 sentes
403 3313 715 3377 conspicere.
781 3314 959 3380 Neque
991 3316 1170 3365 minori
1202 3318 1516 3383 cogitationis
1551 3317 1723 3380 vigore
1750 3315 1903 3364 etiam

194 3403 278 3439 res
321 3392 626 3455 praeteritae
668 3401 1113 3459 repraesentantur
1160 3403 1213 3446 et
1256 3396 1474 3462 origines
1519 3397 1706 3446 rituum
1753 3394 1904 3443 solle—

194 3469 383 3521 mnium
428 3472 847 3526 demonstrantur.
914 3475 1082 3527 Furor
1130 3476 1358 3542 poeticus
1392 3476 1633 3530 bacchico
1680 3472 1903 3540 aequalis
