2170 3848
1157 267 1275 325 182

386 422 483 467 tur.
567 412 621 461 Si
666 413 817 478 igitur
862 413 912 462 in
957 413 1158 476 reliquis
1215 417 1461 476 praestat,
1507 415 1603 464 hoc
1655 417 1704 466 ei
1746 418 1924 467 adesse
1955 433 2053 469 non

392 499 472 543 est
531 508 684 557 opus:
741 499 794 542 et
849 494 998 541 habet
1048 493 1234 551 omnia,
1300 508 1426 556 quae
1469 497 1704 559 epopoeia
1752 498 1880 546 etc.'’
1965 497 2053 546 Ni-

384 572 648 622 hilominus
716 572 862 620 etiam
924 571 1175 620 Ciceronis
1235 578 1396 620 aetate
1454 578 1504 620 et
1562 580 1698 623 erant
1765 581 1818 624 et
1874 578 2054 642 proba-

385 651 565 701 bantur
595 658 815 711 actores,
865 652 946 714 qui
982 651 1220 716 simplici,
1271 667 1365 700 non
1401 652 1636 710 molesta,
1680 654 1948 703 imitatione
1969 672 2054 704 ve-

386 731 584 780 ritatem
636 731 1024 791 aemularentur3
1087 731 1154 780 cf.
1189 732 1295 780 Cic.
1342 732 1478 780 Brut.
1510 747 1552 782 c.
1588 734 1670 791 30,
1700 735 1820 781 116:
1889 734 2052 796 „Volo

389 811 536 872 enim,
572 817 627 860 ut
660 811 710 860 in
746 827 912 868 scena,
948 811 1020 859 sic
1053 811 1102 859 in
1137 810 1263 870 foro,
1301 826 1395 860 non
1431 827 1517 859 eos
1554 812 1703 860 modo
1738 812 1940 872 laudari,
1974 815 2057 876 qui

388 890 538 939 celeri
574 896 710 939 motu
748 896 799 938 et
832 889 1020 938 difficili
1057 897 1269 947 utantur,
1307 891 1392 940 sed
1430 907 1517 939 eos
1555 890 1734 954 etiam,
1769 907 1891 956 quos
1925 898 2058 940 sta-

386 970 600 1018 tarios
635 970 913 1034 appellant,
965 985 1171 1034 quorum
1205 971 1270 1020 sit
1304 971 1386 1018 illa
1421 970 1631 1035 simplex
1664 971 1712 1019 in
1748 971 1940 1036 agendo
1973 987 2058 1019 ve-

392 1048 532 1108 ritas,
568 1064 662 1098 nou
697 1048 957 1098 molesta.''
1043 1049 1231 1112 Duplex
1267 1065 1379 1098 esse
1412 1066 1565 1116 genus
1594 1060 1760 1103 ¹motus
1789 1058 2058 1115 gestusque

386 1127 456 1176 ait
498 1127 627 1176 idem
696 1134 745 1175 et
791 1128 1174 1190 quinctilianus:
1226 1131 1377 1176 altero
1421 1131 1566 1179 verba
1614 1130 1846 1194 exprimi,
1899 1131 2058 1179 altero

384 1207 659 1255 universam
696 1214 881 1256 tantum
916 1224 1019 1256 rem
1054 1213 1106 1256 et
1156 1209 1455 1257 sententiam
1491 1225 1584 1258 non
1621 1210 2057 1271 demonstratione,

385 1287 474 1335 sed
521 1286 878 1351 significatione
925 1288 1178 1336 declarari.
1260 1288 1383 1336 Illud
1431 1289 1725 1348 histriones,
1792 1290 1890 1338 hoe
1947 1305 2059 1337 ora-

385 1371 518 1415 tores
573 1368 782 1426 decere;
837 1367 925 1415 sed
986 1368 1279 1415 histrionum
1338 1384 1533 1432 quoque
1593 1369 1675 1432 qui
1735 1369 1834 1417 sint
1890 1367 2054 1432 paullo

382 1447 630 1509 graviores
672 1447 733 1493 ad
777 1461 972 1494 sensum
1010 1448 1163 1511 magis
1200 1463 1341 1511 quam
1376 1448 1435 1496 ad
1473 1451 1821 1513 vei-bagestns
1856 1462 2056 1495 accom-

384 1525 586 1574 modare
621 1524 745 1588 (Cic.
777 1525 840 1573 de
868 1532 988 1574 orat.
1014 1526 1090 1585 ΙΙΙ,
1117 1530 1196 1582 59,
1225 1529 1333 1576 220.
1403 1528 1597 1589 Quinct.
1635 1527 1717 1586 XI,
1746 1530 1793 1588 ³,
1822 1523 1942 1588 89.).
1990 1524 2057 1572 Hi

385 1610 499 1653 sunt
532 1604 618 1660 illi,
653 1619 776 1666 quos
812 1605 1040 1652 statarios
1064 1606 1237 1665 vulgus
1263 1606 1570 1668 appellabat3
1607 1608 1686 1668 qui
1716 1612 1880 1654 autem
1911 1606 2058 1653 verba

385 1684 747 1748 exprimebant,
786 1683 962 1730 horum
989 1689 1145 1731 artem
1172 1690 1227 1732 ut
1248 1684 1504 1730 molestam
1531 1684 1832 1747 antiquiores
1856 1685 2057 1732 damna-

383 1763 516 1813 bant.
554 1762 652 1810 Sed
678 1763 869 1810 etiamsi
885 1762 1145 1810 histriones
1168 1769 1334 1810 aetate
1350 1762 1601 1826 Euripidis
1632 1778 1801 1810 omnes
1827 1764 2056 1811 statarios

383 1840 541 1889 fuisse
569 1842 707 1890 nobis
735 1841 1134 1906 persuadeamus,
1163 1848 1328 1890 tamen
1356 1857 1417 1889 ne
1443 1840 1534 1889 hos
1563 1842 1759 1905 quidem
1777 1842 1836 1889 ab
1867 1842 2058 1890 acriore

384 1920 604 1984 corporis
640 1927 774 1969 motu
811 1921 1111 1969 abstinuisse
1153 1921 1518 1984 intelligendum
1570 1921 1679 1969 erit.
1749 1920 1870 1970 Nam
1909 1937 2056 1985 quum

383 2006 546 2048 motus
594 2001 747 2047 omnis
795 2000 844 2046 in
892 2005 1061 2062 gestus
1107 2006 1159 2048 et
1203 2001 1365 2048 vultus
1423 2001 1763 2049 moderatione
1809 2007 2055 2060 cernatur,

382 2079 668 2139 histrioneS,
706 2078 1038 2128 officientibus
1071 2080 1315 2142 personia,
1350 2080 1467 2138 hac,
1504 2096 1629 2143 quae
1665 2080 1929 2144 plurimum
1966 2095 2056 2142 po-

384 2163 515 2214 test,
576 2159 806 2222 privatis,
870 2174 1192 2223 compensare
1253 2159 1489 2207 iacturam
1537 2160 1646 2222 plus
1696 2159 1918 2223 gestibus
1966 2157 2056 2206 tri-

383 2236 578 2286 buendo
615 2252 821 2285 necesse
855 2243 974 2284 erat.
1045 2238 1196 2299 ldque
1230 2238 1590 2300 tragoediarum
1630 2246 1800 2286 natura
1835 2238 1939 2302 ipsa
1966 2252 2057 2302 po-

383 2316 560 2377 stulat,
597 2317 771 2379 quibus
806 2316 1101 2363 Aristoteles
1138 2331 1231 2363 non
1266 2331 1455 2364 morum
1492 2316 1560 2363 ait
1595 2318 2056 2379 sententiarumque,

385 2398 473 2445 sed
507 2395 752 2443 factorum
788 2394 946 2443 fuisse
981 2402 1030 2443 et
1066 2396 1484 2458 perturbationum
1519 2395 1834 2443 imitationem
1872 2410 2056 2459 propo-

384 2477 544 2527 sitam.
630 2474 730 2522 lam
777 2490 893 2522 vero
944 2489 1199 2526 sensorum
1246 2474 1564 2537 multiplicior
1611 2482 1688 2523 est
1734 2474 2057 2534 subtiliorque

383 2561 573 2614 natura,
610 2570 879 2617 eorumque
914 2554 1051 2619 quasi
1083 2555 1241 2617 imago
1283 2555 1443 2603 vultus
1479 2559 1555 2602 est
1589 2554 1875 2617 iudicesque
1909 2553 2055 2601 oculi.

383 2635 490 2697 Qua
540 2634 810 2683 subtilitate
865 2639 915 2682 et
966 2633 1206 2691 mollitie,
1267 2639 1439 2697 utpote
1489 2635 1823 2698 penetralibus
1885 2632 2054 2695 magis,

384 2731 530 2781 quam
564 2715 683 2761 vicis
719 2718 771 2761 et
805 2714 1121 2762 concursibus
1157 2713 1438 2775 hominum,
1474 2720 1616 2778 apta,
1653 2728 1798 2776 quum
1834 2718 2054 2760 veterum

380 2794 659 2857 tragoedia,
710 2794 761 2841 in
794 2794 991 2858 publico
1025 2799 1078 2841 et
1111 2795 1200 2842 sub
1236 2792 1317 2840 dio
1351 2808 1529 2855 agens,
1565 2793 1863 2854 abstineret,
1910 2791 2056 2839 facile

381 2873 546 2921 vultus
582 2873 951 2932 moderatione,
987 2871 1118 2920 illius
1154 2873 1456 2936 interprete,
1504 2872 1663 2921 caruit
1694 2872 1821 2920 actio
1851 2870 2056 2919 histrio·

381 2968 512 3001 num.
581 2951 772 2999 Eadem
818 2951 1071 3014 tragoedia
1116 2966 1265 3015 quum
1312 2952 1371 3000 ab
1421 2952 1554 3000 initio
1600 2951 1659 2999 ad
1709 2951 1875 2998 finem*
1903 2947 2054 2996 vehe-

379 3031 560 3079 mentia
609 3032 1032 3094 perturbationum
1079 3030 1289 3078 saeviret
1322 3035 1469 3094 atque
1503 3029 1875 3094 ampullaretur,
1920 3027 2055 3076 nulla

378 3111 512 3158 vocis
561 3110 843 3168 contentio,
899 3111 1030 3159 nulla
1085 3125 1313 3157 manuum
1363 3111 1586 3170 iactatio,
1649 3108 1779 3157 nulla
1829 3107 2054 3170 corporis

386 3189 669 3248 commotio,
705 3204 829 3252 quae
863 3191 1011 3239 modo
1046 3188 1217 3251 dignae
1251 3197 1439 3247 essent,
1486 3189 1774 3237 histrionum
1809 3185 2051 3234 actionem

380 3267 702 3316 dedecebant.
781 3267 1027 3317 Permissa
1064 3272 1169 3316 erat
1201 3267 1276 3315 vel
1312 3269 1585 3317 oratoribus
1626 3268 1855 3330 (quorum
1889 3270 2053 3313 tamen

380 3348 536 3396 multo
572 3363 717 3412 quam
763 3347 1058 3396 histrionum
1092 3348 1410 3396 verecundior
1444 3353 1549 3396 erat
1581 3344 1728 3408 actio)
1762 3344 1905 3409 pedis
1936 3359 2052 3407 sup-

375 3427 567 3491 plosio,
614 3425 816 3475 femoris
863 3427 1088 3491 plangor,
1134 3426 1313 3476 frontis
1358 3426 1635 3492 percussio:
1683 3425 1815 3473 unde
1860 3422 2055 3473 scenica
