2170 3848
1202 283 1285 338 70

400 435 467 484 sis
500 431 839 487 delectentur,
885 434 987 479 tum
1021 429 1082 476 ad
1117 433 1260 477 acute
1294 427 1522 489 inventa,
1568 430 1820 496 ingeniose
1852 431 2060 492 delecta,

402 513 652 574 eleganter
685 509 979 574 composita,
1029 507 1089 556 ad
1123 512 1366 557 remotam
1415 523 1443 554 a
1476 507 1753 572 vulgaribus
1787 511 1937 561 rebus
1973 526 2066 560 na·

398 597 559 640 turam
593 589 1035 638 commenticiarum
1061 588 1247 635 animos
1282 587 1562 646 advertunt;
1598 589 1816 638 sentiunt
1849 591 1976 649 sibi,
2013 596 2067 639 ut

399 670 627 718 fruantur
659 669 823 726 fictis,
859 670 910 716 in
945 672 1157 715 mentem
1193 667 1330 723 eiuS,
1367 666 1451 730 qui
1485 665 1717 724 finxerit,
1762 668 2063 731 intrandum,

399 750 611 799 animum
644 765 674 796 a
695 748 952 812 multiplici
984 762 1149 795 rerum
1186 745 1507 809 occupatione
1541 745 1900 810 expediendum
1933 765 2065 809 esse,

401 833 456 877 ut
485 827 725 877 versando
771 843 881 876 cum
923 826 1019 875 illis
1054 825 1286 890 operibus
1321 830 1372 873 et
1405 824 1696 888 frequenter
1729 825 1967 877 intuendo
1999 828 2063 876 ad

402 907 611 956 similem
642 907 864 972 ipsorum
899 910 1069 955 natura
1102 904 1446 968 praestantiam
1483 904 1767 953 evehatur-‚⁹⁹

530 986 605 1036 De
636 985 1009 1052 intelligentium
1043 984 1224 1032 iudicio
1270 984 1394 1032 haec
1426 984 1494 1032 ita
1529 984 1766 1033 disseruit
1799 983 2069 1046 Goethius3

402 1066 492 1115 sed
536 1066 762 1130 perfecta
795 1067 913 1115 artis
948 1081 1098 1130 opera
1131 1081 1229 1113 non
1264 1064 1322 1111 ab
1356 1064 1418 1111 iis
1454 1062 1601 1122 solis,
1651 1065 1733 1128 qui
1777 1063 2070 1128 intelligunt,

402 1145 491 1194 sed
525 1161 553 1193 a
586 1145 900 1195 multitudine
934 1140 1129 1210 quoque
1162 1143 1349 1208 percipi
1375 1159 1579 1191 necesse
1606 1149 1906 1206 est3‘neque
1931 1143 2070 1207 equi-

403 1225 518 1275 dem
566 1225 888 1275 dubitaverim
932 1240 1055 1287 quae
1104 1223 1166 1271 de
1213 1210 1536 1287 eloquentiae*
1556 1223 1604 1271 vi
1639 1222 1814 1272 Cicero
1849 1223 1898 1270 in
1930 1221 2070 1272 Bruti

403 1320 447 1353 c.
481 1306 562 1353 49.
598 1312 650 1354 et
683 1307 760 1354 50.
797 1304 994 1368 egregie
1027 1303 1265 1351 disseruit
1298 1301 1357 1349 ad
1393 1318 1601 1367 poeseos
1635 1303 1730 1351 vim
1763 1301 1932 1368 paucis
1956 1317 2072 1350 mu-

403 1383 519 1433 tatis
564 1384 866 1434 transferre:
915 1382 1134 1432 Necesse
1179 1387 1257 1430 est
1291 1398 1430 1440 eum,
1473 1382 1558 1445 qui
1588 1383 1657 1431 ita
1691 1382 1903 1439 scribat,
1953 1384 2073 1431 uta

404 1463 714 1512 multitudine
747 1465 1008 1528 probetur,
1059 1463 1270 1511 eundem
1319 1460 1477 1510 doctis
1511 1462 1726 1526 probari.
1793 1461 1920 1510 Nam
1954 1461 2071 1524 quid

403 1542 453 1590 in
486 1542 780 1591 carminibus
813 1548 1003 1592 rectum
1039 1543 1103 1590 sit
1136 1547 1221 1590 aut
1249 1556 1467 1605 pravum,
1502 1557 1592 1604 ego
1620 1541 1862 1601 iudicabo,
1896 1539 1940 1588 si
1963 1556 2071 1589 mo-

405 1619 470 1669 do
503 1621 546 1670 is
585 1639 722 1681 sum,
759 1622 843 1686 qui
877 1621 926 1669 id
959 1623 1147 1685 possim
1181 1628 1267 1669 aut
1301 1621 1449 1668 sciam
1482 1620 1728 1681 iudicare3
1766 1619 1922 1684 qualis
1953 1635 2072 1669 vero

406 1699 472 1748 sit
503 1708 674 1764 poeta,
709 1717 768 1750 ex
802 1717 889 1760 eo,
926 1702 1057 1764 quod
1092 1701 1134 1749 is
1169 1699 1462 1750 carminibus
1495 1699 1743 1757 effecerit,
1780 1699 1967 1763 poterit
1999 1699 2072 1748 in-

405 1779 574 1843 telligi.
641 1776 972 1830 Efficiendum
1006 1785 1169 1829 autem
1206 1786 1300 1837 est,
1335 1786 1387 1827 ut
1421 1779 1502 1844 qui
1534 1779 1611 1827 vel
1644 1780 1813 1842 legunt
1843 1779 1922 1827 vel
1956 1794 2072 1843 spe-

314 1877 317 1882 ·
408 1862 541 1907 ctant
575 1859 764 1908 fabulas
799 1860 1080 1908 afficiantur
1114 1860 1207 1918 ita,
1257 1866 1315 1908 ut
1349 1865 1498 1923 poeta
1526 1858 1657 1921 velit,
1691 1874 1754 1907 ne
1778 1858 1830 1906 in
1852 1858 2073 1923 partibus

316 1945 324 1954 ‘
408 1939 570 2003 operis
606 1944 690 1987 aut
720 1939 1010 2002 imaginibus
1044 1939 1353 2003 propriorum
1387 1938 1527 2003 pluS,
1574 1953 1717 2000 quam
1753 1937 1920 1998 decet,
1955 1937 2074 1987 hae-

407 2023 564 2077 mant,
598 2027 652 2067 ut
685 2018 744 2066 ad
780 2034 1015 2066 summam
1050 2034 1153 2065 rem
1181 2017 1487 2066 sentiendam
1512 2017 1975 2080 percipiendamque
1998 2017 2073 2065 in-

411 2097 500 2146 scii
534 2099 892 2161 perducantur,
936 2103 990 2146 ut
1033 2097 1245 2161 denique
1285 2097 1494 2160 probare
1546 2111 1670 2159 quae
1702 2101 1850 2158 poeta
1882 2096 2074 2160 probat,

410 2193 645 2241 spernere
691 2193 816 2240 quae
858 2177 990 2226 idem
1026 2177 1243 2241 spernit,
1307 2175 1455 2224 etiam
1500 2175 1638 2222 inviti
1685 2179 1936 2240 cogantur.
2021 2174 2074 2223 ld

409 2257 584 2320 quibus
618 2257 876 2305 virtutibus
910 2262 1088 2321 poetae
1111 2255 1371 2316 efficiatur,
1404 2254 1584 2303 artifex
1614 2254 1789 2318 aliquis
1813 2254 2075 2314 iudicabit3

409 2335 653 2385 efficiatur
684 2342 848 2385 autem
882 2353 909 2384 a
942 2341 1091 2399 poeta
1123 2350 1295 2394 necne,
1328 2339 1384 2382 ut
1405 2335 1457 2394 ii,
1493 2334 1574 2398 qui
1598 2339 1840 2398 spectant,
1875 2334 1945 2383 ita
1963 2333 2076 2382 affi-

410 2406 614 2474 ciantur,
650 2420 705 2463 ut
739 2421 886 2480 poeta
920 2414 1053 2473 velit,
1090 2430 1150 2462 ex
1185 2414 1316 2478 vulgi
1350 2414 1602 2462 sententiis
1637 2413 1698 2460 ad
1734 2417 1912 2477 poetae
1934 2429 2075 2463 men-

408 2501 508 2543 tem
557 2495 874 2544 conformatis
909 2493 1221 2543 iudicandum
1256 2498 1347 2542 est.
1416 2493 1536 2541 Eam
1571 2498 1734 2541 autem
1766 2493 1861 2540 vim
1897 2492 2077 2541 nemini

409 2578 667 2639 poetarum
703 2575 963 2636 maiorem,
1009 2589 1153 2637 quam
1186 2572 1438 2637 Euripidi,
1472 2572 1681 2621 infuisse
1714 2571 2075 2636 Aristophanes

407 2654 515 2717 ipse
548 2654 772 2703 omnibus
805 2655 929 2702 locis
963 2658 1186 2703 testatur.
1242 2652 1409 2714 Quare
1440 2653 1623 2701 tibicen
1655 2650 1976 2714 Antigenidas
2001 2651 2076 2700 di-

409 2733 536 2782 xerit
571 2733 811 2798 discipulo
847 2749 967 2782 sane
998 2733 1200 2796 frigenti
1236 2732 1296 2779 ad
1333 2732 1594 2796 populum:
1630 2728 1796 2779 Mihi
1829 2746 1979 2779 cane
2013 2734 2076 2778 et

411 2812 633 2870 Musis,
667 2812 885 2877 prudens
920 2812 1201 2862 aestimator
1219 2811 1445 2875 Euripidi
1478 2811 1672 2860 fabulas
1708 2810 1934 2860 docenti:
1967 2808 2075 2858 Mi-

411 2892 476 2940 hi
510 2892 668 2941 doce
703 2899 765 2942 et
798 2892 1055 2957 populo,
1089 2891 1314 2946 dixisset,
1352 2896 1404 2938 ut
1423 2893 1505 2956 qui
1530 2895 1823 2956 spectarent,
1856 2889 1974 2953 quid
1998 2887 2074 2938 cf-

408 2972 656 3031 ficeretur,
691 2972 776 3020 ille
810 2973 975 3031 etiam,
1010 2988 1098 3020 cur
1129 2970 1179 3018 id
1214 2969 1517 3033 efficeretur,
1553 2971 1867 3034 intelligeret.

543 3051 774 3099 Efficitur
820 3056 1012 3112 autem,
1057 3055 1112 3098 ut
1158 3050 1242 3114 qui
1287 3055 1513 3114 spectant
1556 3050 1746 3101 fabulas
1781 3065 1839 3097 ea
1870 3047 2074 3109 ratione,

412 3147 506 3195 qua
537 3130 708 3179 volunt
742 3139 935 3193 poetae,
969 3130 1031 3177 iis
1064 3129 1357 3188 afficiantur,
1389 3129 1538 3178 rebus
1566 3134 1681 3194 apte
1705 3126 2074 3191 componendis,

411 3215 466 3258 ut
512 3209 633 3258 aliae
667 3210 772 3258 aliis
813 3210 890 3257 vel
925 3214 1191 3274 augeantur
1223 3208 1298 3255 vel
1334 3209 1672 3272 deprimantur
1704 3214 1754 3257 et
1786 3207 2077 3272 splendeant

411 3306 468 3338 ea
504 3290 790 3354 cupiantque
824 3289 1032 3350 animos,
1065 3304 1192 3352 quae
1225 3287 1486 3352 splendere
1519 3289 1622 3336 vult
1651 3292 1812 3351 poeta,
1847 3285 2075 3338 abiician-

411 3374 492 3417 tur
527 3385 653 3432 quae
683 3369 817 3416 idem
851 3370 1011 3431 arguit
1034 3369 1372 3430 obscuratque.
1423 3367 1727 3418 Concordem
1755 3366 1923 3432 igitur,
1957 3379 2076 3413 con-

411 3463 583 3512 gruam
630 3448 1002 3512 simplicemque
1046 3451 1242 3513 oportet
1287 3461 1399 3496 csse
1445 3446 1880 3512 compositionem,
1929 3447 2078 3507 atque
