2124 3860
1087 274 1210 331 3⁰6

308 425 482 478 eadem
519 420 754 480 conditio,
789 425 968 486 sponte
1005 421 1126 470 iure·
1146 436 1237 470 suo
1260 420 1561 483 ‚cedentibus
1587 423 1794 472 maritis,
1861 422 1987 472 Eam

309 503 657 556 continentiam
705 502 961 551 hominum
996 487 1266 566 praecepta
1299 501 1643 566 philosophiae
1676 504 1987 568 sequentium

308 588 350 635 si
392 585 476 649 qui
524 583 685 631 minus
733 582 1051 630 verisimilem
1102 598 1213 630 esse
1258 579 1570 644 iudicant*)‚
1619 582 1705 643 „hi
1751 600 1805 632 se
1841 599 1986 648 prava

307 682 428 715 suae
462 663 638 713 mentis
663 663 833 725 regula
858 661 1067 710 alienam
1092 662 1323 710 virtutem
1350 661 1516 710 metiri
1540 662 1730 711 sciunto
1755 665 1989 728 ipsosque

306 748 365 795 ab
401 746 662 793 honestate
698 742 880 790 alienos
929 739 1088 792 esse.'’
1172 742 1322 790 Plane
1372 742 1674 790 incredibilia
1714 742 1988 808 Sophocles

306 825 461 886 finxit,
497 824 699 871 licuisse
733 822 937 885 viragini
971 822 1131 871 feroci
1165 828 1217 871 et
1251 823 1526 870 contumaci
1551 823 1598 870 in
1623 822 1768 871 domo
1799 823 1991 886 tyranni

305 923 399 973 per
433 905 576 970 plura
611 903 764 950 lustra
802 901 1008 964 degere,
1059 919 1208 965 quum
1245 902 1540 965 quotidianis
1590 902 1843 962 lamentis,
1896 918 1990 967 op-

306 985 546 1050 probriis,
599 982 878 1030 maledictis
927 988 978 1030 et
1027 983 1193 1046 ipsum
1239 986 1292 1030 et
1339 990 1545 1031 matrem
1591 988 1796 1031 vexaret
1829 998 1991 1045 neque

304 1065 603 1114 iracundiam
627 1069 776 1125 atque
795 1062 1064 1110 ulciscendi
1093 1062 1372 1127 cupidinem
1404 1079 1615 1126 uuquam
1647 1062 1854 1121 celaret3
1884 1066 1989 1110 tum

306 1150 511 1209 repente
547 1142 795 1208 placuisse
831 1141 963 1191 illam
999 1159 1199 1191 carcere
1233 1143 1390 1190 vivam
1426 1142 1634 1201 includi,
1671 1142 1863 1190 scelere
1897 1141 1991 1188 mi-

306 1226 439 1274 nime
474 1223 771 1273 necessario.
842 1222 988 1284 Quod
1023 1223 1193 1271 vitium
1221 1239 1333 1271 cum
1361 1222 1484 1283 aliis,
1522 1222 1698 1286 quibus
1727 1221 1988 1285 Sophoclis

308 1320 505 1353 carmen
539 1303 755 1360 laborat,
791 1308 962 1351 noster
996 1304 1288 1352 emendavit.
1357 1302 1468 1350 Non
1505 1308 1585 1350 est
1617 1302 1666 1349 in
1700 1302 1866 1366 ipsum
1899 1316 1990 1364 op-

306 1384 478 1449 pidum
514 1382 682 1431 Oresti
715 1381 924 1445 fugitivo
973 1398 1133 1447 neque
1167 1384 1216 1431 in
1251 1383 1451 1430 domum
1485 1382 1683 1445 tyranni
1728 1398 1757 1429 a
1801 1381 1990 1429 satelli-

306 1464 472 1524 tibus,
520 1466 576 1508 ut
611 1478 698 1525 par
733 1467 836 1524 est,
886 1464 1182 1511 custoditam
1233 1463 1540 1521 intrandum3
1589 1477 1684 1509 non
1731 1461 1779 1509 in
1825 1459 1991 1509 media

307 1543 433 1591 urbe
491 1547 640 1604 atque
683 1541 733 1589 in
776 1542 885 1590 vico
929 1542 1339 1605 frequentissimo
1383 1542 1587 1589 consilia
1639 1545 1752 1588 sunt
1797 1545 1990 1588 secreta

308 1620 552 1685 agitanda,
594 1636 753 1684 neque
791 1621 1020 1669 Electrae
1055 1627 1169 1669 ante
1203 1622 1337 1685 ipsas
1372 1622 1539 1685 regiae
1574 1620 1710 1668 fores
1747 1619 1986 1668 clamores

306 1700 540 1757 tollendi,
586 1701 705 1748 dum
751 1701 912 1763 agnito
946 1700 1103 1748 fratre
1138 1700 1327 1748 laetitia
1361 1700 1595 1760 effertur3
1643 1714 1737 1763 non
1782 1713 1988 1747 securus

306 1784 542 1843 tyrannus
578 1780 725 1827 vitam
762 1780 892 1842 agit,
946 1795 1091 1842 quem
1138 1780 1365 1828 timidum
1413 1795 1524 1828 esse
1571 1795 1628 1826 ac
1662 1778 1989 1843 suspiciosum

308 1860 483 1917 decet,
541 1875 700 1922 neque
759 1863 954 1907 temere
1014 1860 1214 1907 domum
1275 1875 1449 1922 parum
1500 1860 1734 1907 munitam
1785 1857 1989 1917 deserit,

306 1939 439 1987 nulla
484 1938 562 1985 vel
609 1939 818 1986 abeundi
871 1938 949 1985 vel
1001 1939 1243 1986 redeundi
1296 1955 1469 1987 caussa
1516 1943 1808 2003 apparente;
1857 1935 1993 1986 nulla

306 2033 519 2082 persona
554 2018 738 2064 sororis
774 2017 1025 2067 inducitur
1059 2018 1180 2066 nulli
1214 2019 1287 2066 rei
1323 2004 1490 2077 utilis,
1526 2019 1618 2066 nisi
1652 2022 1707 2066 ut
1743 2033 1830 2065 sua
1863 2016 1990 2065 mol-

306 2098 414 2145 litie
461 2101 736 2145 monstrum
786 2098 1011 2160 viraginis
1049 2099 1388 2158 commendet3
1438 2114 1535 2146 non
1568 2105 1758 2150 temere
1791 2103 1991 2159 tragoe-

307 2177 387 2225 dia
439 2175 709 2235 excitatur,
775 2177 915 2225 cuius
982 2179 1266 2226 excitandae
1331 2179 1500 2240 quovis
1553 2177 1635 2225 die
1686 2176 1990 2225 tantumdem

308 2271 514 2305 caussae
547 2254 702 2302 suerit
737 2262 967 2318 quantum
1002 2256 1181 2315 hodie;
1217 2258 1428 2318 denique
1451 2273 1547 2305 non
1574 2256 1989 2319 disputationibus

305 2335 463 2384 maior
496 2333 731 2383 dramatis
767 2350 878 2398 pars
916 2335 1189 2395 conficitur,
1225 2351 1385 2398 neque
1420 2337 1633 2384 otiosum
1669 2341 1747 2383 est
1780 2336 1988 2395 initium,

305 2422 536 2464 actuosus
581 2414 711 2475 finis,
747 2415 836 2463 sed
871 2414 1075 2479 perinde
1109 2416 1293 2479 prima,
1330 2416 1521 2477 media,
1554 2421 1807 2480 postrema
1839 2414 1988 2464 factis

307 2495 658 2556 eventibusque
694 2499 966 2558 temperata
1003 2500 1133 2542 sunt.

438 2574 599 2620 Boves
646 2574 695 2622 in
749 2590 917 2638 agrum
967 2580 1165 2622 acturus
1213 2572 1274 2621 ad
1311 2574 1543 2622 arandum
1591 2574 1777 2638 prodiit
1810 2589 1989 2638 opera-

304 2654 426 2704 rius.
496 2653 591 2714 Qui
635 2654 855 2717 quamvis
891 2655 1014 2702 tanti
1049 2655 1230 2702 habeat
1264 2653 1546 2717 Electram,
1583 2660 1637 2703 ut
1674 2655 1793 2703 nihil
1832 2656 1892 2703 ab
1928 2670 1987 2702 ea

306 2749 528 2796 operum,
565 2749 691 2796 quae
725 2735 825 2781 sint
856 2734 1234 2798 Agamemnonis
1270 2733 1372 2781 filia
1407 2735 1630 2799 indigna,
1680 2733 1864 2798 suscipi
1899 2749 1987 2782 ve-

306 2813 389 2872 lit,
423 2818 586 2861 tamen
620 2813 774 2873 haec,
811 2829 872 2861 ne
907 2815 1238 2877 generositate
1272 2814 1331 2861 ab
1367 2813 1450 2860 illo
1487 2818 1779 2877 superetur,
1816 2813 1988 2861 dome-

306 2894 427 2940 stica
462 2892 679 2957 gnaviter
714 2893 1049 2955 administrat,
1085 2893 1250 2941 levare
1285 2893 1453 2940 labore
1490 2894 1697 2942 studens
1732 2893 1986 2942 hominem

305 2972 512 3020 deorum
546 2973 705 3020 instar
741 2989 832 3037 pro
869 2973 1122 3021 beneficiis
1174 2972 1450 3024 colendum.
1522 2974 1691 3037 ltaque
1723 2972 1829 3035 ipsa
1864 2986 1987 3034 quo-

306 3066 403 3113 que
438 3051 530 3098 sub
567 3053 910 3115 crepusculum
947 3052 1160 3100 surrexit
1194 3069 1342 3102 urceo
1379 3053 1524 3116 capiti
1553 3051 1786 3116 imposito
1810 3066 1987 3114 aquam

305 3131 370 3178 de
404 3131 539 3178 fonte
572 3133 807 3195 petitura.
878 3131 1182 3182 Vacuesacta
1228 3148 1373 3181 scena
1409 3133 1615 3182 Orestes
1649 3146 1762 3180 cum
1795 3130 1983 3193 Pylade

303 3210 486 3273 prodit,
524 3227 552 3257 a
587 3212 774 3260 tumulo
811 3213 966 3276 patris
1000 3214 1214 3272 veniens,
1252 3229 1399 3275 quem
1434 3213 1527 3260 hac
1563 3214 1707 3259 nocte
1736 3215 1787 3258 et
1812 3225 1986 3258 comae

355 3392 404 3447 ³¹⁴)
434 3394 729 3435 Vehementer
771 3407 870 3435 eam
905 3394 1092 3436 miratus
1122 3396 1189 3435 est
1219 3396 1262 3434 et
1291 3394 1423 3447 plane
1452 3389 1759 3434 incredibilem
1788 3402 1886 3431 esse
1915 3388 1984 3430 iu-

439 3464 606 3507 dicavit
636 3463 872 3506 Victorius.
