<?xml version="1.0" encoding="UTF-8"?>
<!DOCTYPE html PUBLIC "-//W3C//DTD XHTML 1.0 Transitional//EN"
    "http://www.w3.org/TR/xhtml1/DTD/xhtml1-transitional.dtd">
<html xmlns="http://www.w3.org/1999/xhtml" xml:lang="en" lang="en">
 <head>
  <title>
</title>
<meta http-equiv="Content-Type" content="text/html;charset=utf-8" />
  <meta name='ocr-system' content='tesseract 3.04.00' />
  <meta name='ocr-capabilities' content='ocr_page ocr_carea ocr_par ocr_line ocrx_word'/>
</head>
<body>
  <div class='ocr_page' id='page_1' title='image "./euripidesrestitu02hartuoft_0594.png"; bbox 0 0 2080 3892; ppageno 0'>
   <div class='ocr_carea' id='block_1_1' title="bbox 1055 294 1181 354">
    <p class='ocr_par' dir='ltr' id='par_1_1' title="bbox 1055 294 1181 354">
     <span class='ocr_line' id='line_1_1' title="bbox 1055 294 1181 354; baseline -0.008 0"><span class='ocrx_word' id='word_1_1' title='bbox 1055 294 1181 354; x_wconf 78' lang='lat'><strong>582</strong></span> 
     </span>
    </p>
   </div>
   <div class='ocr_carea' id='block_1_2' title="bbox 259 441 1967 1712">
    <p class='ocr_par' dir='ltr' id='par_1_2' title="bbox 259 441 1967 1712">
     <span class='ocr_line' id='line_1_2' title="bbox 267 441 1964 508; baseline 0.003 -16"><span class='ocrx_word' id='word_1_2' title='bbox 267 443 343 504; x_wconf 80' lang='lat' dir='ltr'><strong>is,</strong></span> <span class='ocrx_word' id='word_1_3' title='bbox 392 458 541 508; x_wconf 89' lang='lat' dir='ltr'><strong>quem</strong></span> <span class='ocrx_word' id='word_1_4' title='bbox 577 442 859 507; x_wconf 86' lang='lat' dir='ltr'><strong>quicunque</strong></span> <span class='ocrx_word' id='word_1_5' title='bbox 894 442 1123 494; x_wconf 87' lang='lat' dir='ltr'><strong>omnibus</strong></span> <span class='ocrx_word' id='word_1_6' title='bbox 1157 441 1469 508; x_wconf 79' lang='lat' dir='ltr'><strong>temporibus</strong></span> <span class='ocrx_word' id='word_1_7' title='bbox 1501 442 1707 494; x_wconf 89' lang='lat' dir='ltr'><strong>fuerunt</strong></span> <span class='ocrx_word' id='word_1_8' title='bbox 1738 444 1964 497; x_wconf 80' lang='lat' dir='ltr'><strong>homines</strong></span> 
     </span>
     <span class='ocr_line' id='line_1_3' title="bbox 265 523 1963 588; baseline 0.002 -16"><span class='ocrx_word' id='word_1_9' title='bbox 265 524 403 573; x_wconf 86' lang='lat' dir='ltr'><strong>docti</strong></span> <span class='ocrx_word' id='word_1_10' title='bbox 435 524 484 573; x_wconf 88' lang='lat' dir='ltr'><strong>in</strong></span> <span class='ocrx_word' id='word_1_11' title='bbox 518 523 713 573; x_wconf 84' lang='lat' dir='ltr'><strong>deliciis</strong></span> <span class='ocrx_word' id='word_1_12' title='bbox 746 523 1050 585; x_wconf 81' lang='lat' dir='ltr'><strong>habuerant,</strong></span> <span class='ocrx_word' id='word_1_13' title='bbox 1098 541 1246 588; x_wconf 90' lang='lat' dir='ltr'><strong>quem</strong></span> <span class='ocrx_word' id='word_1_14' title='bbox 1294 524 1515 573; x_wconf 90' lang='lat' dir='ltr'><strong>omnium</strong></span> <span class='ocrx_word' id='word_1_15' title='bbox 1549 540 1822 576; x_wconf 89' lang='lat' dir='ltr'><strong>consensus</strong></span> <span class='ocrx_word' id='word_1_16' title='bbox 1855 527 1963 576; x_wconf 93' lang='lat' dir='ltr'><strong>Ho-</strong></span> 
     </span>
     <span class='ocr_line' id='line_1_4' title="bbox 263 604 1967 670; baseline 0.002 -18"><span class='ocrx_word' id='word_1_17' title='bbox 263 619 404 652; x_wconf 83' lang='lat' dir='ltr'><strong>mero</strong></span> <span class='ocrx_word' id='word_1_18' title='bbox 438 604 596 668; x_wconf 85' lang='lat' dir='ltr'><strong>gloria</strong></span> <span class='ocrx_word' id='word_1_19' title='bbox 631 609 943 670; x_wconf 85' lang='lat' dir='ltr'><strong>aequaverat.</strong></span> <span class='ocrx_word' id='word_1_20' title='bbox 1013 604 1351 670; x_wconf 83' lang='lat' dir='ltr'><strong>Sapientiores</strong></span> <span class='ocrx_word' id='word_1_21' title='bbox 1386 605 1518 654; x_wconf 87' lang='lat' dir='ltr'><strong>enim</strong></span> <span class='ocrx_word' id='word_1_22' title='bbox 1554 621 1669 655; x_wconf 85' lang='lat' dir='ltr'><strong>esse</strong></span> <span class='ocrx_word' id='word_1_23' title='bbox 1697 611 1751 655; x_wconf 88' lang='lat' dir='ltr'><strong>et</strong></span> <span class='ocrx_word' id='word_1_24' title='bbox 1781 607 1967 656; x_wconf 84' lang='lat' dir='ltr'><strong>veriori</strong></span> 
     </span>
     <span class='ocr_line' id='line_1_5' title="bbox 263 684 1963 750; baseline 0.002 -18"><span class='ocrx_word' id='word_1_25' title='bbox 263 684 447 745; x_wconf 70' lang='lat' dir='ltr'><strong>iudicio</strong></span> <span class='ocrx_word' id='word_1_26' title='bbox 483 685 723 750; x_wconf 86' lang='lat' dir='ltr'><strong>praediti,</strong></span> <span class='ocrx_word' id='word_1_27' title='bbox 773 701 918 749; x_wconf 87' lang='lat' dir='ltr'><strong>quam</strong></span> <span class='ocrx_word' id='word_1_28' title='bbox 965 686 1134 749; x_wconf 86' lang='lat' dir='ltr'><strong>priora</strong></span> <span class='ocrx_word' id='word_1_29' title='bbox 1170 685 1368 734; x_wconf 87' lang='lat' dir='ltr'><strong>saecula</strong></span> <span class='ocrx_word' id='word_1_30' title='bbox 1403 685 1598 747; x_wconf 88' lang='lat' dir='ltr'><strong>omnia,</strong></span> <span class='ocrx_word' id='word_1_31' title='bbox 1633 686 1836 737; x_wconf 71' lang='lat' dir='ltr'><strong>sibimet</strong></span> <span class='ocrx_word' id='word_1_32' title='bbox 1867 686 1963 736; x_wconf 82' lang='lat' dir='ltr'><strong>visi</strong></span> 
     </span>
     <span class='ocr_line' id='line_1_6' title="bbox 264 763 1965 831; baseline 0.001 -16"><span class='ocrx_word' id='word_1_33' title='bbox 264 774 384 815; x_wconf 87' lang='lat' dir='ltr'><strong>sunt</strong></span> <span class='ocrx_word' id='word_1_34' title='bbox 417 766 481 827; x_wconf 77' lang='lat' dir='ltr'><strong>ii,</strong></span> <span class='ocrx_word' id='word_1_35' title='bbox 532 765 617 828; x_wconf 87' lang='lat' dir='ltr'><strong>qui</strong></span> <span class='ocrx_word' id='word_1_36' title='bbox 658 780 784 828; x_wconf 92' lang='lat' dir='ltr'><strong>quae</strong></span> <span class='ocrx_word' id='word_1_37' title='bbox 820 763 1038 814; x_wconf 81' lang='lat' dir='ltr'><strong>Schiller</strong></span> <span class='ocrx_word' id='word_1_38' title='bbox 1072 772 1123 814; x_wconf 89' lang='lat' dir='ltr'><strong>et</strong></span> <span class='ocrx_word' id='word_1_39' title='bbox 1159 765 1361 815; x_wconf 89' lang='lat' dir='ltr'><strong>Goethe</strong></span> <span class='ocrx_word' id='word_1_40' title='bbox 1394 782 1510 815; x_wconf 89' lang='lat' dir='ltr'><strong>vera</strong></span> <span class='ocrx_word' id='word_1_41' title='bbox 1542 772 1781 831; x_wconf 90' lang='lat' dir='ltr'><strong>rectaque</strong></span> <span class='ocrx_word' id='word_1_42' title='bbox 1815 783 1965 817; x_wconf 89' lang='lat' dir='ltr'><strong>mon-</strong></span> 
     </span>
     <span class='ocr_line' id='line_1_7' title="bbox 263 846 1965 912; baseline 0.002 -19"><span class='ocrx_word' id='word_1_43' title='bbox 263 850 538 895; x_wconf 80' lang='lat' dir='ltr'><strong>straverant</strong></span> <span class='ocrx_word' id='word_1_44' title='bbox 571 846 702 894; x_wconf 86' lang='lat' dir='ltr'><strong>tueri</strong></span> <span class='ocrx_word' id='word_1_45' title='bbox 738 846 1087 910; x_wconf 86' lang='lat' dir='ltr'><strong>nequiverant;</strong></span> <span class='ocrx_word' id='word_1_46' title='bbox 1122 846 1208 910; x_wconf 90' lang='lat' dir='ltr'><strong>qui</strong></span> <span class='ocrx_word' id='word_1_47' title='bbox 1235 863 1263 894; x_wconf 92' lang='lat' dir='ltr'><strong>a</strong></span> <span class='ocrx_word' id='word_1_48' title='bbox 1291 846 1512 912; x_wconf 72' lang='lat' dir='ltr'><strong>fastigio,</strong></span> <span class='ocrx_word' id='word_1_49' title='bbox 1545 847 1595 896; x_wconf 88' lang='lat' dir='ltr'><strong>in</strong></span> <span class='ocrx_word' id='word_1_50' title='bbox 1623 848 1756 911; x_wconf 85' lang='lat' dir='ltr'><strong>quod</strong></span> <span class='ocrx_word' id='word_1_51' title='bbox 1781 847 1965 897; x_wconf 90' lang='lat' dir='ltr'><strong>horum</strong></span> 
     </span>
     <span class='ocr_line' id='line_1_8' title="bbox 262 926 1963 993; baseline 0 -18"><span class='ocrx_word' id='word_1_52' title='bbox 262 927 576 976; x_wconf 82' lang='lat' dir='ltr'><strong>duumvirum</strong></span> <span class='ocrx_word' id='word_1_53' title='bbox 618 942 772 991; x_wconf 86' lang='lat' dir='ltr'><strong>opera</strong></span> <span class='ocrx_word' id='word_1_54' title='bbox 818 926 987 989; x_wconf 87' lang='lat' dir='ltr'><strong>poesis</strong></span> <span class='ocrx_word' id='word_1_55' title='bbox 1032 933 1204 975; x_wconf 78' lang='lat' dir='ltr'><strong>evecta</strong></span> <span class='ocrx_word' id='word_1_56' title='bbox 1253 932 1385 987; x_wconf 78' lang='lat' dir='ltr'><strong>erat,</strong></span> <span class='ocrx_word' id='word_1_57' title='bbox 1448 926 1673 993; x_wconf 85' lang='lat' dir='ltr'><strong>protinus</strong></span> <span class='ocrx_word' id='word_1_58' title='bbox 1721 944 1832 977; x_wconf 85' lang='lat' dir='ltr'><strong>eam</strong></span> <span class='ocrx_word' id='word_1_59' title='bbox 1879 943 1963 976; x_wconf 86' lang='lat' dir='ltr'><strong>re-</strong></span> 
     </span>
     <span class='ocr_line' id='line_1_9' title="bbox 259 1005 1965 1072; baseline 0 -16"><span class='ocrx_word' id='word_1_60' title='bbox 259 1007 362 1056; x_wconf 81' lang='lat' dir='ltr'><strong>labi</strong></span> <span class='ocrx_word' id='word_1_61' title='bbox 396 1008 533 1072; x_wconf 87' lang='lat' dir='ltr'><strong>passi</strong></span> <span class='ocrx_word' id='word_1_62' title='bbox 571 1013 688 1056; x_wconf 86' lang='lat' dir='ltr'><strong>sunt</strong></span> <span class='ocrx_word' id='word_1_63' title='bbox 720 1005 1024 1070; x_wconf 81' lang='lat' dir='ltr'><strong>turpissime,</strong></span> <span class='ocrx_word' id='word_1_64' title='bbox 1062 1005 1143 1054; x_wconf 88' lang='lat' dir='ltr'><strong>his</strong></span> <span class='ocrx_word' id='word_1_65' title='bbox 1177 1007 1411 1056; x_wconf 89' lang='lat' dir='ltr'><strong>nimirum</strong></span> <span class='ocrx_word' id='word_1_66' title='bbox 1445 1008 1573 1056; x_wconf 87' lang='lat' dir='ltr'><strong>fides</strong></span> <span class='ocrx_word' id='word_1_67' title='bbox 1608 1007 1847 1057; x_wconf 84' lang='lat' dir='ltr'><strong>habenda.</strong></span> <span class='ocrx_word' id='word_1_68' title='bbox 1869 1007 1965 1056; x_wconf 85' lang='lat' dir='ltr'><strong>fuit</strong></span> 
     </span>
     <span class='ocr_line' id='line_1_10' title="bbox 262 1086 1964 1156; baseline -0.001 -18"><span class='ocrx_word' id='word_1_69' title='bbox 262 1105 412 1138; x_wconf 89' lang='lat' dir='ltr'><strong>suum</strong></span> <span class='ocrx_word' id='word_1_70' title='bbox 446 1087 688 1136; x_wconf 88' lang='lat' dir='ltr'><strong>iudicium</strong></span> <span class='ocrx_word' id='word_1_71' title='bbox 723 1087 1028 1151; x_wconf 88' lang='lat' dir='ltr'><strong>reliquorum</strong></span> <span class='ocrx_word' id='word_1_72' title='bbox 1074 1087 1356 1136; x_wconf 82' lang='lat' dir='ltr'><strong>mortalium</strong></span> <span class='ocrx_word' id='word_1_73' title='bbox 1399 1086 1588 1136; x_wconf 87' lang='lat' dir='ltr'><strong>iudicio</strong></span> <span class='ocrx_word' id='word_1_74' title='bbox 1625 1088 1842 1138; x_wconf 87' lang='lat' dir='ltr'><strong>omnium</strong></span> <span class='ocrx_word' id='word_1_75' title='bbox 1876 1104 1964 1156; x_wconf 77' lang='lat' dir='ltr'><strong>an-</strong></span> 
     </span>
     <span class='ocr_line' id='line_1_11' title="bbox 260 1166 1963 1235; baseline -0.002 -16"><span class='ocrx_word' id='word_1_76' title='bbox 260 1168 643 1235; x_wconf 89' lang='lat' dir='ltr'><strong>teponentibus!</strong></span> <span class='ocrx_word' id='word_1_77' title='bbox 694 1167 736 1216; x_wconf 90' lang='lat'>0</span> <span class='ocrx_word' id='word_1_78' title='bbox 773 1167 1053 1225; x_wconf 87' lang='lat' dir='ltr'><strong>saeculum,</strong></span> <span class='ocrx_word' id='word_1_79' title='bbox 1092 1184 1120 1215; x_wconf 97' lang='lat' dir='ltr'><strong>o</strong></span> <span class='ocrx_word' id='word_1_80' title='bbox 1154 1169 1349 1218; x_wconf 80' lang='lat' dir='ltr'><strong>moresl</strong></span> <span class='ocrx_word' id='word_1_81' title='bbox 1404 1166 1680 1218; x_wconf 86' lang='lat' dir='ltr'><strong>Goethium</strong></span> <span class='ocrx_word' id='word_1_82' title='bbox 1713 1173 1963 1217; x_wconf 74' lang='lat' dir='ltr'><strong>nostrates</strong></span> 
     </span>
     <span class='ocr_line' id='line_1_12' title="bbox 261 1248 1962 1300; baseline -0.002 -1"><span class='ocrx_word' id='word_1_83' title='bbox 261 1251 437 1300; x_wconf 88' lang='lat' dir='ltr'><strong>audire</strong></span> <span class='ocrx_word' id='word_1_84' title='bbox 470 1250 752 1298; x_wconf 87' lang='lat' dir='ltr'><strong>debuerunt</strong></span> <span class='ocrx_word' id='word_1_85' title='bbox 787 1248 1118 1296; x_wconf 84' lang='lat' dir='ltr'><strong>accusationis</strong></span> <span class='ocrx_word' id='word_1_86' title='bbox 1154 1249 1291 1298; x_wconf 83' lang='lat' dir='ltr'><strong>illius</strong></span> <span class='ocrx_word' id='word_1_87' title='bbox 1317 1254 1368 1297; x_wconf 87' lang='lat' dir='ltr'><strong>et</strong></span> <span class='ocrx_word' id='word_1_88' title='bbox 1402 1263 1628 1298; x_wconf 82' lang='lat' dir='ltr'><strong>caussam</strong></span> <span class='ocrx_word' id='word_1_89' title='bbox 1658 1254 1710 1298; x_wconf 90' lang='lat' dir='ltr'><strong>et</strong></span> <span class='ocrx_word' id='word_1_90' title='bbox 1735 1253 1962 1298; x_wconf 87' lang='lat' dir='ltr'><strong>naturam</strong></span> 
     </span>
     <span class='ocr_line' id='line_1_13' title="bbox 261 1328 1961 1394; baseline -0.002 -14"><span class='ocrx_word' id='word_1_91' title='bbox 261 1335 554 1394; x_wconf 84' lang='lat' dir='ltr'><strong>arguentem</strong></span> <span class='ocrx_word' id='word_1_92' title='bbox 577 1328 718 1376; x_wconf 88' lang='lat' dir='ltr'><strong>hisce</strong></span> <span class='ocrx_word' id='word_1_93' title='bbox 749 1328 945 1376; x_wconf 86' lang='lat' dir='ltr'><strong>verbis:</strong></span> <span class='ocrx_word' id='word_1_94' title='bbox 981 1328 1145 1390; x_wconf 82' lang='lat' dir='ltr'><strong>„Ane,</strong></span> <span class='ocrx_word' id='word_1_95' title='bbox 1182 1329 1265 1377; x_wconf 86' lang='lat' dir='ltr'><strong>die</strong></span> <span class='ocrx_word' id='word_1_96' title='bbox 1299 1330 1415 1377; x_wconf 91' lang='lat' dir='ltr'><strong>dem</strong></span> <span class='ocrx_word' id='word_1_97' title='bbox 1443 1329 1711 1392; x_wconf 83' lang='lat' dir='ltr'><strong>Euripides</strong></span> <span class='ocrx_word' id='word_1_98' title='bbox 1745 1329 1835 1377; x_wconf 86' lang='lat' dir='ltr'><strong>das</strong></span> <span class='ocrx_word' id='word_1_99' title='bbox 1863 1328 1961 1377; x_wconf 83' lang='lat' dir='ltr'><strong>Er-</strong></span> 
     </span>
     <span class='ocr_line' id='line_1_14' title="bbox 259 1407 1963 1472; baseline -0.003 -11"><span class='ocrx_word' id='word_1_100' title='bbox 259 1411 457 1461; x_wconf 87' lang='lat' dir='ltr'><strong>habene</strong></span> <span class='ocrx_word' id='word_1_101' title='bbox 489 1407 866 1472; x_wconf 83' lang='lat' dir='ltr'><strong>abgesprochen</strong></span> <span class='ocrx_word' id='word_1_102' title='bbox 902 1408 1092 1467; x_wconf 81' lang='lat' dir='ltr'><strong>haben,</strong></span> <span class='ocrx_word' id='word_1_103' title='bbox 1130 1424 1294 1457; x_wconf 88' lang='lat' dir='ltr'><strong>waren</strong></span> <span class='ocrx_word' id='word_1_104' title='bbox 1330 1425 1502 1457; x_wconf 88' lang='lat' dir='ltr'><strong>arme</strong></span> <span class='ocrx_word' id='word_1_105' title='bbox 1540 1407 1827 1472; x_wconf 83' lang='lat' dir='ltr'><strong>Heringe</strong></span> <span class='ocrx_word' id='word_1_106' title='bbox 1860 1408 1963 1456; x_wconf 91' lang='lat' dir='ltr'><strong>und</strong></span> 
     </span>
     <span class='ocr_line' id='line_1_15' title="bbox 260 1487 1962 1553; baseline -0.004 -12"><span class='ocrx_word' id='word_1_107' title='bbox 260 1492 399 1542; x_wconf 87' lang='lat' dir='ltr'><strong>einer</strong></span> <span class='ocrx_word' id='word_1_108' title='bbox 431 1490 637 1538; x_wconf 91' lang='lat' dir='ltr'><strong>solchen</strong></span> <span class='ocrx_word' id='word_1_109' title='bbox 672 1488 946 1553; x_wconf 86' lang='lat' dir='ltr'><strong>Erhebung</strong></span> <span class='ocrx_word' id='word_1_110' title='bbox 979 1488 1122 1537; x_wconf 90' lang='lat' dir='ltr'><strong>nicht</strong></span> <span class='ocrx_word' id='word_1_111' title='bbox 1156 1487 1321 1553; x_wconf 75' lang='lat' dir='ltr'><strong>ffihig:</strong></span> <span class='ocrx_word' id='word_1_112' title='bbox 1374 1487 1498 1537; x_wconf 89' lang='lat' dir='ltr'><strong>oder</strong></span> <span class='ocrx_word' id='word_1_113' title='bbox 1533 1489 1605 1536; x_wconf 91' lang='lat' dir='ltr'><strong>sie</strong></span> <span class='ocrx_word' id='word_1_114' title='bbox 1638 1503 1805 1536; x_wconf 87' lang='lat' dir='ltr'><strong>waren</strong></span> <span class='ocrx_word' id='word_1_115' title='bbox 1840 1501 1962 1535; x_wconf 91' lang='lat' dir='ltr'><strong>un-</strong></span> 
     </span>
     <span class='ocr_line' id='line_1_16' title="bbox 260 1565 1962 1630; baseline -0.005 -8"><span class='ocrx_word' id='word_1_116' title='bbox 260 1569 679 1621; x_wconf 76' lang='lat' dir='ltr'><strong>verschiimte</strong></span> <span class='ocrx_word' id='word_1_117' title='bbox 727 1567 1239 1630; x_wconf 81' lang='lat' dir='ltr'><strong>Chariatane*),</strong></span> <span class='ocrx_word' id='word_1_118' title='bbox 1292 1568 1374 1617; x_wconf 89' lang='lat' dir='ltr'><strong>die</strong></span> <span class='ocrx_word' id='word_1_119' title='bbox 1419 1569 1578 1616; x_wconf 86' lang='lat' dir='ltr'><strong>durch</strong></span> <span class='ocrx_word' id='word_1_120' title='bbox 1624 1565 1962 1616; x_wconf 75' lang='lat' dir='ltr'><strong>Anmal&#39;slich-</strong></span> 
     </span>
     <span class='ocr_line' id='line_1_17' title="bbox 259 1645 1964 1712; baseline -0.004 -10"><span class='ocrx_word' id='word_1_121' title='bbox 259 1653 364 1702; x_wconf 83' lang='lat' dir='ltr'><strong>keit</strong></span> <span class='ocrx_word' id='word_1_122' title='bbox 410 1651 460 1700; x_wconf 89' lang='lat' dir='ltr'><strong>in</strong></span> <span class='ocrx_word' id='word_1_123' title='bbox 505 1650 603 1699; x_wconf 89' lang='lat' dir='ltr'><strong>den</strong></span> <span class='ocrx_word' id='word_1_124' title='bbox 650 1650 824 1712; x_wconf 85' lang='lat' dir='ltr'><strong>Augen</strong></span> <span class='ocrx_word' id='word_1_125' title='bbox 861 1650 1000 1699; x_wconf 85' lang='lat' dir='ltr'><strong>einer</strong></span> <span class='ocrx_word' id='word_1_126' title='bbox 1036 1649 1335 1698; x_wconf 86' lang='lat' dir='ltr'><strong>schwachen</strong></span> <span class='ocrx_word' id='word_1_127' title='bbox 1367 1648 1507 1698; x_wconf 74' lang='lat' dir='ltr'><strong>Welt</strong></span> <span class='ocrx_word' id='word_1_128' title='bbox 1554 1647 1697 1696; x_wconf 90' lang='lat' dir='ltr'><strong>mehr</strong></span> <span class='ocrx_word' id='word_1_129' title='bbox 1729 1662 1819 1696; x_wconf 88' lang='lat' dir='ltr'><strong>aus</strong></span> <span class='ocrx_word' id='word_1_130' title='bbox 1852 1645 1964 1697; x_wconf 88' lang='lat' dir='ltr'><strong>sich</strong></span> 
     </span>
    </p>
   </div>
   <div class='ocr_carea' id='block_1_3' title="bbox 259 1725 2060 1790">
    <p class='ocr_par' dir='ltr' id='par_1_3' title="bbox 259 1725 2060 1790">
     <span class='ocr_line' id='line_1_18' title="bbox 259 1725 2060 1790; baseline -0.004 -8"><span class='ocrx_word' id='word_1_131' title='bbox 259 1731 473 1782; x_wconf 86' lang='lat' dir='ltr'><strong>macheu</strong></span> <span class='ocrx_word' id='word_1_132' title='bbox 506 1730 710 1779; x_wconf 84' lang='lat' dir='ltr'><strong>wollten</strong></span> <span class='ocrx_word' id='word_1_133' title='bbox 744 1730 846 1779; x_wconf 89' lang='lat' dir='ltr'><strong>und</strong></span> <span class='ocrx_word' id='word_1_134' title='bbox 881 1730 1011 1778; x_wconf 85' lang='lat' dir='ltr'><strong>auch</strong></span> <span class='ocrx_word' id='word_1_135' title='bbox 1046 1730 1272 1779; x_wconf 87' lang='lat' dir='ltr'><strong>wirklich</strong></span> <span class='ocrx_word' id='word_1_136' title='bbox 1307 1745 1395 1778; x_wconf 85' lang='lat' dir='ltr'><strong>aus</strong></span> <span class='ocrx_word' id='word_1_137' title='bbox 1442 1729 1549 1777; x_wconf 92' lang='lat' dir='ltr'><strong>sich</strong></span> <span class='ocrx_word' id='word_1_138' title='bbox 1582 1729 1844 1790; x_wconf 89' lang='lat' dir='ltr'><strong>machten,</strong></span> <span class='ocrx_word' id='word_1_139' title='bbox 1887 1725 1962 1775; x_wconf 86' lang='lat' dir='ltr'><strong>als</strong></span> <span class='ocrx_word' id='word_1_140' title='bbox 2054 1729 2060 1743; x_wconf 55' lang='lat'><em>*</em></span> 
     </span>
    </p>
   </div>
   <div class='ocr_carea' id='block_1_4' title="bbox 263 1807 1673 1889">
    <p class='ocr_par' dir='ltr' id='par_1_4' title="bbox 263 1807 1673 1889">
     <span class='ocr_line' id='line_1_19' title="bbox 263 1807 1673 1889; baseline -0.003 -26"><span class='ocrx_word' id='word_1_141' title='bbox 263 1813 342 1863; x_wconf 87' lang='lat' dir='ltr'><strong>sie</strong></span> <span class='ocrx_word' id='word_1_142' title='bbox 378 1807 609 1871; x_wconf 86' lang='lat' dir='ltr'><strong>waren;’⁷</strong></span> <span class='ocrx_word' id='word_1_143' title='bbox 648 1810 716 1889; x_wconf 32' lang='lat' dir='ltr'><strong>c‘f.</strong></span> <span class='ocrx_word' id='word_1_144' title='bbox 753 1826 968 1860; x_wconf 87' lang='lat' dir='ltr'><strong>sermon.</strong></span> <span class='ocrx_word' id='word_1_145' title='bbox 1005 1810 1239 1860; x_wconf 84' lang='lat' dir='ltr'><strong>Eckerm.</strong></span> <span class='ocrx_word' id='word_1_146' title='bbox 1276 1809 1339 1861; x_wconf 88' lang='lat' dir='ltr'><strong>T.</strong></span> <span class='ocrx_word' id='word_1_147' title='bbox 1375 1809 1436 1861; x_wconf 84' lang='grc' dir='ltr'><strong>ΙΙ.</strong></span> <span class='ocrx_word' id='word_1_148' title='bbox 1471 1825 1523 1874; x_wconf 88' lang='lat' dir='ltr'><strong>p.</strong></span> <span class='ocrx_word' id='word_1_149' title='bbox 1559 1811 1673 1859; x_wconf 81' lang='lat'><strong>269.</strong></span> 
     </span>
    </p>
   </div>
   <div class='ocr_carea' id='block_1_5' title="bbox 578 1911 720 1916">
    <p class='ocr_par' dir='ltr' id='par_1_5' title="bbox 578 1911 720 1916">
     <span class='ocr_line' id='line_1_20' title="bbox 578 1911 720 1916; baseline 0 0"><span class='ocrx_word' id='word_1_150' title='bbox 578 1911 720 1916; x_wconf 95' lang='lat' dir='ltr'><strong> </strong></span> 
     </span>
    </p>
   </div>
   <div class='ocr_carea' id='block_1_6' title="bbox 260 1912 523 1920">
    <p class='ocr_par' dir='ltr' id='par_1_6' title="bbox 260 1912 523 1920">
     <span class='ocr_line' id='line_1_21' title="bbox 260 1912 523 1920; baseline 0 1972"><span class='ocrx_word' id='word_1_151' title='bbox 260 1912 523 1920; x_wconf 95' lang='lat' dir='ltr'><strong> </strong></span> 
     </span>
    </p>
   </div>
   <div class='ocr_carea' id='block_1_7' title="bbox 323 1971 1963 2103">
    <p class='ocr_par' dir='ltr' id='par_1_7' title="bbox 323 1971 1963 2103">
     <span class='ocr_line' id='line_1_22' title="bbox 323 1971 1963 2032; baseline -0.004 -14"><span class='ocrx_word' id='word_1_152' title='bbox 323 1976 376 2032; x_wconf 71' lang='grc'><strong>*)</strong></span> <span class='ocrx_word' id='word_1_153' title='bbox 406 1973 689 2031; x_wconf 84' lang='lat' dir='ltr'><strong>Praestigias</strong></span> <span class='ocrx_word' id='word_1_154' title='bbox 719 1973 1087 2030; x_wconf 86' lang='lat' dir='ltr'><strong>Schlegeliorum</strong></span> <span class='ocrx_word' id='word_1_155' title='bbox 1127 1973 1333 2030; x_wconf 86' lang='lat' dir='ltr'><strong>pluribus</strong></span> <span class='ocrx_word' id='word_1_156' title='bbox 1363 1971 1655 2030; x_wconf 86' lang='lat' dir='ltr'><strong>epistolarum</strong></span> <span class='ocrx_word' id='word_1_157' title='bbox 1681 1983 1963 2014; x_wconf 86' lang='lat' dir='ltr'><strong>sermonum-</strong></span> 
     </span>
     <span class='ocr_line' id='line_1_23' title="bbox 405 2044 1028 2103; baseline -0.002 -15"><span class='ocrx_word' id='word_1_158' title='bbox 405 2061 490 2102; x_wconf 87' lang='lat' dir='ltr'><strong>que</strong></span> <span class='ocrx_word' id='word_1_159' title='bbox 518 2045 631 2089; x_wconf 85' lang='lat' dir='ltr'><strong>locis</strong></span> <span class='ocrx_word' id='word_1_160' title='bbox 659 2044 810 2103; x_wconf 79' lang='lat' dir='ltr'><strong>arguit</strong></span> <span class='ocrx_word' id='word_1_161' title='bbox 838 2044 1028 2089; x_wconf 88' lang='lat' dir='ltr'><strong>Goethe.</strong></span> 
     </span>
    </p>
   </div>
   <div class='ocr_carea' id='block_1_8' title="bbox 270 3504 1959 3561">
    <p class='ocr_par' dir='ltr' id='par_1_8' title="bbox 270 3504 1959 3561">
     <span class='ocr_line' id='line_1_24' title="bbox 270 3504 1959 3561; baseline -0.013 0"><span class='ocrx_word' id='word_1_162' title='bbox 270 3518 464 3561; x_wconf 72' lang='lat' dir='ltr'><strong>Go&#39;rffim</strong></span> <span class='ocrx_word' id='word_1_163' title='bbox 503 3526 714 3555; x_wconf 71' lang='lat' dir='ltr'><strong>mr‘rsms</strong></span> <span class='ocrx_word' id='word_1_164' title='bbox 754 3525 989 3554; x_wconf 64' lang='lat' dir='ltr'><strong>ornemus</strong></span> <span class='ocrx_word' id='word_1_165' title='bbox 1027 3523 1213 3552; x_wconf 65' lang='lat' dir='ltr'><strong>nvcams</strong></span> <span class='ocrx_word' id='word_1_166' title='bbox 1251 3504 1959 3550; x_wconf 58' lang='lat' dir='ltr'><strong>Eneannanno-Rmnsmnn.</strong></span> 
     </span>
    </p>
   </div>
  </div>
 </body>
</html>
