2124 3860
972 290 1100 349 :375

185 453 247 488 ex
293 437 434 503 Diog.
483 437 751 500 Laert..11,
787 440 844 499 5,
880 440 962 489 23.
1007 439 1331 506 intelligitur,
1392 441 1519 491 hanc
1564 439 1872 508 tragoediam

182 523 300 584 post
332 518 499 583 fugam
533 518 835 584 Protagorae
886 520 1119 584 scriptam
1169 535 1283 569 esse
1327 526 1555 572 testatur.
1625 521 1672 570 Is
1706 526 1870 572 autem

182 598 319 648 circa
352 598 432 649 0¹.
470 601 552 648 91.
588 599 649 647 ah
683 598 1065 648 Atheniensibus
1100 599 1359 648 damnatus
1395 597 1561 665 est*)‚
1610 617 1706 665 quo
1739 607 1868 651 tem-

180 694 305 744 pore
336 679 406 728 ini
442 679 490 727 in
512 678 722 728 Siciliam
748 680 954 727 classem
979 679 1247 728 miserunt:
1284 695 1488 743 quorum
1516 696 1665 729 naves
1701 697 1869 745 quum,

181 760 357 808 eodem
393 760 618 821 tendens,
654 759 877 824 effugere
917 759 1143 808 studeret
1169 760 1217 808 in
1253 775 1403 825 parvo
1436 760 1630 824 navigio
1663 760 1867 821 vehenS,

181 839 327 905 undis
361 839 568 888 obrutus
603 839 808 889 interiit.
894 838 1022 888 Huic
1071 839 1373 904 phiiosopho
1408 839 1697 906 Euripidem
1733 856 1867 889 mor-

180 923 266 968 tuo
298 918 593 980 insultasse,
630 935 782 983 quum
815 919 908 967 vivi
944 919 1208 968 amicitiam
1247 920 1327 984 pie
1360 920 1622 982 coluisset,
1668 921 1867 969 minime

180 998 449 1047 verisimile
504 1006 612 1048 est:
672 1016 781 1050 nam
840 999 890 1047 in
942 1000 1100 1064 ipsius
1146 1000 1295 1049 domo
1341 999 1638 1063 Protagoras
1689 1000 1867 1049 librum

179 1077 321 1126 illum
354 1078 599 1128 famosum
634 1079 876 1128 recitasse
911 1079 1087 1139 fertur,
1125 1081 1263 1129 cuius
1298 1079 1396 1128 hoc
1422 1080 1518 1128 fuit
1543 1080 1865 1145 principium:

179 1155 300 1221 περὶ
344 1155 445 1221 μὲν
476 1158 622 1209 θεῶν
668 1157 769 1209 οὐκ
815 1156 913 1225 ἔχω
948 1156 1143 1210 εἰδέναι
1178 1160 1302 1210 οὔθ’
1339 1156 1408 1219 ὥς
1444 1156 1576 1209 εἰσὶν
1621 1159 1744 1209 οὔθ’
1795 1156 1868 1218 ὡς

180 1235 280 1289 οὐκ
313 1236 445 1289 εἰσίν
458 1236 557 1302 ²'¹'‘).
607 1238 804 1288 Erravit
828 1241 976 1304 igitur
997 1240 1340 1302 Philochorus,
1376 1241 1437 1288 ad
1465 1241 1763 1304 Protagorae
1790 1239 1864 1288 fa·

178 1324 285 1368 tum
321 1335 348 1367 a
381 1325 555 1368 nostro
587 1319 769 1383 respici
805 1329 1008 1384 putans3
1043 1336 1203 1384 neque
1226 1319 1386 1369 minus
1407 1319 1580 1368 fictum
1610 1335 1724 1369 esse
1742 1316 1868 1367 mihi

176 1398 457 1463 persuadeo
484 1397 613 1463 quod
640 1399 851 1447 narravit
869 1399 1164 1449 Plutarchus
1183 1396 1281 1463 (de
1299 1400 1413 1452 aud.
1433 1405 1568 1465 poet.
1586 1416 1638 1464 p.
1660 1402 1739 1450 19.
1759 1397 1865 1461 E.),

178 1476 496 1543 Euripidem,
544 1484 600 1527 ut
633 1479 808 1544 impias
837 1479 1020 1529 Ixionis
1064 1481 1428 1544 disputationes
1463 1484 1752 1538 excusaret,
1802 1477 1864 1527 ad

176 1558 474 1622 supplicium
505 1574 821 1624 provocasse,
854 1576 951 1624 quo
978 1562 1023 1610 in
1050 1561 1150 1609 fine
1174 1560 1408 1608 dramatis
1432 1560 1721 1609 afficeretur
1733 1555 1861 1622 ***).

175 1634 385 1687 Veriora
419 1643 562 1699 suunt,
610 1654 736 1702 quae
770 1638 831 1691 Τ.
870 1640 930 1691 ΙΙ.
964 1659 1015 1707 p.
1059 1643 1175 1691 296.
1210 1640 1625 1698 commemoravi,
1672 1637 1862 1686 tumui-

177 1722 347 1768 tuante
381 1718 585 1784 populo,
622 1719 706 1781 qui
742 1719 914 1770 aderat
937 1722 986 1769 in
1010 1721 1226 1783 theatro,
1262 1719 1552 1784 Euripidem
1578 1719 1627 1767 in
1662 1732 1860 1766 scenam

175 1812 494 1862 progressum
532 1798 749 1858 dixisse,
797 1815 881 1859 se,
930 1805 986 1848 ut
1019 1800 1154 1848 inum
1193 1801 1427 1860 doceret,
1464 1815 1559 1848 non
1597 1804 1650 1846 ut
1683 1798 1744 1846 ab
1777 1796 1860 1845 ino
1902 1808 1905 1809 ’

174 1877 286 1942 ipse
318 1878 555 1937 disceret,
595 1878 789 1928 fabuias
825 1895 1124 1944 componere
1158 1880 1335 1931 solere.

308 1957 548 2022 Imagines
583 1973 644 2006 ex
679 1959 884 2007 aethere
921 1959 1106 2020 factaS,
1143 1974 1270 2023 quae
1302 1975 1421 2007 vera
1455 1973 1663 2021 corpora
1696 1971 1860 2004 aemu-

175 2037 426 2098 larentur,
475 2037 697 2103 pluribus
745 2039 928 2088 fabulis
974 2037 1171 2087 induxit
1202 2046 1398 2100 noster,
1444 2038 1625 2101 quippe
1672 2036 1754 2100 qui
1802 2051 1863 2083 ex

175 2117 262 2166 ino
295 2123 399 2166 tum
435 2118 688 2167 hominum
725 2124 830 2168 tum
866 2119 1071 2167 deorum
1106 2123 1298 2167 mentes
1333 2118 1575 2166 delibatas
1601 2131 1715 2164 esse
1742 2129 1859 2163 cen-

177 2202 326 2246 seret.
392 2196 616 2246 Fuerunt
658 2199 812 2263 igitur
851 2199 977 2247 haec
1023 2214 1218 2262 quoque
1252 2202 1529 2247 commenta
1563 2210 1707 2244 verae
1746 2209 1858 2243 seu-

173 2278 358 2328 tentiae
392 2282 444 2327 et
475 2277 845 2327 reconditorum
879 2278 1175 2343 placitorum
1208 2277 1478 2328 involucra.

554 2696 622 2750 Β.
708 2698 1151 2771 Melanippe
1207 2696 1467 2749 vincta.

307 2854 381 2901 De
417 2853 589 2902 Boeoti
623 2855 865 2919 Aeolique
913 2855 1151 2904 natalibus
1202 2856 1254 2901 et
1283 2850 1531 2900 Diodorus
1567 2848 1649 2907 lV,
1686 2849 1766 2895 67.
1804 2851 1856 2894 et

176 2934 399 2998 Hyginus
436 2949 479 2981 c.
519 2936 631 2981 186.
668 2941 933 2998 exponunt,
966 2936 1015 2984 iu
1051 2949 1240 2984 summa
1274 2946 1439 2981 rerum
1475 2928 1854 2988 consentientes,

173 3016 225 3064 in
271 3014 494 3078 partibus
542 3014 831 3078 quibusdam
875 3015 1229 3079 discrepantes.
1310 3012 1377 3060 Et
1426 3010 1608 3074 Hygini
1655 3007 1853 3072 quidem

174 3094 455 3144 narratione
489 3110 586 3143 non
631 3100 973 3159 argumentum
1008 3100 1227 3156 tantum,
1277 3091 1366 3141 sed
1414 3090 1624 3139 formam
1659 3101 1854 3150 quoque

229 3291 280 3345 ἦ)
311 3289 381 3331 Cf.
403 3287 595 3330 Brandis
612 3286 779 3329 Histor.
800 3287 910 3341 phil.
933 3287 1012 3330 Gr.
1043 3291 1087 3330 et
1115 3286 1209 3329 Lat.
1228 3285 1283 3328 T.
1303 3285 1338 3326 Ι.
1360 3299 1403 3339 p.
1422 3282 1521 3326 341.
1547 3282 1680 3338 Diog.
1703 3279 1852 3322 Laert.

315 3361 391 3402 lx.
422 3359 464 3410 8,
494 3358 536 3399 7.

206 3430 287 3483 **)
317 3430 452 3486 Diog.
482 3429 629 3470 Laert.
662 3427 740 3479 lx,
770 3425 813 3478 7,
841 3424 884 3467 5.

177 3500 286 3554 *²²²5
314 3500 384 3543 Cf.
413 3513 530 3555 quae
559 3498 602 3540 in
632 3497 818 3540 eandem
846 3498 1107 3541 sententiam
1133 3496 1393 3538 Welckerus
1422 3509 1464 3549 p.
1494 3492 1590 3536 751.
1618 3490 1824 3545 disputat.
