2170 3866
1191 284 1317 344 548

403 438 500 482 tur.
571 429 656 480 Sic
676 430 977 481 voluntatem
1003 431 1161 481 nostri
1185 432 1548 498 interpretatus
1570 431 1810 498 Horatius
1833 438 1914 484 est
1938 433 2098 500 Epist.

405 513 443 577 Ι,
472 513 553 573 16,
588 513 682 560 *132

539 590 693 654 „Vir
727 590 933 640 bonus
969 597 1030 640 et
1054 593 1331 659 sapiens
1359 592 1571 642 audebit
1600 591 1807 642 dicere:
1843 592 2100 655 Penthea,

540 671 735 721 Rector
776 670 1094 734 Thebarum,
1131 673 1258 740 quid
1291 690 1373 723 me
1401 675 1645 741 perferre
1672 673 1894 740 patique

543 750 828 818 Indignum
883 755 1072 819 coges:2
1141 753 1430 816 „Adimam
1485 754 1670 804 bona.”
1761 751 1968 820 Nempe
2005 769 2099 819 pe-

1335 851 1457 893 cuS,
1509 850 1637 892 rem,

539 911 758 971 Lectos,
796 914 1115 978 argentum?
1162 915 1320 964 tollas
1353 915 1492 963 licet.
1558 913 1665 975 „In
1695 913 1916 963 manicis
1951 918 2003 961 et

545 991 888 1059 Compedibus
921 1010 1080 1042 saevo
1112 1000 1168 1043 te
1201 995 1295 1043 sub
1331 994 1544 1044 custode
1578 993 1814 1043 tenebo.”

548 1072 671 1139 Ipse
707 1071 857 1133 deus,
911 1074 1231 1141 simulatque
1265 1077 1465 1134 volam,
1514 1091 1598 1124 me
1632 1074 1814 1123 solvet.
1891 1071 2103 1139 Opinor,

543 1151 663 1201 Hoc
695 1153 891 1201 sentit:
934 1152 1155 1216 Moriar,
1191 1172 1327 1205 mors
1361 1157 1551 1205 ultima
1586 1155 1729 1203 linea
1762 1168 1934 1202 rerum
1973 1157 2102 1200 est.”

405 1234 566 1285 Abest
600 1239 766 1281 tamen
802 1248 829 1280 a
863 1234 1156 1283 commentis
1203 1241 1383 1299 poetae
1434 1235 1676 1285 sobrietas
1718 1234 1816 1282 ista
1849 1233 2104 1281 hominum

404 1314 475 1364 nil
510 1313 604 1361 uisi
640 1315 877 1361 consueta
912 1329 971 1360 ac
1005 1314 1221 1376 vulgaria
1249 1315 1615 1364 admittentium
1650 1315 1902 1378 fidemque
1937 1312 2105 1373 rebus,

408 1407 817 1459 quarumcunque
852 1406 950 1439 non
986 1393 1239 1440 naturales
1287 1398 1531 1457 apparent
1578 1409 1817 1453 caussae,
1864 1391 2104 1455 derogan-

406 1475 559 1533 tium,
606 1475 659 1521 et
709 1470 1056 1534 relinquuntur
1092 1471 1211 1519 satis
1246 1472 1419 1533 multa,
1467 1487 1593 1535 quae
1628 1477 1827 1537 captum
1863 1476 2104 1537 superent

407 1552 814 1614 obscuritateque
848 1551 956 1614 ipsa
1000 1555 1201 1600 teneant
1247 1566 1410 1615 neque
1454 1552 1617 1600 sinant
1662 1558 1893 1600 notarum
1936 1567 2104 1600 rerum

407 1631 681 1699 cognitioni
715 1645 893 1679 secure
929 1630 1197 1679 confidere.

541 1711 637 1761 His
672 1711 794 1759 actis
831 1710 1010 1760 Dircen
1044 1711 1228 1774 chorus
1278 1711 1590 1771 obtestatur,
1640 1725 1768 1774 quae
1810 1710 2106 1760 infantulum

409 1791 665 1842 Bacchum
702 1790 925 1840 fontibus
962 1791 1064 1839 suis
1100 1792 1308 1856 accepit,
1344 1807 1459 1840 cum
1497 1790 1718 1855 luppiter
1739 1806 1800 1839 ex
1822 1790 1923 1855 igni
1941 1791 2105 1856 eripe-

405 1875 490 1922 ret
533 1877 587 1921 et
621 1870 938 1934 Dithyrambi
984 1886 1166 1920 nomen
1200 1871 1391 1921 incluso
1441 1871 1489 1921 in
1537 1876 1684 1920 utero
1735 1871 1960 1920 masculo
2010 1871 2104 1920 im-

407 1956 645 2017 poneretz
688 1966 898 2014 quorum
934 1951 1077 1999 testis
1113 1950 1259 2001 Dirca
1294 1951 1615 2000 nihilominus
1651 1955 1825 1999 coetus
1860 1949 2106 2001 bacchan-

408 2033 534 2082 tium
568 2029 836 2096 propellit3
872 2031 962 2079 sed
999 2032 1094 2080 erit
1128 2037 1355 2096 tempuS,
1394 2047 1490 2095 quo
1526 2031 1801 2097 impietatis
1837 2047 1944 2080 eam
1981 2046 2103 2095 poe-

408 2112 584 2160 niteat.
651 2109 930 2159 Feritatem
977 2112 1177 2176 generis
1228 2112 1306 2159 sui
1340 2112 1594 2161 Pentheus
1644 2111 1843 2177 prodit,
1890 2111 2106 2160 dracone

408 2190 678 2250 oriundus,
713 2194 998 2240 monstrum
1034 2192 1328 2255 Gigantibus
1365 2190 1572 2256 aequale
1607 2207 1665 2240 ac
1702 2191 1801 2240 diis
1846 2190 2105 2248 infestum,

410 2271 492 2336 qui
541 2269 730 2333 laqueis
771 2269 1029 2318 vincturus
1075 2275 1153 2318 est
1203 2271 1385 2320 Bacchi
1430 2271 1636 2320 comites
1681 2270 1880 2333 iamque
1925 2270 2105 2318 ducem

408 2351 710 2400 chorearum
759 2348 1030 2414 caliginoso
1079 2365 1279 2398 carcere
1328 2350 1542 2398 inclusit.
1643 2349 1943 2414 Adspicisne
1986 2349 2103 2409 hoc,

408 2446 439 2480 o
474 2429 600 2478 lovis
633 2428 738 2491 fili,
784 2433 896 2476 tuos
943 2428 1230 2477 sacerdotes
1265 2445 1377 2478 cum
1425 2430 1549 2479 dura
1593 2430 1893 2478 necessitate
1927 2429 2105 2478 confli-

409 2510 572 2560 ctari?
639 2507 769 2559 Veni
813 2507 1043 2572 thyrsum
1088 2525 1181 2574 per
1217 2508 1486 2574 Olympum
1535 2510 1761 2573 quatiens
1809 2524 1868 2558 ac
1915 2506 2106 2557 funesti

407 2590 501 2638 viri
534 2588 850 2638 insolentiam
888 2589 1190 2655 comprime,
1243 2590 1347 2638 sive
1381 2589 1430 2638 in
1465 2588 1618 2653 Nysa,
1654 2589 1874 2638 ferarum
1911 2588 2104 2646 altrice,

407 2670 639 2734 thyrsum
675 2669 832 2717 iactas
867 2668 972 2718 sive
1005 2670 1054 2719 in
1091 2669 1304 2733 Corycio
1352 2669 1541 2717 vertice
1576 2669 1652 2719 vel
1688 2670 1739 2718 in
1774 2667 1976 2734 Olympi
2013 2667 2103 2717 do-

408 2748 637 2808 miciliis,
672 2749 758 2797 ubi
792 2749 1041 2812 quondam
1079 2748 1311 2813 Orpheus
1359 2750 1562 2799 arbores
1598 2750 1833 2813 ferasque
1876 2749 2104 2797 carmini-

408 2829 504 2878 bus
542 2829 700 2880 duxit.
770 2827 814 2877 Ο
852 2829 995 2877 beata
1029 2828 1228 2890 Pieria,
1277 2833 1330 2877 te
1379 2830 1495 2878 colit
1529 2831 1683 2879 Evius
1719 2834 1772 2877 et
1804 2829 1970 2879 veniet
2004 2828 2105 2877 sal-

409 2914 521 2959 tans
556 2907 859 2957 Maenadum
895 2909 1104 2957 choreas
1141 2908 1329 2956 ducens
1364 2909 1543 2958 Axium
1596 2909 1850 2959 traiiciens
1883 2913 1936 2957 et
1968 2907 2106 2957 Loe-

407 2989 542 3038 diam
562 2987 797 3047 fluvium,
831 2986 1151 3038 fecunditatis
1186 2993 1440 3037 auctorem
1459 3026 1474 3050 ,
1510 2990 1593 3053 qui
1618 2988 1928 3053 pulcerrimis
1959 2989 2102 3052 aquis

409 3071 598 3116 terram
634 3066 809 3131 irrigat
843 3072 1146 3131 equestrem.
1227 3068 1325 3117 His
1361 3085 1475 3118 cum
1512 3075 1856 3134 tympanorum
1892 3067 2105 3131 strepitu

411 3147 649 3206 cantatis,
685 3148 848 3196 subito
883 3163 977 3196 vox
1013 3147 1212 3198 auditur
1246 3148 1430 3197 Bacchi
1462 3149 1596 3198 intus
1633 3147 1920 3205 clamantis,
1955 3146 2105 3196 simul

407 3230 548 3276 terra
581 3227 904 3290 intremiscit,
950 3232 1210 3278 moventur
1255 3228 1515 3278 columnae
1560 3228 1795 3278 vestibuli
1840 3233 1892 3275 et
1924 3227 2104 3275 domus

407 3307 639 3356 universa
660 3307 972 3367 concutitur3
1007 3323 1067 3356 ex
1095 3312 1417 3358 monumento
1446 3313 1610 3358 autem
1637 3306 1868 3357 Semelae
1895 3320 2104 3372 surgens

406 3387 608 3439 flamma
667 3402 760 3451 per
816 3386 1098 3436 aedificium
1148 3388 1359 3438 volvitur
1373 3386 1444 3447 *).
1525 3387 1760 3439 Disiectis
1793 3387 2106 3451 incensisque

463 3527 513 3582 ²⁸)
541 3528 646 3570 Huc
676 3526 868 3583 respicit
896 3528 1053 3572 Horat.
1086 3528 1169 3571 od.
1200 3529 1262 3583 11,
1293 3528 1363 3585 19,
1392 3527 1461 3572 14.
