2170 3848
933 229 1050 286 171

151 392 326 445 pressa
359 391 472 426 esse
505 376 666 442 potuit
698 392 815 441 pars
850 393 907 426 ea
941 373 1216 425 Dulorestis
1249 372 1467 432 Pacuvii,
1502 386 1628 436 quae
1649 385 1732 420 res
1764 369 1816 420 in

153 457 366 507 Taurica
402 457 715 506 Chersoneso
749 462 915 520 gestas
951 455 1256 504 continebat:
1302 453 1545 501 diversam
1591 451 1719 500 enim
1751 448 1815 498 ab

152 537 395 602 Euripide
429 538 551 585 viam
588 537 717 585 huuc
750 537 1022 599 ingressum
1058 534 1216 582 fuisse
1260 536 1506 581 testantur
1554 548 1640 593 ea,
1691 543 1817 596 quae

151 619 218 668 de
244 619 350 666 eius
380 619 592 666 carmine
621 616 795 665 Cicero
812 651 826 672 ,
863 615 1049 663 Nonius
1071 618 1122 661 et
1143 611 1420 660 Priscianus
1445 611 1816 676 decerpserunt.

151 698 387 748 Nostrum
425 696 668 746 Goetbius
703 695 922 743 imitatus
959 697 1039 742 est
1074 692 1161 753 sic,
1196 695 1266 750 ut,
1300 691 1381 755 qui
1406 696 1669 754 utrumque
1689 704 1815 756 opus

151 792 435 840 comparare
470 777 628 837 volet,
665 775 779 822 huic
813 773 1118 822 saeculorum
1154 773 1317 836 prius,
1362 787 1504 835 quam
1539 777 1813 834 poetarum,

150 861 322 905 natura
357 854 704 912 consideranda
738 855 816 902 sit.
884 855 958 903 Ab
994 861 1305 902 externarum
1342 851 1471 899 enim
1510 866 1672 899 rerum
1712 849 1813 898 dis-

152 935 354 983 crimine
401 934 719 998 corporisque
773 933 1016 981 laboribus
1051 931 1112 980 ad
1146 933 1425 980 voluntates
1460 936 1512 979 et
1545 930 1814 979 sententias

150 1019 203 1062 et
243 1015 513 1062 animorum
559 1029 814 1062 aerumnas
862 1018 1107 1060 momenta
1158 1012 1402 1060 Goethius
1447 1010 1609 1060 omnia
1653 1015 1814 1059 trans-

148 1092 276 1141 tulit.
343 1092 514 1157 ltaque
561 1091 933 1157 quibuscunque
978 1093 1126 1140 rebus
1162 1092 1425 1156 Euripides
1472 1097 1815 1154 argumentum

149 1171 345 1222 fabulae
387 1174 660 1233 intricavit,
711 1190 794 1221 eas
829 1174 911 1222 ille
946 1189 1114 1221 omues
1149 1172 1328 1220 abiecit
1362 1177 1412 1220 et
1443 1187 1668 1220 caussam
1703 1171 1814 1220 uni-

147 1267 338 1301 versam
375 1254 516 1318 piane
551 1254 843 1302 immutavit.
911 1253 1150 1302 Custodia
1184 1258 1412 1301 tenentur
1451 1251 1679 1314 hospites
1713 1259 1811 1300 tam

147 1332 274 1394 laxa,
307 1338 367 1381 ut
399 1334 473 1382 ire
506 1335 564 1382 iis
595 1349 889 1398 quocunque
917 1333 1068 1394 lubet,
1105 1333 1218 1396 quin
1245 1332 1388 1380 etiam
1416 1330 1475 1378 ad
1505 1347 1676 1381 navem
1704 1332 1812 1382 sine

146 1412 243 1460 ulla
289 1414 585 1462 difficultate
634 1415 797 1463 redire
846 1414 1004 1462 liceat.
1085 1413 1262 1463 Mortis
1309 1411 1583 1476 periculum
1632 1414 1811 1462 nemini

144 1491 420 1557 impendet,
474 1500 731 1558 antequam
779 1494 914 1558 regis
974 1493 1250 1555 coniugium
1297 1491 1547 1557 iphigenia
1598 1498 1810 1543 recuset.

147 1569 276 1620 Tum
312 1575 442 1636 quod
478 1575 747 1623 iniunctum
784 1574 951 1623 Oresti
986 1575 1240 1622 videbatur
1276 1572 1525 1621 simulacri
1555 1572 1811 1623 auferendi

146 1651 386 1712 officium,
422 1654 516 1703 hoc
550 1655 711 1718 agnita
748 1670 918 1703 sorore
953 1660 1127 1717 sponte
1155 1653 1399 1702 sublatum
1426 1668 1537 1701 esse
1563 1653 1809 1719 intelligit.

144 1732 344 1796 Agnitio
391 1741 555 1782 autem
606 1735 710 1798 ipsa
756 1735 888 1782 nulla
922 1735 996 1782 vel
1045 1733 1213 1782 fratris
1248 1732 1325 1780 vel
1360 1732 1543 1780 sororis
1576 1732 1809 1782 dissimu-

144 1808 326 1859 latione
359 1813 652 1876 impeditum
704 1819 755 1862 et
804 1814 932 1877 quod
981 1813 1177 1877 Pyladis
1225 1815 1503 1859 commento
1549 1813 1813 1878 opponit-ur

146 1891 482 1955 obstaculum,
519 1893 712 1941 Orestis
746 1894 1026 1942 sinceritate
1061 1892 1288 1941 continuo
1323 1898 1618 1941 removetur.
1686 1892 1810 1943 Cor-

145 1970 280 2034 poris
316 1975 484 2021 morbo
523 1972 729 2021 Orestes
755 1990 783 2021 a
803 1973 966 2021 Furiis
994 1973 1127 2020 nullo
1154 1971 1427 2029 cruciatur3
1463 1970 1646 2021 Furiae
1668 1973 1808 2038 ipsae

145 2050 308 2099 nullae
355 2058 492 2113 sunt,
543 2053 630 2100 sed
676 2069 764 2117 pro
811 2054 868 2100 iis
904 2053 1085 2101 mentis
1121 2067 1182 2100 ex
1217 2051 1511 2100 conscientia
1545 2051 1663 2101 facti
1695 2060 1809 2105 nata

142 2132 465 2191 perturbatio.
535 2132 862 2181 Barbarorum
899 2133 1030 2182 nulla
1064 2132 1237 2180 feritas
1275 2147 1437 2196 neque
1486 2132 1683 2181 saevitia
1717 2149 1807 2198 pe-

143 2209 349 2259 riculum
387 2212 624 2271 intentat3
671 2213 838 2278 potius
885 2214 1070 2262 iustitia
1104 2218 1250 2275 atque
1283 2212 1559 2260 humanitas
1594 2213 1805 2264 admira-

142 2289 326 2338 tionem
361 2298 538 2342 movet.
605 2294 823 2356 Pugnae,
859 2294 1034 2357 quibus
1070 2292 1291 2357 corporis
1315 2292 1653 2342 fortitudinem
1680 2294 1805 2345 Ore-

142 2374 246 2417 stes
282 2368 593 2435 Pyladesque
644 2373 930 2434 ostendant,
981 2374 1141 2422 nullae
1187 2372 1468 2421 subeundae
1512 2381 1651 2423 sunt:
1693 2390 1805 2426 nam

142 2454 195 2498 et
239 2449 376 2498 initio
420 2452 467 2500 iu
513 2453 723 2501 hostium
771 2470 945 2502 manus
994 2469 1088 2502 non
1135 2459 1468 2517 repugnantes
1503 2454 1808 2506 devenerunt

139 2534 191 2577 et
236 2532 325 2579 sub
373 2531 548 2595 finem,
595 2533 835 2581 militibus
878 2534 1114 2598 impetum
1162 2532 1381 2580 hostium
1429 2534 1803 2600 sustinentibus,

138 2608 237 2673 ipsi
270 2610 466 2659 interim
503 2628 610 2661 cum
647 2629 764 2678 rege
801 2605 1159 2678 colloquuntur.
1230 2612 1361 2676 Ergo
1385 2614 1612 2675 expedita
1636 2622 1806 2667 essent

141 2690 327 2750 omnia,
385 2693 428 2739 si
471 2692 695 2741 fraudem
728 2682 994 2758 'Iphigenia
1039 2693 1350 2742 committere
1396 2693 1679 2745 sustineret.
1745 2697 1801 2747 Iu

138 2768 284 2818 huius
319 2772 465 2819 animi
500 2774 778 2822 sinceritate
814 2790 1102 2838 morumque
1139 2773 1401 2822 sanctitate
1445 2773 1595 2822 cardo
1629 2791 1797 2826 rerum

137 2854 275 2898 totus
300 2853 535 2913 vertitur3
570 2869 629 2901 ex
647 2847 905 2918 pravorum
935 2855 1257 2903 declinatione
1285 2852 1603 2902 difficultates
1628 2870 1798 2905 omnes

138 2938 432 2980 nascuntur:
489 2949 582 2996 quo
627 2933 766 2982 fonte
798 2950 1040 2997 nunquam
1090 2940 1317 2983 cessante
1352 2934 1423 2980 sic
1458 2933 1679 2997 pericula
1712 2951 1797 2985 au·

136 3017 331 3074 gentur,
367 3021 420 3060 ut
454 3013 501 3061 iu
539 3019 809 3062 extremum
846 3015 1107 3063 discrimen
1143 3014 1274 3062 salus
1297 3018 1546 3078 postremo
1582 3015 1796 3065 omnium

136 3090 437 3153 adducatur3
477 3099 527 3141 et
562 3094 972 3143 succumbendum
1009 3095 1283 3143 certissime
1308 3092 1504 3153 fuisset,
1537 3094 1632 3141 nisi
1666 3095 1795 3144 idem

134 3172 560 3233 medicamentum,
597 3174 727 3238 quod
761 3176 1087 3238 perturbavit,
1134 3175 1281 3223 etiam
1331 3188 1502 3222 sanare
1535 3174 1793 3238 potuisset.

135 3250 323 3300 Eadem
369 3261 533 3303 autem
579 3255 777 3317 virginis
821 3258 1046 3305 castitate
1094 3261 1143 3305 et
1187 3254 1316 3319 regis
1350 3253 1422 3302 ira
1456 3253 1708 3318 mitigatur
1741 3258 1793 3303 et

135 3332 284 3381 animi
316 3335 518 3383 morbus
554 3334 746 3383 Orestis
781 3342 994 3386 sanatur.
1062 3336 1257 3400 Quippe
1292 3334 1606 3383 christianam
1640 3333 1790 3381 ratio-

134 3426 246 3461 nem
294 3412 539 3466 Goethius
588 3421 786 3466 secutus
833 3422 935 3478 est,
982 3432 1077 3481 qua
1109 3420 1310 3480 peccata
1342 3413 1489 3465 nullis
1524 3427 1788 3477 corporum
