2170 3848
1177 283 1296 339 118

407 433 648 497 imperent
682 429 904 480 Graecis,
971 429 1162 478 Deinde
1213 443 1422 492 aequum
1458 443 1572 478 esse
1607 430 1728 481 dicit
1773 431 1966 482 mulieri
1996 433 2072 481 in-

410 512 539 560 iuria
575 527 603 558 a
637 510 812 558 marito
865 508 1070 558 affectae
1117 515 1344 572 parentes
1380 513 1525 570 atque
1559 516 1791 575 cognatos
1827 512 2074 576 opitulari.

407 590 650 639 Helenam
675 593 900 637 excusat:
927 589 1108 654 quippe
1123 589 1266 637 deum
1293 587 1508 651 impulsu
1531 604 1781 652 peccasse,
1809 597 1863 640 ut
1877 591 2075 652 Graeci,

407 685 520 719 cum
555 675 698 718 antea
731 668 975 717 bellorum
1011 667 1161 716 rudes
1194 669 1421 726 fuissent,
1456 667 1529 715 rei
1562 660 1784 718 militaris
1807 671 1960 734 gloria
1989 688 2076 719 au-

408 754 668 816 gerentum
717 748 796 796 cui
845 750 973 812 quod
1018 748 1128 811 ipse
1161 748 1350 796 veniam
1401 746 1622 810 dederit,
1670 749 1858 797 melius
1887 749 2075 800 factum

409 845 536 889 esse,
571 844 715 891 quam
751 827 881 892 quod
917 827 1091 875 Peleus
1126 828 1198 875 ira
1232 828 1464 890 abreptus
1500 826 1722 876 Phocum
1757 828 2010 880 occiderit.

538 909 706 967 Haec,
754 913 809 955 ut
855 909 971 954 sunt
1014 906 1202 965 inania,
1247 907 1425 954 merito
1459 905 1640 956 Peleus
1674 908 1889 972 negligit.
1935 907 2079 956 Dolet

409 993 570 1036 autem
617 985 879 1034 admodum
928 986 1260 1049 populariter,
1317 986 1448 1049 quod
1492 987 1806 1036 victoriarum
1855 987 2077 1053 gloriam,

407 1067 610 1115 aliorum
656 1066 901 1114 laboribus
949 1070 1096 1128 atque
1145 1062 1404 1113 aerumnis
1440 1072 1718 1129 partarum,
1782 1068 1935 1116 duces
1983 1068 2078 1117 sibi

407 1146 679 1204 vindicent,
726 1145 918 1207 sintque
966 1145 1094 1192 elato
1143 1146 1304 1193 animo
1347 1144 1572 1193 homines
1619 1146 1880 1209 prudentia
1927 1152 2078 1210 atque

407 1225 697 1274 fortitudine
732 1224 890 1272 multo
925 1225 1124 1288 reliquis
1157 1224 1435 1272 inferiores
1505 1223 1633 1272 Tum
1670 1225 1774 1274 sine
1806 1234 1962 1285 mora,
1995 1241 2076 1275 re-

407 1305 564 1371 pulsis
601 1305 839 1364 lfamusts,
896 1304 1088 1352 vincula
1135 1304 1508 1353 ‘Andromachae
1547 1306 1806 1354 adiuvante
1851 1305 2075 1355 Molosso

409 1385 568 1435 solvit.
637 1384 794 1433 Simul
828 1383 1111 1432 Menelaum
1147 1400 1257 1432 cum
1293 1383 1411 1440 filia,
1446 1384 1626 1433 additis
1661 1385 1834 1442 minis,
1882 1401 1911 1433 e
1947 1390 2077 1434 terra

409 1464 653 1513 excedere
685 1465 835 1513 iubet.
902 1463 956 1511 In
991 1464 1091 1512 fine
1135 1464 1366 1513 orationis
1399 1464 1492 1512 hac
1526 1465 1680 1513 utitur
1714 1465 1988 1513 sententia:
2034 1466 2078 1514 si

410 1544 586 1593 bellica
621 1544 725 1592 laus
763 1543 962 1592 deesset
996 1543 1283 1608 SpartaniS,
1332 1543 1476 1608 plane
1527 1545 1593 1593 nil
1643 1548 1952 1609 praestarent
1995 1561 2077 1594 re-

411 1623 576 1688 liquis.

541 1703 631 1750 His
675 1702 855 1751 auditis
889 1702 1176 1762 MenelauS,
1225 1703 1404 1751 timens
1451 1717 1547 1750 non
1596 1707 1693 1751 tam
1728 1718 1895 1751 senem
1931 1720 2076 1768 quam

408 1783 734 1843 iuventutem,
771 1797 899 1844 quae
934 1782 996 1829 ad
1031 1797 1165 1830 arma
1199 1781 1365 1830 vocari
1399 1782 1582 1845 possit,
1620 1782 1817 1831 domum
1851 1782 1971 1844 abit,
2007 1784 2089 1848 ci·-v

409 1862 610 1911 vitatem
662 1862 905 1925 quandam
950 1861 1204 1909 finitimam
1251 1863 1311 1910 ad
1346 1861 1568 1909 officium
1603 1861 1764 1909 redire
1798 1868 2076 1912 coacturus.

411 1943 644 1991 Ceterum
681 1957 775 2005 quo
810 1940 1031 1988 timidius
1067 1942 1186 2002 agit,
1222 1958 1281 1989 eo
1316 1941 1534 1989 ferocius
1569 1942 1717 1990 verba
1752 1940 1891 2001 facit,
1926 1957 1982 1990 se
2014 1944 2076 1992 ad

410 2027 579 2069 conata
627 2037 712 2068 sua
758 2019 1070 2083 exsequenda
1111 2036 1316 2084 remque
1350 2036 1458 2068 cum
1493 2036 1675 2083 genero
1709 2022 2079 2086 disceptandam

412 2101 761 2165 opportuniore
807 2105 1029 2164 tempore
1072 2100 1360 2149 rediturum.
1429 2099 1579 2148 Pulso
1628 2100 1776 2148 hoste
1808 2094 2076 2150 Androma-

415 2181 539 2228 chae
575 2181 784 2228 animum
821 2194 971 2227 senex
1005 2179 1280 2226 confirmat.

546 2259 714 2308 Laude
750 2259 942 2324 dignam
979 2258 1110 2306 Pelei
1147 2274 1406 2322 personam
1439 2258 1717 2307 habuerunt
1750 2263 1944 2308 veteres
1980 2260 2077 2308 cri-

411 2339 526 2398 tici,
577 2354 781 2403 quorum
827 2338 1060 2387 iudicium
1102 2338 1259 2386 refert
1304 2338 1516 2401 scriptor
1558 2338 1864 2403 argumenti:
1914 2331 1973 2389 εὖ
2020 2336 2077 2389 δὲ

411 2413 546 2484 ἔχων
578 2415 666 2468 καὶ
700 2416 728 2468 ὁ
758 2410 967 2483 Πηλεὺς
994 2415 1023 2467 ὁ
1047 2413 1143 2481 τὴν
1163 2410 1526 2482 Ἀνδρομάχην
1554 2416 1890 2482 ἀφελόμενος.
1923 2420 2076 2470 Athe-

411 2499 650 2548 niensium
677 2515 790 2562 pars
816 2515 889 2558 ea,
910 2514 1033 2562 quae
1057 2498 1187 2546 idem
1211 2505 1356 2560 atque
1375 2499 1652 2547 Alcibiades
1675 2499 1934 2557 sentiebat,
1959 2515 2075 2564 pro-

411 2580 530 2629 bare
555 2579 678 2626 haec
704 2578 890 2642 potuit3
927 2584 1093 2626 contra
1115 2576 1228 2635 eos,
1265 2579 1345 2640 qui
1372 2579 1480 2642 paci
1508 2579 1752 2636 favebant,
1788 2594 1937 2641 quum
1973 2584 2076 2628 toto

411 2660 634 2709 dramate
674 2667 779 2707 tum
827 2658 1067 2722 imprimis
1110 2658 1206 2705 hoc
1253 2662 1365 2705 actu
1422 2663 1625 2722 propter
1666 2658 2074 2708 obtrectationem

412 2738 761 2803 Spartanorum
797 2738 1013 2786 offensos
1055 2753 1167 2786 esse
1209 2738 1432 2785 arbitror.
1501 2737 1653 2785 Plane
1687 2739 1815 2785 enim
1851 2738 2076 2790 universa

415 2818 767 2882 Spartanorum
803 2818 1057 2882 disciplina
1092 2817 1151 2864 ab
1187 2817 1421 2880 Euripide
1455 2818 1729 2877 damnatur,
1764 2833 1911 2880 quum
1933 2833 2077 2883 prae-

415 2902 495 2946 ter
527 2898 757 2945 virtutem
794 2897 1015 2945 bellicam
1050 2898 1304 2960 quicquam
1355 2897 1400 2944 ei
1435 2897 1550 2945 boni
1584 2897 1747 2945 inesse
1781 2902 1943 2961 neget.
2010 2897 2078 2946 Et

413 2982 551 3025 recte
585 2977 811 3039 quidem:
856 2993 967 3025 nam
1003 2976 1191 3024 sublata
1224 2975 1509 3024 feminarum
1555 2977 1789 3041 pudicitia
1822 2981 1873 3024 et
1905 2976 2077 3026 coniu-

414 3057 605 3121 giorum
664 3057 927 3105 sanctitate
983 3056 1217 3104 tolluntur
1261 3056 1559 3104 domesticae
1605 3057 1836 3112 virtutes..
1887 3055 2078 3105 tollitur

415 3151 590 3197 sensus
623 3136 955 3186 humanitatis.
1024 3134 1127 3183 Nec
1172 3140 1367 3198 praeter
1412 3137 1602 3200 patriae
1635 3150 1851 3184 amorem
1887 3140 1938 3183 et
1970 3135 2075 3184 for-

413 3215 691 3274 titudinem,
727 3231 932 3277 quorum
965 3215 1048 3263 ille
1069 3230 1177 3262 cum
1212 3214 1359 3263 foedo
1395 3217 1582 3280 proprii
1617 3214 1859 3263 commodi
1893 3215 2075 3274 studio,

411 3295 536 3344 haec
583 3309 693 3343 cum
741 3294 939 3343 immani
986 3294 1254 3342 animorum
1289 3295 1468 3343 duritia
1502 3295 1755 3345 coniuncta
1798 3284 1933 3354 erat,
1979 3294 2078 3342 ulla

410 3376 593 3423 virtute
627 3373 842 3439 insignes
875 3375 1098 3434 fuerunt,
1135 3373 1281 3422 ullam
1316 3390 1421 3423 rem
1455 3375 1625 3440 generi
1656 3374 1871 3423 humano
1904 3372 2076 3421 utilem

413 3454 727 3514 invenerunt,
772 3455 1030 3519 quicquam
1080 3469 1283 3518 operum
1326 3456 1608 3520 magnorum
1642 3458 1791 3517 atque
1827 3456 2079 3516 praestan-
