2170 3866
1176 275 1302 335 434

400 432 531 478 tatur
566 422 652 490 (V,
673 424 796 489 m).
849 421 1026 488 Incipit
1058 422 1206 486 igitur
1229 421 1521 483 diverbium‚
1557 439 1653 488 quo
1676 425 1893 485 uberius,
1928 441 2074 488 quam

401 508 605 573 prologo
650 505 838 554 factum
889 509 993 564 est,
1047 503 1350 568 Hypsipyles
1388 518 1530 552 casus
1564 518 1676 553 cum
1709 506 1904 554 theatro
1939 521 2075 553 com-

401 587 734 635 municantur:
772 585 835 634 de
867 583 1047 648 quibus
1084 586 1230 632 rebus
1268 583 1416 632 adeas
1453 583 1801 648 Apollodorum
1833 584 1912 646 lll,
1944 587 1992 643 6,
2025 586 2074 635 4.

403 674 454 715 et
488 667 735 730 Hyginum
774 681 817 714 c.
854 668 946 723 15„
994 664 1170 726 quibus
1220 663 1347 711 adde
1383 663 1528 711 Statii
1576 665 1901 712 narrationem
1938 664 2076 726 quin-

402 748 562 810 gentis
598 746 820 794 versibus
846 749 1144 809 porrectam,
1181 744 1308 807 apud
1335 759 1478 807 quem
1508 743 1569 791 ‹le
1597 744 1710 791 filiis
1734 745 1859 794 haec
1889 740 2076 807 Hypsi-

372 854 379 865 ,
404 826 520 892 pylc
555 830 941 873 commemorat:

540 905 770 964 „Enitar
802 904 1047 968 geminos,
1085 901 1310 968 duroque
1343 901 1434 950 sub
1469 902 1669 968 hospite
1704 909 1873 951 mater

540 984 744 1034 Nomen
779 984 866 1030 avi
897 998 1117 1030 renovo.-
1161 999 1271 1043 nec,
1308 998 1442 1047 quae
1463 984 1689 1046 fortuna
1723 984 1935 1044 relictis,

543 1062 711 1111 Nosse
728 1062 934 1110 datum:
961 1065 1065 1110 iam
1077 1062 1240 1127 plena
1261 1068 1447 1128 quater
1471 1064 1823 1129 quinquennia
1834 1068 2079 1130 pergunt,

541 1143 606 1191 Si
637 1141 785 1191 modo
805 1143 934 1206 fata
966 1142 1144 1190 sinunt
1181 1143 1414 1207 aluitque
1453 1149 1639 1206 rogata
1674 1141 1950 1209 Lycaste.’'

405 1226 500 1274 His
547 1223 661 1271 dnm
716 1222 925 1270 luctibus
971 1222 1143 1270 mulier
1191 1223 1505 1282 immoratur,
1553 1222 1857 1272 obliviscitur
1904 1222 2082 1271 alumni

409 1304 495 1370 (V,
533 1302 702 1364 498.);

539 1380 732 1440 „Talia
768 1378 1020 1427 Lernaeis
1057 1380 1215 1427 iterat
1258 1378 1378 1428 dum
1412 1382 1620 1446 regibus
1655 1383 1802 1429 exsul

540 1460 786 1508 Lemnias
823 1467 872 1506 et
909 1459 1065 1521 longa
1098 1459 1297 1506 solatur
1333 1451 1524 1508 ‹lamiia
1569 1461 1797 1526 querela,

543 1539 812 1588 Immemor
847 1537 1070 1585 absentis
1105 1538 1203 1599 (sic
1238 1537 1294 1585 di
1323 1541 1618 1597 suasistis!)
1657 1537 1903 1594 alumni.”

410 1623 538 1671 Tum
574 1626 782 1682 repente
817 1617 1032 1665 clamore
1067 1617 1318 1680 pereuntis
1353 1620 1551 1667 infantis
1577 1616 1790 1668 excitata
1814 1637 1871 1668 ac
1906 1620 2084 1668 timore

410 1699 636 1766 perculsu
671 1698 861 1761 trepida
897 1697 1000 1744 abit
1036 1697 1183 1756 (Stat.
1223 1695 1284 1758 V,
1320 1699 1488 1759 541.):

546 1778 710 1842 „Cam
745 1786 920 1826 tamen
957 1778 1180 1825 attonito
1213 1779 1434 1826 moriens
1467 1778 1673 1842 vagitus
1708 1780 1763 1827 in
1799 1794 1956 1827 auras

545 1856 780 1916 Excidit,
821 1865 871 1905 et
905 1858 1071 1923 ruptis
1105 1858 1364 1905 immutuit
1402 1874 1491 1906 ore
1523 1859 1746 1924 querelis

548 1938 767 2001 (Qualia
803 1953 904 1984 non
939 1944 1077 1985 totas
1098 1945 1361 2002 peragunt
1398 1940 1652 1986 insomnia
1685 1937 1868 1999 voces).

548 2017 738 2067 Audiit
776 2015 1083 2082 Hypsipyle,
1108 2017 1428 2082 facilemque
1460 2019 1712 2083 negantia
1747 2033 1948 2067 cursum

546 2097 827 2145 Exanimis
860 2113 1035 2161 genua
1071 2113 1234 2161 aegra
1269 2095 1436 2162 rapit'‘
1471 2105 1565 2146 etc.

546 2176 774 2224 Studium
813 2181 863 2223 et
899 2177 1127 2224 timorem
1163 2178 1346 2225 chorus
1382 2177 1576 2225 interim
1612 2178 1828 2226 carmine
1849 2177 2084 2226 declarat.

415 2255 674 2306 Auscultat
721 2254 850 2301 enim
885 2254 1099 2301 ululatus
1147 2256 1366 2303 mulieris
1402 2272 1431 2302 e
1476 2256 1738 2317 longinquo
1780 2257 1986 2314 missos;
2022 2255 2086 2303 cf.

417 2337 542 2387 Stat.
578 2349 621 2382 v.
657 2335 780 2379 554:
831 2332 1122 2396 „Argolicas
1169 2332 1381 2379 ululatus
1429 2333 1605 2380 flebilis
1652 2349 1796 2382 aures
1843 2335 2086 2398 impulit.''

406 2417 539 2467 Mox
580 2419 831 2461 revertens
880 2411 1159 2475 Hypsipyle
1207 2427 1301 2459 non
1346 2411 1508 2458 vivum
1544 2428 1778 2476 puerum,
1829 2414 1917 2462 sed
1951 2430 2087 2463 mor-

417 2500 583 2552 tuum,
633 2492 804 2553 anguis
841 2506 1006 2539 morsu
1043 2497 1335 2552 peremtum,
1373 2506 1483 2540 cum
1520 2493 1619 2538 acri
1658 2493 1789 2542 luctu
1825 2499 1875 2542 et
1907 2494 2089 2543 flebili-

417 2576 511 2625 bus
547 2570 761 2635 querelis
797 2574 1037 2634 reportat,
1073 2570 1258 2617 haecce
1290 2570 1420 2618 inter
1453 2571 1547 2619 alia
1581 2578 1814 2621 cantans:

547 2649 620 2711 εἰς
653 2645 747 2699 τὸν
781 2649 1012 2712 λειμῶνα
1045 2646 1272 2707 καθίσας
1306 2644 1519 2714 ἔδρεπεν

554 2728 734 2794 ἕτερον
767 2725 848 2793 ἐφ’
886 2725 1041 2797 ἑτέρῳ
1077 2727 1356 2790 αἰρόμενος

553 2811 771 2875 ἄγρευμ’
807 2807 1020 2860 ἀνθέων
1044 2806 1279 2875 ἡδομένᾳ
1312 2812 1458 2875 ψυχᾷ

553 2890 648 2942 τὸν
677 2889 874 2956 νήπιον
907 2892 1173 2954 ἄπληστον
1231 2926 1245 2940 .
1315 2923 1328 2936 .
1399 2885 1533 2955 ἔχων
1546 2887 1611 2951 *).

483 3099 534 3153 *)
563 3098 861 3154 Comparandi
888 3102 987 3140 sunt
1014 3082 1324 3141 Statii'*vers'us
1352 3098 1446 3154 (IV,
1476 3097 1596 3152 786.)
1626 3095 1946 3140 venustissimi:

673 3170 759 3218 „At
782 3182 892 3223 puer
921 3168 965 3208 in
993 3169 1155 3223 gremio
1183 3182 1336 3210 vernae
1364 3168 1529 3210 telluris
1557 3173 1599 3208 et
1627 3168 1716 3209 alto

673 3238 875 3279 Gramine
903 3252 1012 3278 nunc
1030 3238 1188 3290 faciles
1215 3240 1368 3280 sternit
1391 3237 1663 3294 procursibus
1691 3237 1840 3279 herbas

671 3309 721 3348 In
747 3309 911 3348 vultum
937 3308 1090 3359 nitens,
1122 3321 1269 3348 caram
1296 3308 1418 3349 modo
1449 3307 1573 3348 lactis
1601 3318 1736 3362 egeno

669 3376 887 3418 Nutricem
917 3378 1100 3418 clamore
1126 3377 1236 3417 ciens
1265 3378 1494 3432 iterumque
1519 3376 1730 3426 renidens,

670 3446 725 3489 Et
751 3447 908 3489 teneris
934 3446 1144 3489 meditans
1170 3448 1297 3488 verba
1325 3446 1568 3489 illuctantia
1592 3446 1727 3487 labris
