2170 3848
886 234 966 293 17

87 386 312 454 profecto
338 383 604 450 Euripides
640 389 750 433 erat
783 398 990 433 numero
1025 398 1230 442 eorum,
1266 381 1350 446 qui
1383 382 1432 430 in
1466 386 1640 431 natura
1673 382 1773 432 vim

87 482 285 516 omnem
319 465 532 514 divinam
568 464 710 513 sitam
748 481 859 532 esse
894 466 1154 513 censentes
1200 462 1437 510 mundum
1474 463 1773 512 animantem

85 547 135 596 in
169 546 330 596 locum
359 545 565 594 deorum
589 545 795 604 ratione,
831 559 979 593 sensu
1013 547 1065 590 et
1093 541 1252 604 figura
1279 541 1632 605 praeditorum.
1655 545 1774 594 sub-

86 626 355 677 stituebant
382 628 468 674 aut
499 626 648 674 rebus
684 624 908 672 inanimis
942 628 1090 686 atque
1126 620 1278 668 mutis
1314 636 1405 685 per
1432 622 1676 685 quandam
1707 624 1772 673 si-

83 707 453 774 gnificationem
490 705 694 752 deorum
729 704 926 757 nomina
963 703 1149 752 tributa
1185 717 1300 750 esse
1335 701 1634 764 credebant,
1683 703 1772 752 sed

86 803 240 851 quum
274 790 489 834 mentem
514 783 772 844 infinitam,
808 784 949 847 quasi
978 781 1176 845 aliquod
1201 776 1518 845 animal,'per
1545 788 1773 832 naturam

25 876 27 879 ’
87 882 256 915 rerum
292 870 648 914 commeantem
687 863 924 928 fingeret,
973 879 1034 911 ex
1080 878 1175 926 qua
1209 868 1314 910 tum
1349 862 1630 910 mortalium
1666 869 1773 913 tum

86 945 432 995 immortalium
467 942 616 991 animi
652 958 822 991 omnes
849 950 1190 1007 carperentur,
1225 941 1404 991 multas
1435 941 1640 992 deorum
1666 943 1773 992 for—

85 1041 190 1075 mas
215 1024 508 1089 speciesque
544 1038 604 1071 ex
631 1023 713 1071 illa
740 1028 906 1071 mente
932 1023 1173 1071 delibatas
1203 1038 1316 1071 esse
1337 1024 1588 1080 censebat,
1625 1025 1773 1073 item-

84 1119 182 1168 que
224 1103 405 1151 multos
454 1103 575 1152 deos
622 1119 684 1152 ex
727 1103 1008 1165 hominibus
1053 1103 1215 1151 factos
1250 1101 1494 1150 maiorum
1529 1104 1773 1154 institutis

85 1184 193 1233 iure
238 1183 515 1247 meritoque
562 1183 671 1232 coli.
743 1183 976 1232 Aetheris
1027 1183 1158 1232 enim
1194 1182 1302 1231 sive
1337 1182 1516 1230 mentis
1549 1183 1774 1234 infinitae

84 1268 278 1329 partem
323 1264 550 1329 spiritum
597 1263 675 1312 vel
727 1265 943 1312 animum
994 1278 1109 1312 esse
1144 1262 1364 1322 dicebat,
1408 1268 1573 1312 terrae
1608 1269 1773 1313 autem

84 1358 295 1407 corpus,
343 1349 396 1392 et
429 1350 691 1407 utramque
724 1349 840 1409 post
874 1348 1084 1392 mortem
1122 1358 1214 1403 eo,
1262 1343 1393 1391 unde
1427 1343 1652 1407 profecta
1687 1345 1772 1403 sit,

83 1423 274 1483 redire3
289 1419 294 1428 ’
311 1422 377 1472 cf.
398 1423 568 1489 Suppl.
587 1427 699 1473 533.
736 1424 913 1473 Helen.
935 1426 1079 1471 1020.
1105 1422 1272 1473 Orest.
1295 1425 1442 1471 1085.
1474 1440 1586 1472 cum
1615 1424 1772 1475 schol.

82 1501 354 1569 Chrysippi
391 1502 567 1569 fragm.
596 1503 657 1553 T.
685 1503 723 1551 I.
752 1521 802 1568 p.
828 1506 939 1553 139.
974 1503 1168 1555 Vitruv.
1197 1502 1356 1569 praef.
1383 1503 1465 1551 lib.
1492 1502 1625 1556 VIII.
1673 1504 1773 1554 Ita-

82 1599 179 1648 que
198 1585 386 1633 animos
409 1585 659 1633 hominum
691 1585 876 1633 virtute
898 1584 1276 1650 praestantium,
1311 1583 1397 1632 ubi
1423 1583 1775 1636 discessissent

81 1679 110 1712 a
143 1680 370 1730 corpore,
403 1680 712 1729 permanere,
747 1680 910 1728 neque
943 1665 1091 1713 modo
1128 1681 1226 1712 non
1253 1664 1472 1726 interire,
1507 1666 1596 1713 sed
1622 1667 1774 1716 etiam

83 1750 189 1793 tum
225 1744 421 1792 demum
453 1761 571 1793 vere
604 1746 771 1793 vivere
806 1751 859 1793 et
893 1744 1132 1792 felicitate
1161 1743 1281 1803 frui,
1318 1759 1428 1791 cum
1459 1760 1520 1792 ex
1548 1747 1772 1809 corporis

81 1824 289 1872 vinculis
326 1823 523 1872 liberati
556 1828 755 1872 essent:
806 1823 999 1887 Polyid.
1037 1824 1100 1871 fr.
1141 1826 1199 1871 7:
1233 1820 1311 1882 τίς
1346 1821 1395 1873 δ’
1432 1816 1596 1882 οἶδεν,
1633 1823 1678 1875 εἰ
1710 1825 1771 1877 τὸ

83 1903 179 1970 ζῆν
212 1899 310 1966 μέν
343 1899 452 1953 ἐστι
484 1905 791 1961 κατθανεῖν,
826 1902 885 1952 τὸ
921 1904 1213 1952 κατθανεῖν
1248 1900 1306 1952 δὲ
1334 1903 1429 1970 ζῆν
1451 1904 1593 1954 κάτω
1620 1905 1771 1973 νομί-

85 1983 247 2045 {stau
282 1984 518 2032 Erechth.
551 1983 614 2033 fr.
642 1987 725 2032 11:
764 1979 867 2048 ἐγὼ
893 1980 949 2033 δὲ
971 1975 1099 2042 τοὺς
1126 1984 1299 2043 καλῶς
1321 1984 1649 2050 τεθνηκότας
1677 1989 1772 2056 ζῆν

82 2080 219 2129 φημι
251 2064 454 2128 μᾶλλον
486 2065 587 2114 τοῦ
622 2061 832 2127 βλέπειν
865 2056 990 2124 τοὺς
1025 2061 1096 2130 μὴ
1132 2066 1321 2125 καλῶς.
1390 2067 1562 2116 Phrix.
1594 2068 1657 2118 fr.
1689 2072 1768 2123 14.

79 2144 178 2207 Qui
211 2161 329 2194 vero
364 2145 511 2193 rebus
549 2145 750 2196 utilibus
787 2151 837 2196 et
871 2146 1165 2196 salutaribus
1207 2148 1416 2197 inventis
1452 2153 1538 2197 aut
1572 2150 1770 2214 pericu-

79 2224 142 2274 lis
177 2224 399 2289 depulsis
434 2241 608 2290 magna
628 2227 799 2291 generi
822 2227 1037 2275 humano
1066 2228 1326 2276 commoda
1350 2228 1648 2290 attulissent,
1682 2247 1768 2281 eos

78 2305 128 2354 in
176 2304 379 2354 deorum
428 2321 714 2373 numerum·
738 2306 1127 2372 dignitatemque
1161 2312 1396 2372 receptos
1432 2324 1576 2369 esse,
1635 2311 1770 2362 velut

77 2383 344 2446 Bacchum,
379 2385 674 2449 Apollinem,
696 2385 997 2435 ’Herculem-

212 2465 304 2513 His
352 2468 408 2513 ut
457 2465 681 2514 omnibus
729 2467 1042 2532 praesagium
1090 2467 1334 2531 quoddam
1370 2484 1428 2516 ac
1464 2468 1767 2522 desiderium

80 2560 282 2605 eorum,
329 2561 454 2609 quae
503 2546 726 2594 absoluta
773 2553 1211 2611 consummataque
1259 2548 1561 2599 christianae
1604 2551 1769 2601 insunt

81 2624 380 2688 disciplinae,
416 2624 715 2686 declaratur,
750 2627 819 2675 ita
853 2628 949 2676 hoc
974 2642 1178 2691 quoque
1212 2645 1240 2675 a
1273 2629 1530 2693 gentilium
1566 2640 1768 2682 senten-

81 2703 152 2752 tia
187 2704 454 2768 discrepat,
490 2706 618 2768 quod
655 2706 849 2770 plenam
877 2708 1188 2755 miseriarum
1213 2723 1326 2756 esse
1353 2707 1503 2756 vitam
1525 2710 1652 2760 dixit
1672 2713 1766 2761 hu·-

79 2798 291 2842 manam,
326 2790 378 2831 et
398 2784 574 2834 felices
601 2786 959 2848 praedicandos
986 2788 1141 2852 magis
1173 2787 1256 2850 qui
1284 2795 1596 2839 morerentur
1620 2808 1767 2855 quam

81 2862 166 2926 qui
199 2870 519 2914 nascerentur
544 2865 779 2930 (Cresph.
805 2865 870 2914 fr.
903 2864 1024 2929 13).
1079 2868 1243 2931 Atque
1277 2867 1388 2932 ipse
1424 2869 1581 2918 tristis
1617 2877 1767 2936 atque

78 2957 285 2992 severus
302 2940 459 2991 fuisse
472 2946 667 3000 dicitur,
696 2951 973 2994 contemtor
986 2962 1224 3006 amorum,
1237 2949 1567 3007 verecundus,
1597 2967 1766 3002 amans

79 3021 379 3082 solitudiniS,
414 3022 783 3086 lucubrationis,
818 3027 1167 3085 meditationis,
1203 3027 1398 3076 defixus
1433 3028 1483 3076 in
1508 3031 1765 3093 cogitatio·

77 3101 238 3162 nibus,
273 3102 484 3150 haerens
519 3104 567 3151 in
602 3105 757 3166 libris,
796 3121 944 3169 quum
983 3105 1285 3171 Sophocles,
1322 3107 1428 3172 apis
1463 3107 1548 3158 illa
1581 3112 1764 3173 Attica,

81 3180 268 3230 circum
302 3181 451 3229 flores
500 3183 725 3233 volitaret
771 3200 829 3232 ac
862 3186 1024 3234 vinum
1063 3191 1113 3233 et
1146 3201 1339 3236 amores
1371 3203 1435 3237 ne
1469 3203 1622 3239 senex
1656 3191 1765 3256 qui-

78 3259 192 3310 dem
230 3261 411 3310 sectari
447 3262 725 3312 desineret:

204 3334 381 3399 Ἀτθὶς
418 3339 465 3390 δ’
502 3333 590 3391 οἷα
623 3340 841 3405 μέλισσα
874 3344 1238 3412 πολυπρήωνα
1275 3345 1542 3412 Κολώνην

309 3418 553 3471 λείπουσ’
587 3417 646 3473 ἐν
677 3427 946 3490 τραγικοῖς
980 3420 1077 3490 ᾗδε
1111 3426 1496 3492 χοροστασίαις,

146 3575 193 3626 Τ
215 3498 427 3566 Βάκχον
459 3500 550 3554 καὶ
582 3499 677 3554 τὸν
710 3501 859 3570 ἔρωτ’
895 3504 1131 3572 ἀνέγειρε
1170 3506 1438 3573 Θεωρίδος
1471 3508 1580 3560 κτλ.

197 3613 212 3631 .
247 3578 305 3630 ll.
1424 3591 1457 3636 2
