2170 3866
1082 284 1222 366 ,522

325 431 462 481 fecta
485 429 662 480 classis
686 435 836 481 vento
861 446 1034 483 carens
1057 434 1379 497 retineretur,
1414 434 1761 500 despondebat
1781 435 2015 501 animum,

323 511 576 576 perierat,
622 511 784 560 nullus
820 517 944 562 erat.
1014 513 1178 576 Quum
1213 520 1381 565 autem
1414 516 1570 566 duces
1605 516 1791 565 dimitti
1821 518 2015 567 exerci-

322 595 430 640 tum
462 591 691 641 iuberent
725 607 888 656 neque
922 593 1112 643 frustra
1146 594 1399 657 laborare,
1433 601 1542 646 tum
1573 610 1719 657 vero,
1755 611 1847 662 spe
1880 597 2015 648 deie-

322 677 435 720 ctus
491 675 678 720 terram
729 672 914 722 Priami
969 674 1195 724 maximis
1248 677 1407 740 copiis
1464 676 1763 734 inundandi,
1821 681 2014 727 moesto

319 751 586 800 admodum
623 757 1035 818 consternatoque
1069 755 1208 804 vultu
1243 772 1357 805 esse
1390 762 1444 806 et
1476 772 1716 820 quaerere
1739 772 1803 805 ex
1827 756 2014 807 fratre:

319 832 440 895 quid
486 831 706 881 faciam‘i
732 834 1009 896 ‚quodnam
1054 835 1294 884 inveniam
1339 836 1657 886 remedium?
1713 827 1908 886 scilicet
1950 850 2016 885 ne

317 912 528 976 imperio
563 913 785 977 privatus
829 914 1033 976 gloriam
1069 917 1354 965 amitteret!
1402 918 1523 967 Mox
1556 916 1684 964 viam
1719 915 2015 965 ostendente

319 991 505 1041 Calcha
550 1009 608 1041 ac
653 993 854 1042 dicente
901 993 1096 1059 copiam
1130 994 1241 1044 fore
1273 996 1566 1063 navigandi,
1616 996 1661 1044 si
1706 994 2012 1060 Iphigeniam

315 1072 641 1135 immolasset,
674 1073 851 1122 lubens
888 1075 1056 1122 annuit
1089 1091 1148 1123 ac
1178 1077 1287 1124 sine
1319 1093 1458 1125 mora
1492 1077 1662 1125 nuntio
1695 1075 1851 1124 misso
1885 1089 2011 1124 uxo-

316 1169 424 1202 rem
457 1153 601 1201 iussit
633 1153 783 1201 filiam
821 1155 963 1217 quasi
997 1155 1179 1203 Achilli
1212 1163 1476 1220 nupturam
1510 1156 1560 1205 in
1595 1160 1763 1204 castra
1788 1156 2008 1204 mittere.

313 1232 460 1282 Nunc
506 1249 684 1282 rursus
733 1241 922 1281 mutata
967 1236 1216 1284 voluntate
1261 1237 1408 1284 aliam
1454 1235 1686 1284 submisit
1729 1234 2009 1300 epistolam,
2059 1292 2066 1306 ,

313 1313 510 1362 scilicet
539 1313 677 1361 filiae
711 1327 831 1361 suae
862 1314 1155 1364 interfector
1190 1331 1304 1364 esse
1328 1316 1518 1367 nolenS.
1571 1315 1774 1379 Optime
1796 1313 2008 1377 vero*)!

311 1392 413 1442 Hic
445 1394 577 1442 idem
613 1393 790 1441 aether
824 1394 1126 1443 contrarium
1161 1395 1475 1458 profitentem
1503 1395 1711 1453 audivit,
1747 1400 1800 1444 et
1829 1409 2007 1460 passus

313 1477 394 1523 est
426 1473 580 1533 idem,
616 1474 749 1538 quod
783 1474 833 1520 in
867 1474 1018 1522 rebus
1053 1475 1454 1524 administrandis
1477 1475 1677 1540 plurimi
1696 1474 1834 1539 passi
1862 1480 2003 1523 sunt:

310 1569 421 1603 nam
458 1570 610 1618 quum
644 1559 875 1602 recentes
909 1554 961 1602 in
994 1554 1204 1619 imperio
1238 1556 1359 1603 nihil
1395 1571 1492 1604 non
1518 1555 1700 1604 laboris
1725 1554 2004 1603 detrectas-

262 1663 267 1675 ·
309 1638 439 1694 sent,
473 1633 689 1698 turpiter
722 1634 1043 1695 exciderunt,
1078 1635 1261 1700 partim
1296 1637 1475 1683 civium
1507 1634 1700 1683 iudiciis
1733 1634 1898 1683 stultis
1930 1631 2005 1681 vi-

310 1715 378 1764 cti
410 1715 592 1779 partim
628 1715 727 1780 ipsi
760 1730 817 1762 se
850 1714 968 1762 moli
1002 1730 1150 1779 pares
1185 1730 1282 1764 non
1316 1731 1432 1765 esse
1463 1715 1817 1780 intelligentes.
1865 1713 2004 1776 Ergo

308 1809 407 1846 non
456 1796 607 1844 decet
654 1795 843 1860 proprii
890 1795 1141 1844 commodi
1189 1811 1365 1844 caussa
1399 1811 1700 1860 quemquam
1733 1794 1813 1844 vel
1845 1792 2004 1859 magi-

309 1880 520 1925 stratum
570 1875 648 1924 vel
682 1876 1035 1939 imperatorem
1079 1891 1280 1925 creare:
1326 1877 1591 1941 prudentia
1638 1890 1764 1939 opus
1809 1874 2003 1935 estiis,

308 1956 394 2020 qui
440 1955 802 2017 rempublicam
847 1955 1225 2017 administrant,
1286 1973 1383 2020 qua
1435 1956 1717 2020 quicunque
1761 1959 2002 2020 praestat,

305 2036 530 2100 quamvis
574 2037 643 2084 sit
688 2036 934 2100 privatus,
982 2035 1218 2101 princeps
1264 2044 1359 2087 est.
1441 2035 1718 2084 Paullulum
1761 2036 1814 2084 in
1859 2035 2002 2084 dete-

303 2117 406 2164 rius
439 2116 565 2164 haec
598 2132 791 2165 morum
823 2115 1150 2178 lineamenta,
1195 2122 1250 2167 ut
1283 2118 1343 2166 ab
1378 2116 1580 2165 homine
1611 2115 1767 2176 irato,
1803 2115 2002 2165 deflexa

303 2201 443 2255 sunt3
507 2203 732 2245 ceterum
789 2197 904 2245 huic
947 2197 1185 2261 pravitati
1247 2198 1486 2247 obnoxios
1539 2196 1809 2261 plerosque
1866 2211 1996 2256 esse,

304 2277 390 2340 qui
436 2277 486 2325 in
529 2276 698 2326 liberis
746 2276 1022 2324 civitatibus
1067 2277 1387 2340 magistratus
1433 2281 1635 2340 petant,
1682 2282 1856 2323 notum
1899 2279 1996 2332 est,

231 2364 240 2382 ³
303 2372 496 2421 neque,
543 2356 640 2406 nisi
684 2356 858 2404 insana
902 2356 1108 2404 honoris
1155 2355 1389 2419 cupidine
1435 2369 1577 2402 mens
1612 2352 1996 2418 Agamemnonis

302 2442 588 2487 transversa
620 2442 896 2500 raperetur,
930 2436 1040 2483 fieri
1063 2436 1242 2500 potuit,
1278 2439 1332 2482 ut
1359 2435 1513 2482 filiam
1536 2434 1812 2493 immolare,
1848 2449 1996 2497 quam

302 2518 515 2582 imperio
551 2532 606 2565 se
639 2517 884 2576 abdicare,
921 2516 1107 2564 mallet.
1157 2515 1516 2563 Honestiorem
1550 2514 1794 2578 effingere
1814 2513 1996 2562 summi

301 2598 618 2662 imperatoris
653 2613 920 2661 personam
952 2597 1094 2645 licuit
1126 2596 1187 2644 iis
1223 2596 1552 2660 tragicorum,
1595 2593 1680 2658 qui
1714 2592 1872 2641 inscio
1905 2593 1994 2642 illo

302 2678 382 2728 vel
425 2678 581 2726 invito
625 2678 864 2740 virginem
914 2695 1009 2743 per
1042 2676 1280 2740 Ulyssem
1314 2674 1732 2738 Diomedemque,
1779 2673 1995 2738 decepta

302 2764 491 2818 matre,
539 2758 719 2806 adduci
752 2757 1010 2806 fecerunt:
1061 2756 1194 2820 quod
1244 2754 1432 2803 factum
1475 2771 1504 2802 a
1548 2752 1842 2818 quibusdam
1876 2769 1992 2802 esse

304 2855 365 2888 ex
398 2839 581 2903 Hygini
617 2838 740 2903 (fab.
775 2837 884 2902 98.)
930 2843 980 2886 et
1013 2837 1204 2901 Dictyis
1241 2835 1375 2884 Cret.
1418 2835 1485 2899 (c.
1528 2831 1787 2897 19—21.)
1821 2848 1992 2883 narra-

302 2919 518 2968 tionibus
551 2919 860 2984 intelligitur.

435 2999 542 3048 Alia
572 2999 818 3063 cupidine,
856 3015 914 3046 ac
939 3013 1098 3061 paene
1125 2993 1366 3059 turpiore,
1400 2993 1659 3042 Menelaus
1682 2992 1824 3042 furit.
1895 2993 1992 3054 Qui

301 3080 421 3128 dum
454 3080 772 3127 ambitionem
808 3079 953 3127 fratri
988 3079 1060 3124 ira
1093 3076 1452 3133 inflammatuS,
1497 3074 1783 3124 ardentibus
1817 3074 1989 3131 oculis,

302 3159 588 3223 exprobrat,
620 3160 730 3223 ipse
765 3159 994 3223 neglecto
1030 3172 1188 3219 aequo
1223 3155 1556 3218 honestoque,
1602 3159 1659 3201 ut
1689 3153 1990 3215 impudicam
2039 3200 2054 3210 ,

302 3240 590 3298 mulierem,
638 3255 733 3300 qua
768 3239 973 3287 deorum
1009 3235 1248 3287 beneficio
1285 3235 1525 3282 liberatus
1563 3238 1670 3293 est,
1705 3234 1752 3280 in
1787 3232 1988 3278 domum

302 3324 449 3382 atque
483 3319 532 3366 in
566 3319 825 3382 amplexus
861 3334 979 3367 suos
1013 3318 1245 3376 reducat,
1281 3319 1332 3363 et
1365 3315 1574 3380 patriam
1611 3317 1663 3361 et
1695 3311 1902 3360 fratrem
1937 3315 1992 3359 et

361 3487 413 3540 ²¹⁵)
444 3484 506 3537 ὥς
537 3484 708 3541 φονεὺς
736 3484 893 3530 ου’κέτι
921 3481 1158 3540 θυγατρὸς
1187 3484 1270 3539 σῆς
1299 3481 1403 3527 ἔσει.
1440 3475 1673 3526 Κάλλιστά
1700 3493 1763 3534 γε.
