2170 3866
1151 300 1277 359 454

362 451 736 514 oppugnaturus
772 453 864 498 est.
935 447 986 498 In
1020 449 1118 499 hoc
1153 449 1439 500 discrimine
1475 450 1658 500 chorus
1683 452 1912 517 perpetui
1936 452 2055 501 deo-

360 544 471 577 rum
516 527 702 578 favoris
752 529 1074 579 reminiscens
1120 536 1294 596 rogat,
1345 536 1401 579 ut
1448 531 1546 580 hoc
1596 547 1793 596 quoque
1827 538 2057 596 tempore

361 607 542 657 adesse
589 608 778 674 populo
829 610 1128 671 periclitanti
1164 611 1330 659 velint.
1400 610 1692 669 „Deductus
1727 617 1806 660 est
1842 611 2057 660 Cadmus

361 688 575 737 oraculis
610 690 672 738 ad
706 689 975 738 habitanda
1019 691 1129 739 loca
1164 691 1526 739 fecundissima
1568 691 1844 754 eademque
1891 707 2058 741 amoe-

360 768 597 826 nissima,
647 776 794 819 natus
830 776 911 819 est
944 771 1012 819 ibi
1053 773 1308 829 Bacchus,
1357 788 1503 836 quem
1539 771 1774 820 infantem
1809 771 2058 837 pampinis

361 850 501 912 quasi
537 850 754 898 brachiis
789 852 1094 915 amplectens
1132 853 1318 901 hedera
1354 852 1547 899 divinae
1582 868 1694 900 esse
1740 861 1942 901 naturae
1987 852 2056 900 si-

360 929 641 993 gnificavit3
691 931 807 978 vicit
854 932 921 979 ibi
956 933 1220 981 draconem
1262 931 1478 981 Cadmus
1524 933 1784 981 adiuvante
1831 931 2058 981 Minerva

361 1014 413 1057 et
458 1010 590 1058 viros
639 1026 702 1059 ex
747 1012 977 1059 dentibus
1014 1019 1154 1061 natos
1204 1014 1296 1061 sub
1344 1020 1530 1061 terram
1569 1013 1788 1061 remisit:
1839 1013 1934 1060 iam
1986 1017 2055 1071 te,

360 1090 597 1155 Epaphe,
634 1107 780 1155 quem
818 1093 894 1154 lo,
930 1094 1164 1158 princeps
1200 1093 1392 1158 gentiS,
1445 1109 1506 1141 ex
1541 1093 1657 1141 Iove
1691 1093 1943 1156 concepit,
1979 1091 2057 1140 in-

361 1185 510 1231 voco,
549 1171 660 1220 veni
694 1171 753 1219 ad
792 1172 920 1221 hanc
956 1179 1168 1231 terram,
1217 1190 1362 1237 quam
1397 1173 1589 1238 posteri
1624 1174 1696 1221 tui
1731 1172 2058 1231 incoluerunt,

362 1250 511 1299 mitte
559 1251 607 1299 ei
656 1253 878 1301 subsidio
925 1254 1124 1301 altrices
1176 1255 1294 1302 deas
1332 1255 1568 1302 Cererem
1606 1258 1658 1301 et
1690 1252 2056 1315 Proserpinam,

364 1345 508 1379 serva
557 1337 754 1395 gentem
804 1331 992 1384 tuam.'’
1072 1335 1212 1382 Haec
1260 1350 1421 1397 neque
1481 1334 1742 1381 commodo
1790 1335 2057 1382 verborum

362 1418 538 1459 ornatu
575 1418 747 1461 carent
782 1430 943 1476 neque
978 1414 1155 1463 ardore
1190 1431 1267 1474 eo,
1305 1430 1401 1477 quo
1438 1414 1676 1476 imagines
1711 1428 1880 1460 rerum
1915 1411 2056 1475 quasi

363 1492 703 1554 praesentium
751 1495 1104 1558 exprimantur.
1186 1494 1387 1542 Fuisset
1431 1501 1596 1541 autem
1645 1494 1752 1540 sine
1796 1492 1946 1540 dubio
1992 1492 2056 1540 de

364 1569 575 1620 fratrum
611 1573 847 1621 exitiabili
877 1574 950 1622 ira
985 1591 1043 1622 ac
1079 1574 1295 1622 scelesto
1330 1581 1509 1621 conatu
1544 1573 1848 1633 canendum,
1885 1573 1926 1620 si
1958 1587 2055 1620 non

362 1652 568 1699 maioris
615 1655 851 1702 momenti
899 1662 1036 1702 esset
1085 1654 1298 1702 civitatis
1348 1670 1491 1717 quam
1539 1653 1845 1717 singulorum
1891 1651 2055 1700 salus:

363 1732 425 1780 ad
461 1732 611 1785 illam.
655 1739 883 1797 tanquam
922 1750 1163 1783 summam
1200 1750 1324 1794 rem,
1360 1735 1520 1782 omnia
1556 1733 1737 1781 direxit
1769 1731 2057 1796 Euripides,

365 1811 498 1860 illam
536 1813 630 1862 sibi
667 1830 813 1862 curae
851 1831 964 1861 esse
1000 1815 1229 1862 omnibus
1265 1815 1563 1863 carminibus
1599 1812 1780 1861 chorus
1820 1812 2056 1874 declarat,

364 1891 415 1940 id
441 1894 571 1956 quod
595 1902 854 1957 angustum
882 1895 1151 1953 hominum,
1189 1896 1271 1958 qui
1299 1911 1426 1942 nunc
1457 1900 1586 1952 sunt,
1612 1901 1807 1958 captum
1834 1898 2054 1957 superat.

497 1973 757 2022 Secundus
796 1982 936 2022 actus
974 1976 1177 2023 consilia
1207 1977 1426 2024 continet
1453 1976 1804 2038 imperatorum
1831 1978 1882 2021 et
1910 1989 2055 2038 proe-

362 2054 541 2102 liorum
592 2055 1059 2104 committendorum
1108 2056 1367 2104 rationem.
1453 2055 1528 2102 Ad
1585 2059 1797 2126 mortem
1854 2061 2057 2118 paratus

364 2133 631 2196 Eteocles,
680 2136 967 2199 priusquam
1017 2136 1063 2184 in
1100 2152 1314 2200 pugnam
1362 2135 1740 2199 proficiscatur,
1789 2133 2058 2184 Creontem

365 2215 594 2263 convenit
629 2216 1065 2263 commendaturus
1101 2217 1147 2263 ei
1184 2232 1310 2278 quae
1346 2216 1452 2264 vult
1485 2214 1677 2278 fieri*).
1744 2214 1844 2262 Hic
1889 2220 2058 2262 autem

363 2295 587 2343 nuntium
637 2294 786 2342 affert
831 2310 892 2342 ex
939 2295 1135 2358 captivo
1183 2301 1474 2358 acceptum,
1523 2294 1574 2341 in
1621 2309 1682 2340 ea
1718 2308 1830 2340 esse
1863 2293 2056 2354 hostes,

363 2380 419 2423 ut
462 2375 743 2424 universam
792 2376 963 2423 urbem
1014 2375 1217 2423 armatis
1265 2375 1475 2422 cinctam
1521 2388 1620 2420 uno
1655 2378 1880 2437 tempore
1914 2373 2057 2422 undi-

364 2471 462 2520 que
495 2460 800 2519 oppugnent.
869 2455 1077 2503 Plenum
1111 2455 1406 2520 prudentiae
1447 2453 1673 2502 militaris
1707 2454 1805 2500 hoc
1841 2460 1919 2501 est
1952 2452 2057 2501 col-

365 2535 614 2600 loquium:
674 2534 920 2584 Achillem
981 2551 1091 2585 cum
1139 2535 1405 2583 Palamede
1459 2539 1541 2582 aut
1584 2534 1884 2581 Blucherum
1943 2549 2058 2581 cum

365 2615 694 2665 Gneisenavio
742 2615 1083 2679 colloquentes
1133 2616 1278 2664 nobis
1317 2614 1487 2663 audire
1536 2615 1765 2663 videmur
1798 2613 2057 2662 Eteoclem

365 2701 418 2745 et
454 2697 723 2746 Creontem
759 2697 1035 2746 audientes.
1089 2697 1228 2744 Illius
1264 2696 1393 2743 enim
1429 2695 1670 2743 ferociam
1706 2694 1766 2742 a'd
1796 2693 2059 2742 audaciora

366 2792 512 2840 quam
549 2779 731 2826 tutiora
768 2778 969 2826 consilia
1005 2775 1361 2843 propensioris,
1401 2781 1459 2823 ut
1493 2775 1658 2824 solent
1691 2775 1916 2823 homines
1951 2773 2058 2838 for-

363 2858 577 2906 titudine
611 2858 747 2920 freti,
782 2858 865 2906 hic
901 2859 1093 2907 cautior
1127 2873 1273 2921 quam
1311 2857 1546 2905 audacior
1580 2855 1865 2919 comprimit
1896 2854 2060 2919 impe-

363 2940 570 3002 tumque
615 2939 916 2987 moderatur.
1008 2939 1100 2987 Cui
1160 2938 1247 2986 ille
1292 2938 1640 3002 obtemperans
1691 2937 1816 2984 intra
1862 2934 2060 2983 moenia

366 3019 673 3077 exercitum,
722 3020 869 3082 longe
918 3034 1123 3072 numero
1166 3018 1436 3076 minorem,
1490 3017 1712 3065 continet
1769 3019 1822 3064 et
1864 3021 2059 3078 septem

367 3096 524 3147 duces
571 3099 779 3148 totidem
821 3099 1044 3149 hostium
1079 3098 1287 3147 ducibus
1322 3099 1559 3147 adversos
1595 3096 1658 3145 ad
1693 3101 1886 3160 septem
1920 3093 2060 3143 urbis

422 3304 475 3360 *)
503 3303 828 3347 Valckenarius
856 3303 915 3345 ad
945 3317 987 3345 v.
1015 3299 1126 3343 7312
1157 3298 1235 3350 „In
1265 3299 1354 3340 hoc
1373 3298 1607 3339 Eteoclem
1624 3295 1740 3338 inter
1758 3297 1803 3337 et
1824 3294 2062 3336 Creontem

509 3375 694 3432 dialogo
724 3376 871 3417 elucet
899 3371 1125 3427 Euripidis
1158 3369 1402 3412 artificium
1439 3382 1526 3410 non
1561 3368 1751 3422 vulgare
1767 3396 1778 3415 ,
1817 3364 2062 3419 imperato-

507 3445 625 3488 riam
653 3446 700 3488 in
729 3445 930 3487 Creontis
953 3454 1144 3499 persona
1164 3439 1448 3496 prudentiam
1474 3435 1773 3489 monstrantia,
1801 3434 1849 3478 in
1874 3434 2061 3478 Eteocle

512 3522 669 3560 contra
695 3516 852 3560 militis
887 3513 1125 3557 audaciam
1152 3511 1337 3554 minime
1364 3507 1645 3566 providam?
