2124 3860
1116 286 1237 343 372

350 443 579 498 tanquam
614 449 727 482 cum
758 448 876 483 vera
908 432 1120 495 Iunone,
1173 431 1502 482 concumbens
1544 438 1852 499 argueretur.
1921 434 2034 485 Hae

349 515 504 580 igitur
535 513 748 577 imagine
782 512 1041 578 deceptae,
1078 513 1264 562 emisso
1298 513 1347 560 in
1381 528 1489 560 eam
1520 513 1723 575 semine,
1761 515 2037 564 Centauros

350 594 536 661 genuit,
570 593 777 641 mixtum
814 610 875 642 ex
910 593 1109 641 homine
1144 597 1293 656 atque
1328 607 1457 656 equo
1491 592 1694 655 genuss
1727 592 1844 643 Inde
1883 611 2035 658 quum

351 690 407 723 se
450 690 558 723 rem
593 689 705 722 cum
743 671 924 723 lunone
958 672 1190 721 habuisse
1225 672 1549 735 gloriaretur,
1588 671 1839 736 luppiter,
1883 675 2037 723 misso

350 754 547 803 turbine
583 769 694 800 cum
732 751 956 810 fulmine,
991 753 1115 800 feeit
1151 769 1262 801 eum
1299 753 1558 816 abreptum
1593 768 1685 817 per
1718 755 1885 802 aerem
1918 770 2035 819 per-

351 839 505 897 petuo
541 839 679 880 rotae
714 833 870 881 instar
904 834 1129 882 volutari.

484 914 534 961 ln
581 913 740 975 patria
790 912 972 960 Ixionis
1017 928 1100 961 res
1135 913 1211 975 agi
1246 912 1577 976 fingebantur:
1630 911 1861 977 prodibat
1908 911 2039 962 enim

352 992 551 1043 satelles
586 991 784 1054 quidam
820 993 969 1054 regis,
1007 993 1081 1040 sic
1117 991 1330 1040 lxionem
1367 992 1647 1056 appellans·

487 1068 824 1135 Φλεγύαντος
856 1067 954 1133 υἷέ,
991 1067 1204 1121 δέσποτ’
1235 1063 1394 1132 Ἰξῖον
1494 1098 1561 1108 —-
1725 1100 1790 1110 —

352 1153 617 1215 Prologum
653 1168 681 1198 a
715 1151 899 1200 lunone
934 1159 1098 1202 actum
1134 1167 1248 1201 esse
1283 1166 1491 1200 necesse
1526 1156 1634 1200 est:
1683 1153 1822 1201 euius
1857 1152 2039 1216 prinoi-

352 1233 486 1297 pium
521 1231 647 1278 haee
683 1229 840 1279 fuisse
877 1232 1030 1281 verba
1063 1232 1305 1291 arbitror,
1351 1231 1529 1296 quibus
1565 1231 1813 1282 Lucienus
1847 1234 1896 1283 in
1930 1231 2041 1282 love

352 1309 588 1373 tragoedo
623 1310 806 1359 abusus
843 1318 950 1359 est.

487 1388 528 1438 ὠ
562 1388 922 1453 παγκάκιστοι,
958 1388 1152 1455 χθόνια
1186 1393 1285 1456 γῆς
1317 1389 1669 1455 παιδεύματα,

489 1468 556 1518 σύ
589 1470 633 1518 τ’
671 1469 713 1518 ὡ
780 1497 846 1505 --
914 1499 977 1507 -
1059 1463 1147 1520 οἶα
1191 1472 1243 1535 μ’
1281 1470 1522 1536 εἴργασαι
1555 1470 1708 1522 κακοί.

354 1550 563 1613 Reliqua
599 1551 756 1613 qualia
793 1550 1003 1610 fuerint,
1053 1568 1114 1600 ex
1149 1554 1240 1613 iis,
1288 1569 1411 1616 quae
1446 1554 1579 1618 apud
1614 1552 1827 1602 eundem
1861 1550 2043 1600 Lucia-

355 1647 470 1680 num
506 1629 624 1677 luno
661 1635 840 1691 narrat,
877 1631 1188 1696 intelligitur.

490 1708 861 1758 Ostendebatur
889 1710 1023 1759 enim
1053 1711 1234 1759 deinde
1269 1712 1405 1760 Ixion
1443 1711 1672 1775 cupidine
1707 1711 1927 1776 gestiens
1964 1711 2040 1760 in-

357 1789 669 1852 smriensque,
706 1805 805 1852 quo
842 1789 892 1837 in
928 1795 1061 1839 statu
1094 1791 1248 1840 multa
1275 1791 1423 1856 impie
1450 1807 1507 1839 ae
1533 1791 1722 1840 nefarie
1747 1791 2041 1855 disputando

355 1870 671 1918 temerariam
717 1868 866 1917 animi
907 1870 1208 1919 voluntatem
1254 1871 1606 1932 confirmabat,
1655 1887 1804 1933 quum
1852 1870 2044 1920 libidini

355 1953 503 2012 atque
546 1948 802 1996 violentiae
838 1949 947 2012 plus
993 1967 1138 2013 quam
1183 1951 1417 2016 probitati
1462 1956 1610 2014 atque
1641 1950 1918 1999 modestiae
1953 1951 2043 1998 tri-

356 2028 606 2078 buendum
643 2045 757 2076 esse
791 2028 1095 2078 affirmaret:

488 2106 552 2156 τά
586 2125 669 2158 τοι
702 2105 920 2172 μέγιστα
955 2107 1107 2158 πάντ’
1143 2106 1488 2172 ἀπείργασται
1522 2108 1736 2173 βροτοῖς

488 2185 651 2251 τόλμ’,
686 2184 814 2246 ὥςτε
847 2193 1030 2238 νικᾶν·
1067 2190 1188 2255 οὔτε
1221 2187 1324 2252 γὰρ
1365 2187 1680 2252 τυραννίδες

490 2263 651 2330 χωρὶς
683 2267 858 2315 πόνου
880 2262 1108 2330 γένοιντ’
1143 2265 1211 2316 ἂν
1245 2269 1357 2316 οὔτ’
1395 2262 1541 2325 οἶκος
1574 2265 1734 2332 μέγας

490 2426 589 2475 τοῦ
624 2422 721 2487 μὲν
753 2423 964 2475 δικαίου
997 2421 1095 2489 τὴν
1135 2423 1355 2490 δόκησιν
1388 2427 1612 2490 ἄρνυσο,

490 2503 555 2554 τὰ
589 2502 636 2552 δ’
672 2502 799 2569 ἔργα
832 2508 930 2555 τοῦ
965 2508 1073 2554 πᾶν
1107 2503 1368 2569 δρῶντος,
1404 2502 1539 2556 ἔνθα
1573 2505 1845 2572 κερδανεῖς

491 2666 739 2728 κρεῖσσον
772 2662 874 2729 γὰρ
908 2662 942 2730 ἢ
978 2663 1203 2729 σέβοντα
1235 2657 1363 2724 τοὺς
1396 2666 1542 2717 θεῶν
1575 2666 1779 2733 νόμους

493 2743 694 2809 πένητα
727 2744 912 2808 ναίειν,
949 2744 1108 2807 δόξαν
1140 2745 1479 2812 ἠμποληκότα
1496 2748 1562 2813 *).

364 2826 548 2875 Contra
581 2842 706 2889 quae
740 2827 816 2875 his
851 2827 1084 2891 pugnavit
1119 2827 1333 2887 satelles,
1371 2830 1452 2891 qui
1487 2829 1706 2880 iustitiae
1738 2846 1963 2882 caussam
1993 2839 2043 2883 et

363 2906 562 2970 pietatis
602 2906 859 2954 tuebatur:

493 2981 629 3043 ὄςτις
662 2982 763 3048 γὰρ
799 2981 883 3035 ἐπὶ
915 2980 976 3036 τὸ
1010 2983 1172 3035 πλέον
1206 2982 1338 3051 ἔχειν
1371 2985 1565 3052 πέφυκ’
1601 2985 1737 3054 ἀνὴρ

489 3061 681 3113 κούδὲν
716 3068 910 3129 φρονεῖ
919 3065 1001 3129 **)
1037 3058 1261 3129 δίκαιον,
1298 3065 1423 3118 οὐδὲ
1458 3067 1720 3133 βούλεται,
1770 3086 1773 3088 ·

496 3142 670 3208 φίλοις
700 3146 744 3193 τ’
779 3144 996 3210 ἄμικτός
1029 3142 1137 3196 ἐστι
1170 3144 1260 3197 καὶ
1291 3147 1432 3214 πείσῃ
1467 3148 1630 3200 πόλει.

494 3221 619 3273 Post
650 3225 748 3273 hoe
783 3226 1079 3291 colloquium
1125 3227 1265 3277 chori
1299 3245 1497 3279 carmen
1528 3229 1675 3279 inseri
1708 3230 1897 3294 potuit,
1938 3246 2037 3294 quo

418 3383 470 3438 ἦε)
498 3383 681 3440 Fragm.
708 3386 795 3428 inc.
822 3386 894 3430 33.
915 3399 968 3442 p.
997 3383 1094 3427 447.
1127 3387 1289 3431 Matth.

393 3452 468 3507 ἠςῆς)
495 3453 641 3510 Vulgo
675 3454 814 3499 ου’δὲν
845 3459 1018 3513 φρονεῖ.
