2170 3866
56 3811 148 3866 ’Ὦς-,γ
176 3831 182 3859 ἰ
196 3822 240 3866 1

1097 255 1223 312 418

328 408 709 459 instrumentum
744 401 990 451 musicum
1025 405 1215 450 mutata
1248 400 1435 449 haecce
1467 400 1678 452 obscure
1713 407 1862 468 atque
1899 419 2010 467 per-

331 490 475 554 plexe
511 483 659 532 dicit:
1211 521 1214 524 .

458 560 940 628 ,‚Qaadrupes,
999 559 1448 625 tardigrada,
1496 562 1833 626 agrestis,
1893 561 2010 611 hu-

1155 640 1367 697 milis,
1406 657 1688 706 aspera,

472 723 723 790 Capite
759 720 970 778 brevi,
1019 720 1282 768 cervice
1318 721 1648 784 anguina,
1685 718 2016 785 adspectu

1165 800 1379 858 traci,

467 883 924 933 Eviscerata,
963 879 1266 927 inanima
1301 895 1438 928 cum
1474 879 1761 929 animali
1791 880 1999 929 sono.’'

337 964 527 1015 Rustici
562 976 617 1009 se
653 975 749 1008 nou
782 959 1056 1021 intelligere
1091 959 1412 1022 profitentur:
1565 963 1569 969 '

461 1042 622 1105 „Ita
669 1045 985 1087 tortuose
1033 1036 1253 1087 dictio
1300 1038 1412 1087 abs
1455 1045 1522 1087 te
1569 1039 1803 1098 datar,

474 1118 653 1184 Quod
723 1125 1160 1167 consecutum
1229 1119 1513 1183 sapiens
1587 1135 1793 1183 aegre
1868 1134 2017 1167 con-

1167 1204 1189 1245 t
1203 1214 1238 1246 u
1254 1198 1271 1246 l
1285 1199 1306 1246 i
1321 1205 1342 1246 t
1356 1196 1460 1258 *).’'

341 1283 472 1332 Tum
513 1281 596 1327 ine
631 1294 728 1326 uno
762 1278 940 1325 verbo:

474 1398 506 1421 ‚,
530 1359 648 1407 Tes
665 1365 735 1406 tu
751 1357 878 1404 d0.’'

343 1441 632 1505 Respondet
665 1438 874 1486 chorus:

475 1517 666 1579 „Non
726 1521 884 1581 pota
903 1530 1050 1562 eras
1106 1514 1220 1561 hoc
1284 1515 1502 1579 igitar
1553 1533 1585 1564 a
1637 1516 2018 1581 principio,

478 1597 876 1653 citharista,
914 1593 1104 1643 dicer
1123 1596 1234 1642 eim

349 1682 449 1730 lam
486 1694 582 1743 quo
617 1675 838 1740 planiora
871 1674 991 1722 fiant
1025 1671 1149 1736 quae
1183 1675 1246 1722 de
1282 1674 1388 1738 lyra
1433 1676 1692 1724 obscurius
1727 1675 1879 1736 dixit,
1926 1674 2022 1723 ori-

349 1760 513 1825 ginem
547 1757 765 1805 eiusdem
804 1755 1047 1817 explicat,
1099 1753 1312 1801 fabulam
1365 1755 1428 1803 de
1472 1757 1619 1804 boum
1667 1755 1802 1804 furto
1849 1755 2024 1818 hisque

349 1855 462 1888 cum
508 1836 611 1900 lyra
657 1835 948 1899 permutatis
998 1849 1248 1897 exponens
1263 1868 1277 1894 ‚
1334 1835 1464 1884 unde
1509 1835 1659 1883 etiam
1693 1851 1871 1884 nomen
1905 1834 2024 1882 huic

348 1917 631 1982 impositum
664 1929 777 1962 esse
813 1914 1068 1978 perhibet:

480 1994 615 2057 λύρα
650 1993 796 2057 βοῶν
827 1991 929 2058 γὰρ
967 1990 1102 2057 ῥύσι’
1136 1988 1448 2056 ἐξεῤῥύσατο
1462 1992 1561 2056 *'‘).

352 2076 540 2126 Deinde
587 2075 777 2122 Zethus
822 2074 1027 2123 fratrem
1074 2073 1133 2120 ad
1184 2080 1409 2120 venatum
1461 2075 1657 2134 invitat3
1713 2078 2022 2122 recusantem

354 2157 593 2216 obiurgat,
629 2153 775 2215 quod,
812 2154 1029 2201 musicae
1064 2153 1159 2200 arti
1192 2168 1250 2199 ac
1284 2153 1507 2202 desidiae
1537 2154 1753 2212 deditus,
1787 2153 2025 2216 neglectis

353 2234 501 2283 rebus
537 2232 734 2280 utilibus
751 2268 763 2289 ‚
798 2231 1050 2279 mollitiem
1085 2231 1183 2278 alat
1229 2231 1377 2278 animi
1413 2234 1749 2294 corporisque.
1819 2231 2024 2279 Orditur

353 2314 502 2377 igitur
544 2309 816 2374 disputatio
861 2310 942 2357 issa
990 2310 1310 2358 celeberrima
1321 2307 1432 2371 ***)
1446 2346 1460 2368 ,
1513 2312 1560 2357 in
1610 2326 1704 2372 qua
1749 2311 2021 2359 otiosorum

410 2519 460 2572 ¹⁸)
498 2516 608 2559 Vide
635 2515 919 2558 Welckerum
948 2529 989 2569 p.
1018 2513 1116 2556 815.

387 2589 461 2642 Η)
499 2588 657 2629 Codd.:
699 2584 815 2642 λύρα
843 2586 967 2642 βοῶν
994 2584 1108 2643 &aa
1138 2583 1422 2643 ἒξεῤῥύσατο.
1480 2585 1759 2628 Schneidew.
1788 2586 1834 2628 in
1861 2587 2024 2630 Eusta-

493 2657 579 2700 thii
614 2669 811 2711 prooem.
851 2669 1009 2697 comm.
1043 2656 1166 2699 Pind.
1205 2670 1248 2711 p.
1280 2653 1349 2696 26.
1390 2656 1589 2711 scripsit:
1620 2655 1735 2714 λύρᾳ
1774 2657 1896 2713 βοῶν
1937 2654 2024 2715 γὰρ

495 2719 611 2783 ῥύσι’
649 2725 900 2779 ἐξελύσατο.
964 2726 1157 2767 verbum
1198 2723 1444 2782 ἕκρύεσθαι
1487 2728 1821 2769 commendatur
1847 2742 1893 2770 v.
1924 2726 2024 2769 239.

495 2796 801 2839 Baccharum:
833 2797 878 2840 εἰ
902 2794 964 2852 μή
995 2809 1043 2839 σε
1072 2796 1215 2852 γῆρας
1242 2792 1405 2838 πολιὸν
1435 2794 1683 2854 ἐξεῤῥύετο,
1714 2811 1844 2852 quem
1873 2796 2027 2840 citavit

496 2867 701 2923 Ungerus
728 2866 871 2908 Theb.
903 2866 1058 2921 parad.
1091 2880 1131 2920 p.
1148 2864 1235 2917 34„
1259 2865 1354 2919 ipse
1382 2880 1625 2921 reponens:
1655 2864 1772 2923 λύρα
1801 2867 1924 2923 βοῶν
1952 2883 2025 2910 νιν

497 2932 615 2992 ῥύσι’
645 2935 938 2993 ἐξεῤῥύσατο,
969 2949 1058 2990 qua
1086 2935 1336 2978 coniectura
1364 2936 1546 2991 perinde
1576 2950 1629 2979 ac
1657 2936 1842 2991 reliquis
1870 2950 2024 2979 curere

478 3016 741 3060 possumus.
785 3006 940 3047 Verte:
970 3007 1100 3062 lyra
1129 3004 1272 3047 enim
1293 3006 2023 3061 boumrepetitorumpoe—

498 3088 617 3117 nam
647 3074 917 3116 exsolvit.

363 3143 471 3197 *³⁸³⁹ss
500 3144 655 3186 Horat.
684 3144 823 3198 Epist.
854 3144 888 3196 1,
919 3143 988 3196 18,
1018 3143 1096 3187 39:

607 3213 728 3262 „Nec
756 3219 833 3255 tua
860 3214 1056 3256 laudabis
1085 3214 1228 3257 studia
1257 3223 1332 3258 aut
1361 3217 1504 3259 aliena
1531 3217 1772 3272 reprendes,

610 3282 712 3334 Nec,
741 3297 830 3324 cum
860 3285 1058 3325 venari
1095 3286 1245 3327 volet
1272 3286 1398 3341 ille,
1423 3293 1685 3342 poemata
1711 3297 1962 3340 panges:

611 3352 766 3394 Gratia
794 3354 853 3394 sic
872 3356 1068 3406 fratrum
1092 3355 1370 3412 geminorum,
1402 3357 1648 3413 Amphionis
1676 3361 1805 3409 atque

606 3422 745 3474 Zethi,
776 3423 965 3466 dissiluit
994 3424 1099 3467 ποθ’
