2170 3866
947 235 1069 294 399

145 389 311 439 bores
360 388 528 434 autem
575 383 758 450 partim
793 383 986 433 externi
1033 386 1175 440 sunt,
1224 380 1372 445 positi
1406 381 1455 430 in
1487 379 1668 442 rebus,
1719 393 1840 444 quas

164 471 453 526 tractamus,
494 466 674 530 partim
710 463 906 520 interni,
942 479 1005 512 ex
1039 463 1258 511 moribus
1294 476 1482 520 eorum,
1520 460 1604 524 qui
1627 461 1676 509 iu
1691 459 1839 508 rebus

163 545 436 594 tractandis
484 551 777 604 versantur,
814 550 1091 593 nascentes.
1161 540 1378 603 Quorum
1415 541 1537 601 hos,
1574 556 1692 603 quas
1728 554 1841 603 per-

164 626 472 683 turbationes
533 625 871 689 appellamus,
929 622 1119 688 agendo
1180 621 1340 685 aptius
1398 637 1542 685 quam
1599 617 1842 668 narrando

167 706 363 754 ostendi
408 710 458 753 et
503 704 814 766 tragoediae,
854 720 1000 768 quam
1035 701 1336 766 epopoeiae,
1384 699 1640 748 imitationi
1689 698 1843 761 magis

168 786 430 834 convenire
488 784 747 832 docuimus
796 783 857 833 T.
896 783 929 832 l.
965 800 1013 847 p.
1050 784 1147 831 502
1194 797 1332 844 seqq.
1414 780 1842 829 Perturbationum

168 871 333 914 autem
369 880 517 928 quum
554 868 785 926 quattuor
819 864 920 912 sint
951 879 1148 928 genera,
1190 877 1396 926 quorum
1432 861 1545 922 duo,
1577 859 1762 907 laetitia
1794 863 1847 906 et

170 944 443 1010 cupiditas,
481 960 543 992 ex
576 944 805 1008 opinione
839 945 1108 1005 bonorum,
1153 944 1374 1004 itemque
1411 941 1537 998 duo,
1587 937 1846 1004 aegritudo

171 1032 224 1074 et
265 1030 453 1082 metus,
514 1040 575 1071 ex
621 1024 852 1088 opinione
898 1024 1137 1072 malorum
1180 1027 1470 1077 nascantur,
1526 1020 1724 1084 planum
1772 1021 1849 1065 est

170 1106 277 1165 has,
312 1119 436 1167 quae
471 1104 532 1152 ad
567 1103 693 1151 mala
727 1103 805 1152 vel
842 1105 1122 1168 praesentia
1156 1104 1232 1151 vel
1268 1101 1598 1165 impendentia
1624 1098 1847 1147 referan-

172 1191 283 1246 tur,
316 1186 366 1232 in
401 1183 704 1247 tragoediam
741 1185 929 1247 magis,
965 1200 1108 1248 quam
1154 1184 1288 1244 illas,
1335 1198 1460 1244 quae
1494 1180 1544 1229 in
1576 1179 1719 1230 bonis
1753 1178 1851 1226 siut

172 1265 250 1313 vel
305 1263 648 1328 praesentibus
702 1263 780 1310 vel
837 1264 1235 1327 impendentibus
1292 1262 1511 1325 positae,
1573 1258 1850 1307 convenire.

173 1344 369 1393 Etenim
404 1348 459 1390 ut
491 1341 644 1405 quieti
679 1358 768 1390 nos
804 1343 975 1390 damus
1010 1343 1154 1391 bonis
1193 1341 1536 1406 praesentibus
1570 1338 1853 1396 affluentes,

175 1424 245 1473 ita
279 1424 489 1472 deorum
538 1421 793 1486 potentiae
841 1423 1181 1471 obliviscimur
1229 1439 1340 1470 cum
1388 1422 1612 1484 cupimus
1655 1434 1740 1476 ea,
1791 1431 1854 1465 ex

174 1503 354 1568 quibus
400 1502 704 1566 voluptatem
750 1503 1109 1570 percipiamus,
1158 1518 1368 1564 cumque
1417 1516 1589 1565 parum
1637 1495 1854 1547 contenti

175 1598 344 1633 sumus
378 1583 466 1643 iis,
517 1582 696 1646 quibus
737 1582 838 1630 frui
875 1583 1064 1631 securis
1110 1582 1413 1631 conceditur.
1496 1580 1653 1627 Recte
1702 1578 1855 1642 igitur

177 1663 476 1714 Aristoteles
510 1669 697 1710 metum
732 1669 783 1710 et
815 1662 1180 1712 miserationem
1226 1662 1345 1710 dixit
1390 1661 1613 1725 proprias
1656 1663 1856 1738 tragoe-

178 1744 292 1792 diae
336 1743 734 1806 perturbationes
781 1758 922 1801 esse,
977 1744 1155 1806 quibus
1203 1742 1467 1806 purgandis
1513 1740 1663 1788 finem
1710 1752 1854 1787 suum

179 1823 552 1887 adipisceretur.
594 1814 596 1817 ⁵
633 1821 827 1870 Metum
861 1828 1022 1870 autem
1059 1823 1180 1871 dixit
1221 1839 1365 1877 eum,
1410 1837 1507 1884 quo
1552 1831 1860 1868 moveremur

180 1904 309 1954 mala
343 1902 550 1950 aliorum
585 1902 994 1966 contemplantes,
1031 1920 1179 1966 quum
1217 1903 1358 1950 nobis
1394 1909 1444 1948 et
1479 1901 1598 1964 ipsis
1633 1898 1860 1947 accidere

182 1999 359 2050 posse,
395 1982 527 2046 quod
564 1983 720 2030 cuivis
755 1983 1017 2047 potuisset,
1054 1988 1427 2046 reputaremuS,
1463 1983 1680 2044 itemque
1714 1978 1860 2026 mise-

180 2064 422 2115 rationem
460 2062 747 2111 societatem
783 2063 970 2111 doloris
1003 2063 1080 2110 vel
1114 2062 1452 2124 aegritudinis,
1489 2076 1583 2122 qua
1617 2059 1697 2107 alii
1724 2058 1861 2106 labo-

183 2148 363 2194 rarent.
446 2143 511 2190 At
556 2142 686 2191 idem
737 2144 1036 2191 Aristoteles
1084 2144 1242 2191 omnia
1291 2157 1351 2190 ex
1402 2140 1654 2189 contrariis
1687 2142 1862 2202 patere

184 2231 237 2274 et
269 2241 383 2272 cum
418 2223 479 2270 iis
516 2224 799 2270 necessario
837 2223 1093 2270 coniuncta
1127 2239 1241 2270 esse
1287 2221 1577 2269 affirmavit:
1623 2219 1754 2268 unde
1788 2219 1863 2266 iu-

183 2305 428 2370 telligitur
474 2318 571 2351 non
618 2318 767 2366 posse
815 2310 902 2351 aut
947 2303 1213 2362 laetitiam,
1272 2318 1396 2366 qnae
1448 2316 1508 2349 ex
1555 2298 1864 2363 aegritudine

185 2390 437 2448 erumpat,
470 2388 554 2432 aut
588 2382 894 2447 cupidinem,
944 2398 1070 2446 quae
1104 2388 1287 2431 metum
1323 2382 1667 2444 subsequatur,
1698 2395 1726 2427 a
1760 2385 1864 2428 tra-

187 2464 364 2530 goedia
414 2463 591 2510 abesse
634 2462 713 2510 vel
757 2463 968 2511 alienam
1015 2478 1142 2510 esse.
1225 2462 1413 2523 Quodsi
1460 2462 1691 2508 virtutem
1739 2473 1863 2507 nuu-

190 2557 334 2606 quam
370 2541 651 2601 victricem,
696 2542 824 2591 mala
870 2558 1114 2605 nunquam
1152 2542 1292 2589 bonis
1329 2540 1636 2603 compensari
1669 2538 1863 2587 videre-

191 2637 319 2680 mus,
354 2626 403 2668 et
437 2622 500 2668 de
535 2622 723 2670 virtutis
758 2624 803 2670 vi
839 2629 887 2671 et
923 2622 986 2671 de
1021 2623 1225 2670 deorum
1255 2621 1443 2670 iustitia
1465 2620 1863 2684 desperaremus,

191 2703 242 2750 in
278 2699 565 2749 foeditatem
601 2702 757 2750 abiret
789 2702 1060 2751 sublimitas
1094 2703 1420 2765 tragicorum,
1471 2704 1523 2748 et
1557 2699 1866 2764 probandum

192 2785 331 2830 esset
369 2780 498 2844 quod
552 2782 726 2829 comici
773 2782 953 2831 docere
1002 2784 1259 2840 videntur,
1305 2780 1525 2829 studium
1572 2778 1770 2827 virtutis
1814 2783 1866 2828 et

191 2861 398 2909 deorum
432 2862 757 2909 reverentiam
792 2863 1131 2926 explodentes.
1198 2861 1343 2910 Unde
1378 2861 1554 2909 laetam
1589 2874 1753 2908 rerum
1781 2872 1867 2906 ex-

193 2942 507 3007 plicationem
544 2956 639 2989 non
672 2940 858 3002 minus,
898 2959 1044 3006 quam
1079 2942 1335 3000 miseram,
1382 2938 1635 3005 tragoedia
1669 2938 1865 3001 dignam

195 3037 311 3071 esse
355 3020 654 3082 intelligitur.
732 3020 923 3070 Eadem
967 3029 1132 3071 autem
1183 3022 1320 3084 lege,
1367 3037 1460 3085 qua
1511 3035 1654 3068 suum
1689 3018 1867 3081 cuique

194 3102 268 3152 rei
314 3100 614 3149 contrarium
647 3100 962 3152 tribuendum
1007 3108 1109 3163 est,
1150 3102 1359 3150 strenuis
1396 3099 1673 3148 hominibus
1707 3097 1866 3163 ignavi

197 3180 494 3246 opponendi,
520 3179 798 3229 sollertibus
825 3184 1077 3238 socordes,
1106 3182 1273 3246 probis
1301 3180 1543 3246 flagitiosi,
1577 3177 1866 3227 verecundis

196 3260 449 3324 impudici,
486 3260 568 3323 qui
592 3275 684 3308 non
713 3269 920 3323 possunt
947 3263 1191 3311 interdum
1219 3278 1316 3310 non
1349 3262 1495 3310 etiam
1531 3258 1727 3307 ridiculi
1760 3262 1866 3305 tur-

199 3355 387 3404 pesque
419 3340 591 3391 videri.
660 3340 805 3389 Unde
845 3341 1035 3391 factum
1071 3347 1178 3401 est,
1222 3347 1279 3390 ut
1314 3347 1365 3390 et
1399 3341 1612 3389 latrones
1647 3342 1697 3385 et
1731 3339 1866 3398 saty-

200 3434 283 3468 ros
319 3426 372 3469 et
401 3420 496 3469 alia
529 3420 634 3469 eius
668 3421 862 3485 generis
892 3429 1113 3472 monstra
1156 3421 1405 3485 tragoedia
1439 3419 1746 3475 admitteret,
1779 3429 1867 3464 ne-
