2170 3848
1159 287 1240 344 44

364 435 638 502 Respondit
670 433 912 500 Cypselus
947 433 1104 483 haec:

491 513 747 576 „Nulla
780 522 846 564 te
872 513 1180 579 indigua,
1210 529 1239 561 o
1266 519 1445 574 nata,
1481 515 2033 579 assicioiniuria.

494 592 573 643 Si
620 594 868 660 probas
927 600 1057 654 est,
1119 593 1278 642 bene
1325 594 1580 653 locavi,·
1628 596 1736 644 sin
1783 602 1884 646 eat
1930 596 2033 645 im·

1145 673 1412 740 probum

499 751 583 802 Te
617 752 927 802 liberabo
961 753 1411 804 incommodis.
1478 754 1661 803 Duxi
1687 755 1974 820 probum,

492 831 778 893 Erravi,
810 839 957 898 post
994 835 1280 900 cognovi
1314 842 1377 883 et
1399 836 1611 899 fugio
1646 832 2034 899 cognitum.''

362 910 524 972 Idem,
559 918 766 978 rogante
801 912 1036 979 Meropa,
1073 921 1126 962 ut
1159 929 1323 962 coram
1359 914 1663 979 Cresphonti
1696 916 2035 978 exprobraret,

362 991 407 1040 si
439 992 556 1056 quid
591 992 920 1041 commisisset
952 993 1180 1057 improbi,
1216 993 1340 1043 haec
1374 994 1543 1043 dicere
1576 994 1764 1059 potuit:

493 1071 763 1135 „Quare
798 1088 1092 1123 accusem
1125 1073 1309 1130 hunc,
1346 1090 1605 1140 nequeo
1641 1073 2036 1140 exputando

1162 1154 1495 1202 evolvere.

495 1230 659 1282 Nam
691 1235 750 1283 si
782 1232 1257 1300 veretur,quid
1283 1249 1419 1282 eum
1455 1233 2034 1300 accusem‚quiest

1117 1313 1436 1382 *probu82

495 1390 623 1442 Sin
672 1391 1214 1443 inverecundum
1260 1392 1475 1443 animi
1513 1393 1864 1458 ingenium
1891 1407 2035 1458 pos-

1149 1471 1341 1533 sidet,

495 1551 678 1615 Quid
723 1569 863 1601 eum
898 1568 1226 1613 accusem,
1277 1552 1390 1619 qui
1431 1550 1500 1600 id
1542 1551 1748 1617 parvi
1789 1549 2034 1600 auditu

1157 1633 1591 1682 existimet!’'
1663 1667 1675 1694 ,-

491 1737 557 1747 -φ
721 1738 787 1749 u·—
951 1739 1014 1748 —-
1181 1739 1247 1748 σ-ι
1414 1737 1477 1749 —

494 1791 683 1841 Nunc
720 1808 835 1856 ego
868 1796 933 1839 te
969 1790 1043 1839 ab
1074 1792 1479 1852 summoiam
1513 1790 1823 1842 detexam
1849 1809 2033 1845 esor-

1151 1870 1257 1920 dio
1291 1869 1362 1934 *).

490 1950 689 2000 Pridem
725 1950 1060 2016 Cresphontes
1095 1950 1364 2015 Cypselum
1404 1955 1552 2016 rupto
1599 1951 1806 2001 foedere
1837 1953 2036 2002 hostilia

361 2032 526 2082 facere
559 2029 819 2082 intellexit.
868 2029 1041 2094 Itaque
1068 2046 1315 2078 armorum
1342 2029 1388 2077 vi
1414 2029 1551 2078 illum
1567 2031 1628 2079 ad
1653 2031 1874 2080 officium
1899 2033 2033 2082 redi-

359 2129 481 2178 gere
514 2110 785 2160 constituit.
854 2110 963 2172 Qua
998 2109 1060 2158 de
1093 2125 1149 2159 re
1176 2126 1322 2174 quum
1348 2109 1550 2157 consilia
1589 2125 1700 2160 cum
1735 2109 1891 2161 fratre
1914 2127 2033 2162 con-

357 2193 534 2252 ferret,
569 2191 651 2238 hic
686 2189 975 2238 societatem
1009 2189 1127 2238 beni
1158 2190 1325 2237 abnuit
1357 2189 1548 2237 duabus
1583 2189 1646 2238 de
1681 2191 1895 2252 caussis,
1930 2192 2035 2256 pri-

359 2288 493 2322 mum
529 2269 661 2336 quod
703 2269 832 2319 bella
866 2269 1061 2319 fastidit
1101 2275 1151 2318 et
1186 2269 1231 2316 vi
1263 2268 1428 2333 potius
1464 2284 1607 2331 quam
1643 2269 1844 2318 consilio
1877 2271 2034 2336 impe-

358 2353 487 2402 rium
521 2365 704 2417 augere
737 2349 911 2398 inutile
942 2365 1055 2398 esse
1089 2353 1274 2410 censet,
1312 2347 1489 2396 deinde
1525 2349 1657 2412 quod
1690 2349 1738 2398 in
1763 2350 2036 2401 dividendis

359 2434 506 2483 terris
548 2428 837 2497 expugnatis
879 2429 957 2478 sui
997 2428 1180 2478 nullam
1211 2428 1453 2477 rationem
1487 2428 1705 2478 habitam
1739 2446 1854 2481 esse
1885 2447 2036 2497 aegre

361 2512 488 2564 fert:

489 2588 551 2642 τὸ
586 2588 644 2641 δὲ
678 2590 987 2655 στρατηγεῖν
1019 2589 1164 2639 τοῦτ’
1199 2585 1301 2652 ἐγὼ
1334 2585 1516 2654 κρίνω,
1551 2587 1724 2648 καλῶς

490 2676 692 2739 γνῶναι
724 2669 820 2721 τὸν
853 2666 1047 2738 ἐχθρὸν
1077 2660 1113 2734 ᾗ
1147 2664 1354 2734 μάλισθ’
1391 2666 1666 2735 ἁλώσιμος.

492 2831 643 2900 ῥώμη
679 2829 737 2882 δέ
768 2832 817 2896 γ’
852 2826 1065 2896 ἀμαθὴς
1096 2827 1346 2889 πολλάκις
1377 2826 1535 2879 τίκτει
1569 2825 1789 2893 βλάβην.

491 2992 664 3057 ἄρξεις
697 2992 783 3056 ἄρ’
819 2989 988 3051 οὕτως
1024 2987 1122 3056 χρὴ
1159 2988 1215 3040 δὲ
1247 2987 1342 3039 τὸν
1376 2986 1737 3055 στρατηλάτην

491 3072 633 3140 ὁμῶς
670 3072 876 3124 δίκαιον
911 3074 1041 3123 ὄντα
1074 3068 1375 3134 ποιμαίνειν
1410 3069 1651 3134 στρατόν.

363 3155 686 3222 Cresphontis
722 3162 885 3203 autem
920 3155 1043 3202 haec
1076 3153 1233 3200 fuisse
1268 3151 1418 3199 verba
1450 3151 1706 3199 videntur:

489 3234 588 3288 οὐκ
621 3230 730 3285 ἔστι
756 3236 996 3299 κρεῖττον
1029 3233 1156 3283 ἄλλο
1189 3227 1327 3297 πλὴν
1360 3232 1573 3295 κρατεῖν
1608 3225 1728 3293 δορί

420 3404 472 3460 ³⁸)
502 3404 571 3446 Cf.
603 3407 717 3446 auct.
751 3403 867 3446 rhet.
897 3403 955 3445 ad
982 3403 1178 3445 Herenn.
1207 3399 1268 3455 11,
1295 3398 1367 3456 24,
1388 3398 1459 3443 38.
1492 3402 1537 3443 et
1564 3397 1625 3451 11,
1651 3395 1722 3450 26,
1741 3391 1814 3440 42.
1846 3391 1941 3437 Cic.
1963 3392 2037 3436 In—

507 3478 625 3518 vent.
655 3474 692 3526 1,
720 3471 793 3526 44,
820 3471 891 3516 83.
