2170 3866
925 276 1050 332 419

146 438 234 472 seu
269 420 624 487 elegantiorum
659 422 927 483 hominum,
960 421 1306 487 philosophiae
1339 425 1502 474 studio
1524 427 1819 492 deditorum,

143 507 311 567 partes
348 502 559 550 sustinet
592 494 857 566 Amphion,
891 502 1260 567 negotiosorum
1292 518 1409 552 vero
1438 520 1525 554 seu
1551 506 1819 560 industrio-

146 597 330 640 sorum,
366 581 415 629 in
440 581 568 631 victu
593 582 903 646 procurando
929 597 1082 645 reque
1107 581 1303 645 publica
1327 584 1710 636 administranda
1735 606 1819 639 oc-

145 665 432 725 cupatorum
468 661 675 712 ZethuS.
744 662 854 711 Non
888 662 1050 711 minus
1077 660 1326 724 Euripidis
1362 666 1668 728 temporibus
1693 669 1819 718 inter

145 740 382 802 (haemo,
424 757 568 804 quam
606 749 658 791 et
693 741 942 791 Ciceronis
977 743 1109 790 inter
1142 740 1392 791 Romanos
1429 750 1479 792 et
1511 745 1660 795 hodie
1694 749 1819 798 inter

143 836 261 878 noe,
312 820 375 870 de
409 821 700 870 eruditionis
738 827 788 870 et
821 838 984 870 rerum
1018 822 1079 870 ad
1115 823 1262 870 vitam
1300 838 1607 874 communem
1643 843 1816 878 neces-

145 901 383 950 sariarum
418 902 583 965 pretio
618 917 730 950 esse
765 901 998 951 contendi
1031 901 1229 951 solitum
1267 918 1327 951 ex
1358 904 1452 952 hac
1486 905 1818 970 disputatione

142 981 445 1045 intelligitur.

839 1060 1107 1111 ΖΗΘΟΣ.

263 1133 507 1205 Ἀμφῖον,
543 1139 746 1206 ἀμελεῖς
781 1129 858 1192 ὧν
889 1139 1249 1204 ἐπιμελεῖσθαί
1281 1151 1337 1192 σε
1370 1142 1480 1193 δεῖ·

271 1223 446 1288 ψυχῆς
480 1219 537 1272 δὲ
606 1260 617 1271 .
690 1255 702 1268 .
772 1257 786 1271 .
858 1256 870 1269 .
939 1211 1043 1273 ὧδε
1076 1220 1329 1287 γενναίαν
1363 1222 1544 1288 φύσιν,

268 1300 638 1368 γυναικομίμῳ
671 1299 972 1366 διαπρέπεις
1009 1302 1357 1366 μορφώματι·

271 1382 384 1431 οὔτ’
419 1378 477 1431 ἐν
512 1380 662 1446 δίκης
695 1381 977 1446 βουλαῖσιν
1012 1380 1190 1446 ὀρθῶς
1222 1381 1290 1434 ἂν
1322 1383 1485 1450 λόγον

268 1464 494 1526 προθεῑο
527 1461 780 1526 πιθανόν,
817 1465 928 1514 οὔτ’
964 1461 1031 1514 ἂν
1065 1462 1288 1524 ἀσπίδος
1319 1464 1463 1516 κύτει

367 1578 380 1592 .
450 1541 763 1610 ὁμιλήσειας,
808 1545 922 1594 οὔτ’
957 1547 1133 1595 ἄλλων
1165 1542 1297 1609 ὕπερ

269 1620 517 1674 νεανικὸν
552 1623 822 1690 βούλευμα
858 1624 1177 1689 βουλεύσαιο
1240 1660 1251 1672 .
1288 1661 1299 1672 .
1339 1624 1419 1688 .*)

269 1704 448 1754 κακῶν
482 1705 753 1770 κατάρχεις
786 1704 943 1771 τήνδε
977 1707 1216 1756 Μοῦσαν
1251 1704 1470 1769 εἰςάγων

265 1783 582 1850 ἀσύμφορόν
614 1787 732 1848 τιν’,
768 1787 973 1836 ἄτοπον
1193 1813 1254 1821 -
1424 1815 1488 1822 ——

267 1863 450 1931 ἀργόν,
486 1867 750 1931 φίλοινον,
784 1865 1070 1932 χρημάτων
1104 1863 1331 1932 ἀτημελῆ

265 2024 454 2077 πολλοὶ
488 2024 544 2076 δὲ
578 2027 796 2092 θνητῶν
828 2030 990 2077 τοῦτο
1024 2027 1322 2091 πάσχουσιν
1354 2025 1548 2077 κακόν·

263 2106 447 2173 γνώμῃ
483 2111 814 2172 φρονοῦντες
851 2107 917 2157 οὐ
952 2105 1169 2158 θέλουσ’
1203 2106 1483 2171 ὑπηρετεῖν

263 2192 428 2253 ψυχῇ,
463 2186 528 2238 τὰ
561 2186 729 2239 πολλὰ
762 2186 895 2253 πρὸς
930 2187 1102 2252 φίλων
1135 2186 1417 2253 νικώμενοι
1432 2184 1512 2250 **)

262 2345 399 2414 ἀνὴρ
432 2347 535 2413 γὰρ
570 2346 723 2411 ὅςτις,
759 2341 818 2399 εὖ
854 2346 977 2413 βίον
1009 2344 1341 2412 κεκτημένος,

262 2425 328 2478 τὰ
361 2425 458 2493 μὲν
492 2428 604 2479 κατ’
641 2427 828 2489 οἴκους
862 2428 1047 2495 ἀμελίᾳ
1080 2426 1262 2492 παρεὶς
1296 2424 1372 2491 ἐᾷ,

261 2510 512 2574 μολπαῖσι
548 2508 595 2559 δ’
630 2507 813 2576 ἡσθεὶς
844 2507 990 2560 τοῦτ’
1026 2506 1105 2558 ἀεὶ
1138 2506 1439 2571 θηρεύεται,

261 2586 424 2654 ἀργὸς
455 2587 554 2653 μὲν
587 2589 754 2651 οἴκοις
785 2588 876 2642 καὶ
908 2588 1057 2640 πόλει
1089 2588 1376 2655 γενήσεται,

273 2759 362 2803 Cic.
394 2761 588 2802 Herenn,
618 2762 676 2812 11,
702 2761 773 2803 27.
805 2763 860 2803 de
894 2763 1003 2801 orat.
1034 2759 1077 2812 1,·
1101 2757 1171 2805 37,
1199 2757 1294 2800 155.
1329 2757 1497 2797 Invent.
1528 2755 1564 2806 1,
1594 2753 1663 2796 51.
1693 2754 1809 2807 Rep.

270 2831 307 2884 l,
346 2829 413 2872 18.
474 2831 559 2872 Dio
599 2832 755 2888 Chrys.
799 2835 909 2874 orat.
952 2828 1156 2873 Lxxul.
1197 2843 1241 2883 p.
1282 2825 1380 2868 635.
1438 2826 1554 2867 Plat.
1587 2824 1723 2879 Gorg.
1765 2838 1809 2878 p.

272 2898 359 2942 484
386 2915 506 2955 seqq.

189 2972 236 3025 ⁷¹⁶)
267 2971 375 3013 Vide
405 2971 523 3026 apud
547 2971 845 3013 Matthiaeum
874 2971 1039 3027 fragm.
1066 2967 1186 3011 XXI.
1214 2970 1257 3010 et
1285 2967 1423 3009 xxu.
1450 2965 1660 3007 Valcken.
1680 2961 1809 3004 diatr.

271 3057 314 3096 p.
344 3040 412 3082 74.
454 3045 497 3083 et
535 3038 620 3090 84„
652 3055 841 3095 quorum
880 3042 954 3083 hic
980 3053 1158 3084 versum
1190 3042 1394 3092 quartum
1431 3039 1476 3078 et
1517 3034 1717 3089 quintum
1756 3047 1809 3074 ex

273 3110 599 3167 Olympiodoro
635 3112 735 3165 (ubi
759 3112 970 3166 scriptum
1003 3114 1067 3152 est
1100 3103 1184 3152 οὐκ
1214 3102 1272 3150 ἀν
1301 3102 1494 3156 ἀσπίδος
1521 3103 1647 3148 κύτει
1674 3117 1810 3161 προς-

273 3180 510 3238 ομιλήσῃς)
552 3181 616 3222 sic
644 3181 844 3224 refinxit:

379 3254 576 3310 προθεῖο
606 3248 825 3306 πιθανόν,
856 3247 952 3295 οὔτ’
982 3247 1041 3294 ὅὲν
1069 3246 1267 3298 ἀσπίδος
1294 3246 1403 3290 ποτὲ

380 3322 504 3366 κύτει
533 3317 573 3376 γ’
604 3319 866 3376 ὁμιλήσειας
893 3338 934 3364 κ.
965 3338 1005 3364 τ.
1037 3324 1075 3363 2.

159 3394 234 3447 **)
265 3393 415 3436 Verte:
464 3395 809 3447 plerumque
839 3390 937 3447 iis,
978 3403 1125 3446 quae
1162 3388 1412 3431 iucunda
1441 3386 1677 3434 habent,
1719 3381 1805 3423 in·-

267 3463 598 3521 dulgentem

1378 3530 1443 3576 21
1458 3529 1483 3555 ‘⁴²
