2170 3848
926 248 1003 305 13

137 393 347 460 singulis
389 392 570 443 fabulis
617 408 853 459 expressa
884 394 1115 459 proponit
1147 396 1200 441 et
1231 392 1438 454 multos,
1487 394 1604 443 dum
1636 395 1802 459 specie

143 476 269 524 recti
300 473 617 538 honestique,
652 490 796 537 quam
829 479 1003 537 gerunt
1035 474 1082 520 in
1115 476 1279 520 mente
1313 478 1365 520 et
1397 473 1690 536 cogitatione
1720 475 1804 524 iu-

143 554 325 610 fixam,
369 554 690 602 incendantur
735 553 948 619 dumque
992 551 1210 599 facinora
1251 551 1520 601 imitatione
1565 553 1710 616 digna
1752 555 1803 604 in

141 634 409 699 populares
444 633 595 681 edere
628 632 879 691 studeant,
924 631 1043 680 facit
1075 646 1211 680 suam
1246 631 1466 694 ipsorum
1500 638 1721 680 naturam
1753 633 1804 683 in

142 711 226 772 iis,
259 728 385 776 quae
418 712 586 760 dicunt
617 716 1016 774 perpetrantque‚
1050 726 1314 774 superare,
1360 725 1567 773 quorum
1603 713 1804 774 quidam

144 793 414 841 sententias
460 790 751 854 profitentur
794 795 941 853 atque
986 806 1068 839 res
1116 795 1294 854 gerunt
1332 791 1549 861 equitum
1593 790 1805 853 illorum,

146 886 271 936 quos
295 870 507 923 medium
534 870 665 932 quod
700 876 901 918 vocatur
934 885 1106 918 aevum
1141 869 1269 930 tulit,
1302 869 1516 918 consiliis
1550 871 1807 934 operibus-

149 965 244 1014 que
269 950 556 1008 simillimas,
592 949 724 997 velut
747 949 966 997 Achilles
1000 955 1203 1013 propter
1236 949 1420 997 laesam
1452 948 1634 997 famam
1667 964 1808 1000 suam

145 1034 537 1091 contemtamque
586 1030 923 1078 auctoritatem
968 1030 1187 1078 irascens
1232 1034 1283 1077 et
1329 1044 1418 1093 pro
1452 1028 1639 1091 virgine
1681 1030 1810 1079 indi·

145 1122 241 1171 gne
265 1113 471 1156 tractata
492 1109 735 1171 proelium
769 1125 879 1157 cum
915 1110 1143 1157 universo
1177 1108 1395 1156 exercitu
1429 1123 1691 1158 conserere
1722 1125 1810 1160 vo-
1851 1155 1866 1175 ἱ

146 1186 269 1238 lens,
349 1185 710 1243 Sententiarum
745 1189 885 1251 copia
919 1195 970 1236 et
1001 1188 1282 1237 notionibus
1317 1188 1657 1237 communibus
1690 1205 1812 1240 eun·

146 1268 260 1317 dem
293 1273 492 1333 poetam
525 1268 773 1317 abundare
818 1274 988 1316 notum
1022 1273 1126 1327 est,
1161 1283 1281 1331 quas
1315 1267 1511 1330 quidem
1547 1267 1652 1316 eiua
1686 1269 1809 1318 divi-

145 1347 268 1407 tias,
315 1347 446 1395 sicut
475 1362 668 1395 omnem
702 1347 1063 1411 philosophiam
1100 1347 1395 1396 Socraticam
1431 1346 1491 1394 ad
1525 1349 1671 1396 vitam
1704 1364 1811 1398 mo-

146 1441 326 1490 resque
369 1426 747 1475 conformandos
795 1427 1153 1490 pertinentem,
1200 1442 1305 1487 noS,
1352 1430 1526 1491 utpote
1568 1428 1812 1477 eiusmodi

145 1506 287 1555 bouis
307 1506 497 1571 pridem
523 1506 700 1570 repleti
726 1511 778 1554 et
810 1508 1001 1555 navium
1032 1506 1187 1555 instar
1219 1522 1369 1571 supra
1402 1506 1600 1555 modum
1634 1507 1815 1570 onusti,

146 1587 305 1635 minus
349 1585 648 1635 admiramur
680 1591 828 1649 atque
860 1587 1005 1634 etiam
1038 1592 1092 1634 ut
1123 1602 1229 1634 rem
1263 1587 1510 1649 vulgarem
1542 1603 1814 1651 parumque

147 1666 406 1714 sublimem
453 1665 746 1713 fastidimus.
827 1666 896 1714 At
927 1666 1138 1728 antiquis
1172 1666 1496 1729 philosophis,
1530 1672 1587 1715 ut
1618 1668 1686 1715 ait
1720 1666 1814 1716 ci-

147 1760 264 1794 cero
300 1745 467 1809 (epist.
499 1745 617 1793 fam.
652 1743 782 1803 XVI,
816 1742 916 1806 8.),
964 1745 1142 1807 singuli
1174 1746 1279 1793 eius
1313 1760 1484 1792 versus
1518 1745 1705 1808 singula
1736 1751 1813 1796 te·

148 1824 376 1872 stimonia
422 1839 535 1872 esse
581 1824 683 1871 visa
719 1828 858 1883 sunt,
907 1829 963 1872 ut
997 1825 1270 1887 sapientiae
1303 1823 1446 1872 laude
1478 1825 1632 1887 magis
1668 1826 1812 1876 etiam

150 1919 294 1968 quam
334 1917 544 1967 poeseos
575 1902 772 1952 fabulae
805 1903 1028 1952 omnibus
1060 1904 1236 1951 merito
1270 1904 1731 1954 commendarentur
1744 1902 1813 1968 *).

287 2056 391 2099 dem
410 2056 667 2112 Aeschylus,
694 2057 962 2114 vergleicht,
991 2059 1082 2100 und
1110 2059 1226 2100 doch
1252 2070 1351 2100 war
1373 2058 1500 2111 jener
1524 2058 1710 2100 Dichter
1735 2059 1818 2102 der

286 2126 524 2183 Gfinstling
563 2127 710 2169 seiuer
737 2128 847 2170 zeit.
915 2128 998 2170 Die
1037 2129 1262 2171 niimliche
1291 2128 1559 2171 Revolution
1586 2130 1691 2172 liisst
1717 2131 1816 2173 sich

285 2198 405 2240 auch
434 2201 561 2237 unter
593 2197 675 2238 den
706 2198 823 2239 alten
851 2199 1130 2240 Historikern
1159 2200 1452 2241 nachweisen.
1522 2201 1695 2254 Horaz,
1736 2201 1817 2243 der

283 2267 470 2309 Dichter
498 2266 618 2308 eines
645 2267 901 2309 kultivirten
932 2270 1021 2310 und
1048 2269 1353 2311 verdorbenen
1382 2269 1652 2323 wenenhere,
1681 2272 1820 2325 preist

288 2336 360 2380 die
396 2336 561 2392 ruhige
594 2336 951 2393 Glfickseligkeit
987 2340 1030 2381 in
1067 2339 1234 2381 seinem
1264 2339 1407 2380 Tibur
1435 2340 1521 2380 und
1551 2341 1628 2382 ihn
1656 2341 1817 2384 kfinnte

285 2420 390 2451 man
427 2408 494 2448 als
531 2407 617 2448 den
644 2408 828 2449 wahren
858 2408 1013 2450 Stifter
1043 2410 1187 2451 dieser
1215 2409 1648 2451 sentimentalischen
1676 2412 1818 2453 Dich-

284 2480 488 2534 tungsart
525 2491 694 2519 nennen
713 2475 808 2532 (2),
848 2491 897 2519 so
923 2480 1009 2521 wie
1040 2494 1088 2521 er
1117 2481 1234 2522 auch
1263 2479 1307 2521 in
1338 2480 1570 2521 derselbcn
1599 2481 1670 2522 ein
1700 2481 1818 2523 noch

286 2548 410 2590 nicht
450 2547 772 2590 fibertroffenes
810 2548 983 2590 Muster
1018 2549 1086 2592 ist.
1153 2550 1282 2592 Auch
1321 2549 1384 2591 im
1411 2551 1631 2604 Propem,
1677 2551 1818 2608 Vin-gil

287 2632 332 2661 u.
362 2618 414 2660 A.
444 2617 586 2660 findet
611 2631 715 2661 man
747 2620 921 2673 Spuren
949 2619 1094 2661 dieser
1120 2620 1624 2676 Empfindungsweise.''

215 2714 267 2771 ¹⁸²)
292 2716 500 2771 Diphilus
527 2730 599 2771 ap.
640 2717 799 2759 Athen.
830 2719 882 2759 X.
913 2733 955 2773 p.
983 2718 1081 2760 422.
1111 2720 1172 2761 B:
1205 2710 1257 2761 εὖ
1283 2714 1324 2771 γ’
1349 2716 1373 2761 ὅ
1404 2716 1689 2774 κατάχρυσος
1716 2715 1819 2765 εἷπε

290 2782 414 2828 πόλλ’
445 2782 712 2842 Εὐριπίδης.
758 2788 890 2831 Philo
921 2790 1016 2832 lud.
1047 2804 1090 2844 p.
1119 2787 1234 2841 685„
1264 2802 1351 2842 quo
1379 2790 1479 2830 loco
1509 2803 1684 2831 omnem
1712 2804 1818 2844 pro-

288 2855 398 2898 bum
435 2857 627 2900 liberum
666 2871 761 2900 esse
790 2859 992 2901 docetur:
1030 2858 1314 2915 ὒποκριτῶν,
1355 2859 1519 2913 inquit,
1558 2860 1818 2918 τραγῳδίαν

291 2922 670 2982 ἐπιδεικνυμένων
704 2927 783 2972 καὶ
821 2928 880 2971 τὰ
911 2928 1019 2986 παρ’
1048 2926 1279 2986 Εὐριπίδῃ
1309 2931 1523 2987 τρίμετρα
1553 2929 1818 2985 διεξιόντων

289 2994 468 3039 ἐκεῖνα·

374 3063 677 3122 τούλεύθερον
703 3066 789 3124 γὰρ
820 3064 967 3123 ὄνομα
995 3072 1086 3113 κτλ.
1119 3069 1202 3125 (cf.
1232 3070 1348 3127 Aug.
1379 3070 1436 3112 fr.
1468 3070 1566 3124 Χ),

287 3132 396 3186 τούς
412 3133 588 3186 θεατὰς
615 3133 823 3190 ἅπαντας
852 3136 974 3183 εἶδον
1004 3136 1073 3183 ἐπ’
1093 3137 1245 3197 ἄκρων
1270 3140 1428 3183 ποδῶν
1455 3139 1536 3184 ὑπ’
1565 3136 1817 3196 ἐκπλήξεως

287 3202 576 3256 ἀναστάντας
611 3208 688 3251 καὶ
727 3213 905 3263 φωναῖς
938 3211 1107 3265 μείζοσι
1144 3209 1220 3254 καὶ
1260 3209 1522 3268 ἔκβοήσεσιν
1550 3209 1817 3266 ἐπαλλήλοις

288 3274 481 3319 ἔπαινον
500 3273 583 3330 μὲν
610 3277 692 3332 τῆς
717 3278 912 3335 γνώμης,
942 3279 1132 3324 ἔπαινον
1152 3280 1203 3325 δὲ
1231 3281 1311 3325 καὶ
1337 3282 1425 3326 τοῦ
1451 3282 1651 3337 ποιητοῦ
1670 3283 1815 3325 συνεί-

287 3360 468 3402 ροντας,
497 3341 548 3396 ὃς
576 3342 634 3389 οὖ
660 3345 802 3402 μόνον
831 3348 918 3408 τὴν
935 3349 1199 3409 ἐλευθερίαν
1219 3349 1379 3410 ἔργοις,
1404 3348 1519 3397 ἀλλὰ
1543 3352 1621 3397 καὶ
1648 3348 1815 3397 τοῦνο-

283 3430 349 3470 μα
377 3414 519 3472 αὐτῆς
546 3414 770 3473 ἐσέμνυνε.
