2202 3892
1091 239 1213 294 234

326 386 639 438 manifestum
689 388 853 432 exstat
887 382 1210 447 fragmentum
1247 401 1306 432 ex
1343 385 1487 433 Ennii
1528 387 1752 436 versione
1786 403 1812 435 a
1848 386 1992 435 Cice-

326 483 446 516 rone
494 462 859 529 (Divin.1,21.)
896 463 1206 529 depromtum
1224 462 1307 527 *)‚
1355 465 1485 528 quod
1535 467 1815 530 priusquam
1867 465 1989 515 affe-

326 563 462 607 ram,
523 542 922 593 transscribenda
966 559 1077 592 esse
1127 545 1352 592 videntur
1398 544 1582 610 Hygini
1628 546 1778 594 verba
1820 547 1994 595 eadem

326 624 653 690 explanantis:
719 621 993 684 „PriamuS,
1030 623 1373 672 Laomedontis
1408 624 1559 684 filius,
1595 640 1742 688 quum
1773 625 1994 689 complu-

325 720 407 753 res
452 705 633 752 liberos
679 702 887 751 haberet
934 719 995 751 ex
1044 705 1303 753 concubitu
1351 704 1614 764 Hecubae,
1681 704 1842 754 Cissei
1890 705 1995 753 sive

325 783 581 848 Dymantis
615 783 775 844 filiae,
823 799 946 831 uxor
991 783 1095 831 eius
1141 800 1414 849 praegnans
1462 785 1509 833 in
1545 785 1712 849 quiete
1760 785 1887 834 vidit
1941 799 1997 832 se

325 864 487 913 facem
522 879 725 928 parere,
771 879 833 910 ex
878 879 973 927 qua
1021 870 1277 928 serpentes
1312 864 1550 928 plurimos
1585 866 1765 913 exisse.
1833 864 1888 913 ld
1922 863 1996 911 vi-

327 959 439 992 sum
484 943 710 993 omnibus
756 942 1119 991 coniectoribus
1156 960 1303 1007 quum
1338 949 1591 993 narratum
1626 950 1788 1006 esset,
1837 945 1996 1008 impe-

325 1029 452 1084 rant,
489 1022 715 1087 quicquid
749 1029 947 1087 pareret
980 1027 1199 1084 necaret,
1236 1041 1298 1072 ne
1332 1023 1381 1072 id
1415 1025 1600 1088 patriae
1632 1025 1784 1073 exitio
1817 1019 1997 1071 foret.''

453 1103 629 1165 „Quia
661 1109 829 1152 mater
861 1102 1082 1167 gravida
1111 1120 1306 1169 parere
1338 1120 1395 1152 se
1431 1103 1700 1153 ardentem
1721 1105 1904 1167 sacem

464 1182 586 1231 Visa
621 1189 694 1232 est
729 1184 786 1231 in
818 1184 1006 1231 somnis
1041 1181 1295 1232 Hecuba:
1331 1199 1428 1249 quo
1447 1185 1603 1248 facto
1627 1190 1788 1251 pater

454 1263 572 1311 Rea·
607 1264 717 1328 ipse
751 1262 1003 1322 Priamus,
1037 1264 1231 1312 somnio
1265 1270 1487 1312 mentem
1500 1260 1581 1327 **)
1616 1270 1759 1314 metu

454 1343 740 1402 Perculsus,
777 1344 912 1392 curis
944 1349 1178 1408 sumptas
1209 1343 1601 1408 suspirantibus,

457 1422 879 1488 Exsacrifioabat
915 1422 1092 1471 hostiis
1127 1422 1436 1471 balantibus.

463 1501 590 1550 Tam
625 1503 964 1551 coniectorem
991 1502 1240 1567 postulat,
1272 1519 1458 1567 pacem
1489 1508 1689 1568 petens,

463 1580 530 1630 Ut
564 1598 620 1630 se
655 1580 893 1630 edoceret
929 1581 1198 1631 obsecrans
1234 1583 1546 1648 Apollinem,

458 1661 570 1723 Quo
602 1677 715 1709 sese
748 1667 955 1708 vertant
989 1667 1174 1710 tantae
1206 1668 1368 1710 sortes
1400 1663 1665 1712 somnidm.

456 1741 539 1790 Ibi
573 1757 638 1789 ex·
673 1741 844 1789 oraclo
878 1757 1002 1789 voce
1037 1740 1215 1789 divina
1251 1740 1417 1790 edidit

454 1821 677 1888 Apollo.-
706 1836 945 1886 puerum,
973 1822 1177 1887 primus
1213 1821 1421 1870 Priamo
1455 1822 1544 1888 qui
1564 1824 1711 1888 soret

457 1901 674 1950 Postilla
707 1907 876 1959 natas,
914 1907 1227 1966 temperaret
1262 1902 1480 1950 tollere.-

420 1981 596 2031 ·Eum
634 1996 743 2029 esse
778 1981 998 2029 esitium
1036 1980 1237 2041 Troiae,
1269 1988 1469 2047 pestem
1503 1981 1810 2047 Pergamo.’'

324 2063 449 2113 Cum
481 2062 561 2110 his
598 2060 935 2128 componenda
966 2067 1082 2109 sunt
1113 2062 1259 2110 verba
1296 2060 1462 2109 Ovidii
1495 2062 1704 2110 Heroid.
1737 2061 1870 2122 XVI,
1896 2064 1998 2124 43„

323 2143 409 2208 qui
451 2147 503 2190 et
548 2141 658 2205 ipse
704 2140 996 2203 Euripidem
1044 2147 1248 2188 secutus
1297 2144 1404 2202 est,
1459 2156 1569 2189 cum
1604 2141 1807 2190 Tzetzis
1845 2141 1998 2190 Ante-

321 2223 456 2273 hom.
482 2222 716 2269 40—48.
757 2226 808 2268 et
843 2218 1020 2283 Dictye
1061 2218 1294 2277 Cret.111‚
1321 2222 1403 2270 26.
1472 2219 1682 2284 Reliqua
1727 2221 1800 2268 sic
1842 2220 2000 2269 refert

321 2302 573 2368 Hyginus:
642 2299 944 2363 „Postquam
977 2298 1184 2348 Hecuba
1218 2299 1413 2362 peperit
1445 2299 1807 2361 Alexandrum,
1856 2301 1999 2349 datur

322 2381 709 2431 interficiendus.
778 2379 938 2441 Quem
986 2378 1229 2427 satellites
1277 2379 1616 2427 misericordia
1651 2387 1998 2443 exposuerunt.

256 2516 266 2528 ·
320 2462 722 2526 Eum—pastores
765 2475 858 2524 pro
906 2474 996 2508 suo
1039 2458 1142 2507 filio
1187 2462 1441 2522 repertum
1493 2459 1772 2523 expositum
1818 2460 1998 2509 educa-

322 2544 469 2600 runt,
520 2556 731 2603 eumque
763 2539 929 2587 Parim
974 2536 1394 2587 nominaverunt.”
1460 2538 1577 2586 Seni
1623 2539 1817 2587 cuidam
1852 2555 2000 2588 man-

324 2622 492 2670 datum
529 2636 659 2679 esse,
695 2625 748 2668 ut
781 2618 1020 2668 infantem
1054 2613 1280 2677 necaret,
1330 2618 1418 2666 sed
1454 2634 1564 2666 eum
1601 2619 1731 2667 vitae
1765 2620 1872 2668 eius
1907 2630 2025 2683 pe-‘

323 2702 564 2766 percisse,
601 2700 866 2763 Euripides
902 2701 1010 2763 ipse
1037 2699 1087 2746 in
1110 2698 1291 2746 Troad.
1320 2714 1366 2745 v.
1395 2700 1509 2745 914.
1539 2697 1685 2747 dicit:

455 2781 670 2845 πρῶτον
704 2774 801 2843 μὲν
835 2776 998 2845 ἀρχὰς
1028 2774 1198 2828 ἔτεκεν
1229 2775 1323 2843 ἥδε
1355 2777 1462 2826 τῶν
1497 2778 1679 2828 κακῶν

455 2861 635 2924 Πάριν
667 2862 918 2910 τεκοῦσα·
954 2856 1201 2922 δεύτερον
1234 2857 1279 2908 δ’
1314 2856 1578 2908 ἀπώλεσεν

464 2939 663 3005 Τροίαν
695 2955 750 2990 τε
781 2940 905 3006 κᾶμ’
943 2937 973 2990 ὁ
1006 2937 1333 3005 πρέσβυς,
1370 2938 1435 2989 οὐ
1470 2936 1680 2989 κτανὼν
1714 2936 1930 3004 βρέφος,

457 3019 674 3072 δαλοῦ
708 3020 958 3086 πικρὸν
990 3019 1250 3086 μίμημ’,
1279 3016 1622 3084 Ἀλέξανδρόν
1653 3034 1792 3070 ποτε.
1864 3020 1868 3022 ’

328 3103 661 3167 Congruentia
708 3118 818 3151 cum
865 3103 970 3164 his,
1036 3118 1161 3165 quae
1210 3101 1542 3161 ostendimus,
1599 3101 1647 3148 in
1692 3099 1849 3163 Iphig.
1883 3096 1994 3146 Aul.

382 3285 431 3339 ⁸²⁶)
460 3284 559 3327 Non
585 3283 806 3327 retulisset
834 3285 921 3326 hoc
949 3283 1252 3339 fragmentum
1284 3281 1341 3324 ad
1369 3282 1608 3324 Hecubam
1636 3278 1920 3328 Welckerus,
1957 3277 1997 3320 si

469 3355 588 3397 hanc
623 3358 756 3409 atque
784 3353 1014 3409 Euripidis
1053 3352 1290 3395 Hecubam
1331 3354 1516 3396 eandem
1545 3351 1683 3395 fuisse
1709 3346 1993 3392 meminisset.

357 3422 434 3479 ἢ)
461 3424 607 3481 Vulgo
633 3426 798 3468 mentis.
