<?xml version="1.0" encoding="UTF-8"?>
<!DOCTYPE html PUBLIC "-//W3C//DTD XHTML 1.0 Transitional//EN"
    "http://www.w3.org/TR/xhtml1/DTD/xhtml1-transitional.dtd">
<html xmlns="http://www.w3.org/1999/xhtml" xml:lang="en" lang="en">
 <head>
  <title>
</title>
<meta http-equiv="Content-Type" content="text/html;charset=utf-8" />
  <meta name='ocr-system' content='tesseract 3.04.00' />
  <meta name='ocr-capabilities' content='ocr_page ocr_carea ocr_par ocr_line ocrx_word'/>
</head>
<body>
  <div class='ocr_page' id='page_1' title='image "./euripidesrestitu02hartuoft_0030.png"; bbox 0 0 2170 3848; ppageno 0'>
   <div class='ocr_carea' id='block_1_1' title="bbox 1217 246 1299 305">
    <p class='ocr_par' dir='ltr' id='par_1_1' title="bbox 1217 246 1299 305">
     <span class='ocr_line' id='line_1_1' title="bbox 1217 246 1299 305; baseline -0.012 0"><span class='ocrx_word' id='word_1_1' title='bbox 1217 246 1299 305; x_wconf 82' lang='lat'>18</span> 
     </span>
    </p>
   </div>
   <div class='ocr_carea' id='block_1_2' title="bbox 413 388 2094 3332">
    <p class='ocr_par' dir='ltr' id='par_1_2' title="bbox 413 388 2094 1083">
     <span class='ocr_line' id='line_1_2' title="bbox 548 388 1948 464; baseline 0.008 -25"><span class='ocrx_word' id='word_1_2' title='bbox 548 390 686 460; x_wconf 86' lang='grc' dir='ltr'><strong><em>φημὶ</em></strong></span> <span class='ocrx_word' id='word_1_3' title='bbox 719 388 777 441; x_wconf 79' lang='grc' dir='ltr'>δὲ</span> <span class='ocrx_word' id='word_1_4' title='bbox 809 390 1059 444; x_wconf 77' lang='grc' dir='ltr'>κάκεῖνον</span> <span class='ocrx_word' id='word_1_5' title='bbox 1090 393 1186 444; x_wconf 82' lang='grc' dir='ltr'>τὸν</span> <span class='ocrx_word' id='word_1_6' title='bbox 1220 391 1300 444; x_wconf 76' lang='grc' dir='ltr'>ἀεὶ</span> <span class='ocrx_word' id='word_1_7' title='bbox 1333 393 1742 460; x_wconf 71' lang='grc' dir='ltr'><strong><em>πεφυλαγμένον</em></strong></span> <span class='ocrx_word' id='word_1_8' title='bbox 1773 395 1948 464; x_wconf 76' lang='grc' dir='ltr'><em>ἄνδρα</em></span> 
     </span>
     <span class='ocr_line' id='line_1_3' title="bbox 646 469 1873 538; baseline 0.006 -16"><span class='ocrx_word' id='word_1_9' title='bbox 646 469 736 522; x_wconf 83' lang='grc' dir='ltr'>καὶ</span> <span class='ocrx_word' id='word_1_10' title='bbox 767 473 1010 524; x_wconf 81' lang='grc' dir='ltr'><em>σπανίων</em></span> <span class='ocrx_word' id='word_1_11' title='bbox 1046 477 1199 538; x_wconf 85' lang='grc' dir='ltr'><strong><em>μῖσος</em></strong></span> <span class='ocrx_word' id='word_1_12' title='bbox 1233 473 1504 538; x_wconf 84' lang='grc' dir='ltr'>κτώμενον</span> <span class='ocrx_word' id='word_1_13' title='bbox 1538 471 1594 526; x_wconf 79' lang='grc' dir='ltr'>ἐκ</span> <span class='ocrx_word' id='word_1_14' title='bbox 1627 475 1873 529; x_wconf 83' lang='grc' dir='ltr'><em>συνόδων</em></span> 
     </span>
     <span class='ocr_line' id='line_1_4' title="bbox 546 552 1863 621; baseline 0.005 -17"><span class='ocrx_word' id='word_1_15' title='bbox 546 553 716 614; x_wconf 85' lang='grc' dir='ltr'><em>πάσας</em></span> <span class='ocrx_word' id='word_1_16' title='bbox 751 552 885 621; x_wconf 81' lang='grc' dir='ltr'>ἀμφὶ</span> <span class='ocrx_word' id='word_1_17' title='bbox 919 558 1191 620; x_wconf 79' lang='grc' dir='ltr'><em>γυναῖκας,</em></span> <span class='ocrx_word' id='word_1_18' title='bbox 1226 553 1331 605; x_wconf 79' lang='grc' dir='ltr'>ὑπὸ</span> <span class='ocrx_word' id='word_1_19' title='bbox 1366 556 1599 606; x_wconf 81' lang='grc' dir='ltr'><strong><em>σκολιοῖο</em></strong></span> <span class='ocrx_word' id='word_1_20' title='bbox 1633 555 1863 610; x_wconf 80' lang='grc' dir='ltr'><em>τυπέντα</em></span> 
     </span>
     <span class='ocr_line' id='line_1_5' title="bbox 642 633 1872 701; baseline 0.004 -17"><span class='ocrx_word' id='word_1_21' title='bbox 642 633 818 699; x_wconf 82' lang='grc' dir='ltr'><strong><em>τόξου,</em></strong></span> <span class='ocrx_word' id='word_1_22' title='bbox 853 634 1164 701; x_wconf 82' lang='grc' dir='ltr'><em>νυκτερινὰς</em></span> <span class='ocrx_word' id='word_1_23' title='bbox 1197 635 1298 686; x_wconf 84' lang='grc' dir='ltr'>οὐκ</span> <span class='ocrx_word' id='word_1_24' title='bbox 1333 634 1596 686; x_wconf 75' lang='grc' dir='ltr'><strong><em>ἀποθέσθ’</em></strong></span> <span class='ocrx_word' id='word_1_25' title='bbox 1631 635 1872 700; x_wconf 81' lang='grc' dir='ltr'><em>ὀδύνας.’</em></span> 
     </span>
     <span class='ocr_line' id='line_1_6' title="bbox 417 713 2093 783; baseline 0.003 -19"><span class='ocrx_word' id='word_1_26' title='bbox 417 713 770 765; x_wconf 80' lang='lat' dir='ltr'>Hermesianax</span> <span class='ocrx_word' id='word_1_27' title='bbox 805 717 1138 781; x_wconf 75' lang='lat' dir='ltr'>Colophonius</span> <span class='ocrx_word' id='word_1_28' title='bbox 1173 734 1250 782; x_wconf 87' lang='lat' dir='ltr'>ap.</span> <span class='ocrx_word' id='word_1_29' title='bbox 1289 718 1466 766; x_wconf 84' lang='lat' dir='ltr'><strong>Athen.</strong></span> <span class='ocrx_word' id='word_1_30' title='bbox 1493 716 1620 765; x_wconf 89' lang='lat' dir='ltr'>Xlll.</span> <span class='ocrx_word' id='word_1_31' title='bbox 1644 734 1692 782; x_wconf 87' lang='lat' dir='ltr'>p.</span> <span class='ocrx_word' id='word_1_32' title='bbox 1723 718 2093 783; x_wconf 71' lang='lat' dir='ltr'>59⁴1.,-quibus-</span> 
     </span>
     <span class='ocr_line' id='line_1_7' title="bbox 416 796 2093 861; baseline 0.003 -18"><span class='ocrx_word' id='word_1_33' title='bbox 416 811 527 844; x_wconf 92' lang='lat' dir='ltr'>cum</span> <span class='ocrx_word' id='word_1_34' title='bbox 571 810 837 859; x_wconf 84' lang='lat' dir='ltr'>componas</span> <span class='ocrx_word' id='word_1_35' title='bbox 889 814 1014 861; x_wconf 87' lang='lat' dir='ltr'>quae</span> <span class='ocrx_word' id='word_1_36' title='bbox 1048 798 1312 861; x_wconf 76' lang='lat' dir='ltr'>Euripides</span> <span class='ocrx_word' id='word_1_37' title='bbox 1361 797 1469 860; x_wconf 89' lang='lat' dir='ltr'>ipse</span> <span class='ocrx_word' id='word_1_38' title='bbox 1520 796 1582 845; x_wconf 89' lang='lat' dir='ltr'>de</span> <span class='ocrx_word' id='word_1_39' title='bbox 1632 798 1811 847; x_wconf 84' lang='lat' dir='ltr'>invidia</span> <span class='ocrx_word' id='word_1_40' title='bbox 1844 799 2093 848; x_wconf 83' lang='lat' dir='ltr'>hominum</span> 
     </span>
     <span class='ocr_line' id='line_1_8' title="bbox 413 876 2094 940; baseline 0.003 -18"><span class='ocrx_word' id='word_1_41' title='bbox 413 876 752 924; x_wconf 80' lang='lat' dir='ltr'>abstrusorum</span> <span class='ocrx_word' id='word_1_42' title='bbox 788 883 936 940; x_wconf 85' lang='lat' dir='ltr'>atque</span> <span class='ocrx_word' id='word_1_43' title='bbox 971 877 1264 937; x_wconf 78' lang='lat' dir='ltr'>abditorum,</span> <span class='ocrx_word' id='word_1_44' title='bbox 1300 877 1438 939; x_wconf 84' lang='lat' dir='ltr'>quasi</span> <span class='ocrx_word' id='word_1_45' title='bbox 1473 877 1549 924; x_wconf 89' lang='lat' dir='ltr'>sui</span> <span class='ocrx_word' id='word_1_46' title='bbox 1585 877 1870 926; x_wconf 83' lang='lat' dir='ltr'>consolandi</span> <span class='ocrx_word' id='word_1_47' title='bbox 1905 894 2094 940; x_wconf 74' lang='lat' dir='ltr'>caussa,</span> 
     </span>
     <span class='ocr_line' id='line_1_9' title="bbox 414 953 2093 1024; baseline 0.003 -22"><span class='ocrx_word' id='word_1_48' title='bbox 414 953 606 1004; x_wconf 79' lang='lat' dir='ltr'>effatus</span> <span class='ocrx_word' id='word_1_49' title='bbox 631 961 707 1003; x_wconf 89' lang='lat' dir='ltr'>est</span> <span class='ocrx_word' id='word_1_50' title='bbox 744 956 789 1002; x_wconf 94' lang='lat' dir='ltr'>in</span> <span class='ocrx_word' id='word_1_51' title='bbox 825 955 962 1004; x_wconf 90' lang='lat' dir='ltr'>Med.</span> <span class='ocrx_word' id='word_1_52' title='bbox 999 972 1044 1003; x_wconf 86' lang='lat' dir='ltr'>v.</span> <span class='ocrx_word' id='word_1_53' title='bbox 1079 958 1388 1004; x_wconf 83' lang='lat'>214—221.</span> <span class='ocrx_word' id='word_1_54' title='bbox 1425 959 1838 1019; x_wconf 77' lang='lat' dir='ltr'>et293—298.,</span> <span class='ocrx_word' id='word_1_55' title='bbox 1871 958 1921 1007; x_wconf 87' lang='lat' dir='ltr'>iu</span> <span class='ocrx_word' id='word_1_56' title='bbox 1939 957 2093 1024; x_wconf 80' lang='lat' dir='ltr'>uipp.</span> 
     </span>
     <span class='ocr_line' id='line_1_10' title="bbox 414 1036 729 1083; baseline 0.006 -2"><span class='ocrx_word' id='word_1_57' title='bbox 414 1049 456 1081; x_wconf 88' lang='lat' dir='ltr'>v.</span> <span class='ocrx_word' id='word_1_58' title='bbox 491 1036 729 1083; x_wconf 79' lang='lat'><strong>91—93.</strong></span> 
     </span>
    </p>

    <p class='ocr_par' dir='ltr' id='par_1_3' title="bbox 413 1113 2094 3332">
     <span class='ocr_line' id='line_1_11' title="bbox 546 1113 2091 1181; baseline 0.002 -18"><span class='ocrx_word' id='word_1_59' title='bbox 546 1115 684 1163; x_wconf 88' lang='lat' dir='ltr'>Haec</span> <span class='ocrx_word' id='word_1_60' title='bbox 722 1113 971 1178; x_wconf 86' lang='lat' dir='ltr'>praefatus</span> <span class='ocrx_word' id='word_1_61' title='bbox 1008 1130 1115 1162; x_wconf 87' lang='lat' dir='ltr'>sum</span> <span class='ocrx_word' id='word_1_62' title='bbox 1152 1114 1421 1162; x_wconf 82' lang='lat' dir='ltr'><strong>Herculem</strong></span> <span class='ocrx_word' id='word_1_63' title='bbox 1457 1115 1702 1164; x_wconf 84' lang='lat' dir='ltr'>furentem</span> <span class='ocrx_word' id='word_1_64' title='bbox 1739 1116 2091 1181; x_wconf 79' lang='lat' dir='ltr'>explicaturus,</span> 
     </span>
     <span class='ocr_line' id='line_1_12' title="bbox 414 1194 2093 1261; baseline 0.002 -19"><span class='ocrx_word' id='word_1_65' title='bbox 414 1210 511 1258; x_wconf 82' lang='lat' dir='ltr'>quo</span> <span class='ocrx_word' id='word_1_66' title='bbox 553 1195 731 1242; x_wconf 87' lang='lat' dir='ltr'>summi</span> <span class='ocrx_word' id='word_1_67' title='bbox 766 1194 944 1243; x_wconf 88' lang='lat' dir='ltr'>heroes</span> <span class='ocrx_word' id='word_1_68' title='bbox 983 1194 1229 1243; x_wconf 88' lang='lat' dir='ltr'>Hercules</span> <span class='ocrx_word' id='word_1_69' title='bbox 1266 1196 1414 1258; x_wconf 84' lang='lat' dir='ltr'>atque</span> <span class='ocrx_word' id='word_1_70' title='bbox 1451 1194 1678 1243; x_wconf 86' lang='lat' dir='ltr'>Theseus</span> <span class='ocrx_word' id='word_1_71' title='bbox 1714 1196 1864 1244; x_wconf 85' lang='lat' dir='ltr'>iidem</span> <span class='ocrx_word' id='word_1_72' title='bbox 1896 1197 2093 1261; x_wconf 83' lang='lat' dir='ltr'>sapien·</span> 
     </span>
     <span class='ocr_line' id='line_1_13' title="bbox 414 1274 2094 1340; baseline 0.002 -18"><span class='ocrx_word' id='word_1_73' title='bbox 414 1274 590 1323; x_wconf 88' lang='lat' dir='ltr'>tissimi</span> <span class='ocrx_word' id='word_1_74' title='bbox 622 1274 847 1321; x_wconf 86' lang='lat' dir='ltr'>homines</span> <span class='ocrx_word' id='word_1_75' title='bbox 871 1280 1321 1338; x_wconf 72' lang='lat' dir='ltr'>repraesentantur,</span> <span class='ocrx_word' id='word_1_76' title='bbox 1342 1274 1441 1337; x_wconf 75' lang='lat' dir='ltr'>qui,</span> <span class='ocrx_word' id='word_1_77' title='bbox 1466 1291 1613 1337; x_wconf 91' lang='lat' dir='ltr'>quum</span> <span class='ocrx_word' id='word_1_78' title='bbox 1640 1282 1906 1340; x_wconf 78' lang='lat' dir='ltr'><strong>purgarent</strong></span> <span class='ocrx_word' id='word_1_79' title='bbox 1921 1276 2094 1325; x_wconf 85' lang='lat' dir='ltr'>orbem</span> 
     </span>
     <span class='ocr_line' id='line_1_14' title="bbox 414 1354 2093 1419; baseline 0.002 -19"><span class='ocrx_word' id='word_1_80' title='bbox 414 1354 768 1417; x_wconf 89' lang='lat' dir='ltr'>vincerentque</span> <span class='ocrx_word' id='word_1_81' title='bbox 802 1369 989 1412; x_wconf 89' lang='lat' dir='ltr'>orcum,</span> <span class='ocrx_word' id='word_1_82' title='bbox 1028 1355 1173 1402; x_wconf 87' lang='lat' dir='ltr'>simul</span> <span class='ocrx_word' id='word_1_83' title='bbox 1210 1370 1263 1401; x_wconf 87' lang='lat' dir='ltr'>se</span> <span class='ocrx_word' id='word_1_84' title='bbox 1300 1354 1499 1403; x_wconf 64' lang='lat' dir='ltr'>iincere</span> <span class='ocrx_word' id='word_1_85' title='bbox 1533 1361 1681 1419; x_wconf 87' lang='lat' dir='ltr'>atque</span> <span class='ocrx_word' id='word_1_86' title='bbox 1705 1355 1937 1404; x_wconf 79' lang='lat' dir='ltr'>vitiorum</span> <span class='ocrx_word' id='word_1_87' title='bbox 1959 1371 2093 1404; x_wconf 69' lang='lat' dir='ltr'>⁴mor-</span> 
     </span>
     <span class='ocr_line' id='line_1_15' title="bbox 415 1434 2092 1499; baseline 0.001 -19"><span class='ocrx_word' id='word_1_88' title='bbox 415 1435 487 1482; x_wconf 90' lang='lat' dir='ltr'>bis</span> <span class='ocrx_word' id='word_1_89' title='bbox 537 1435 747 1482; x_wconf 89' lang='lat' dir='ltr'>animum</span> <span class='ocrx_word' id='word_1_90' title='bbox 787 1449 1000 1496; x_wconf 82' lang='lat' dir='ltr'>purgare</span> <span class='ocrx_word' id='word_1_91' title='bbox 1037 1434 1339 1482; x_wconf 86' lang='lat' dir='ltr'>didicerunt:</span> <span class='ocrx_word' id='word_1_92' title='bbox 1393 1435 1532 1482; x_wconf 90' lang='lat' dir='ltr'>cuius</span> <span class='ocrx_word' id='word_1_93' title='bbox 1580 1435 1852 1499; x_wconf 80' lang='lat' dir='ltr'>sapientiae</span> <span class='ocrx_word' id='word_1_94' title='bbox 1897 1435 2092 1484; x_wconf 83' lang='lat' dir='ltr'>fructus</span> 
     </span>
     <span class='ocr_line' id='line_1_16' title="bbox 413 1512 2092 1579; baseline 0 -17"><span class='ocrx_word' id='word_1_95' title='bbox 413 1514 495 1562; x_wconf 88' lang='lat' dir='ltr'>hic</span> <span class='ocrx_word' id='word_1_96' title='bbox 518 1520 612 1573; x_wconf 70' lang='lat' dir='ltr'>est,</span> <span class='ocrx_word' id='word_1_97' title='bbox 650 1512 780 1576; x_wconf 86' lang='lat' dir='ltr'>quod</span> <span class='ocrx_word' id='word_1_98' title='bbox 814 1514 1009 1560; x_wconf 85' lang='lat' dir='ltr'>immani</span> <span class='ocrx_word' id='word_1_99' title='bbox 1046 1512 1246 1578; x_wconf 88' lang='lat' dir='ltr'>clade*)</span> <span class='ocrx_word' id='word_1_100' title='bbox 1284 1521 1561 1576; x_wconf 85' lang='lat' dir='ltr'>prostratus</span> <span class='ocrx_word' id='word_1_101' title='bbox 1596 1514 1841 1563; x_wconf 88' lang='lat' dir='ltr'>Hercules</span> <span class='ocrx_word' id='word_1_102' title='bbox 1875 1515 2092 1579; x_wconf 77' lang='lat' dir='ltr'>aegritu-</span> 
     </span>
     <span class='ocr_line' id='line_1_17' title="bbox 413 1593 2089 1657; baseline 0.001 -15"><span class='ocrx_word' id='word_1_103' title='bbox 413 1594 530 1642; x_wconf 85' lang='lat' dir='ltr'><strong>dine</strong></span> <span class='ocrx_word' id='word_1_104' title='bbox 565 1608 659 1640; x_wconf 92' lang='lat' dir='ltr'>non</span> <span class='ocrx_word' id='word_1_105' title='bbox 695 1593 1008 1657; x_wconf 68' lang='lat' dir='ltr'>opprimitur,</span> <span class='ocrx_word' id='word_1_106' title='bbox 1046 1594 1134 1641; x_wconf 86' lang='lat' dir='ltr'>sed</span> <span class='ocrx_word' id='word_1_107' title='bbox 1172 1593 1453 1641; x_wconf 85' lang='lat' dir='ltr'>sublevatus</span> <span class='ocrx_word' id='word_1_108' title='bbox 1489 1594 1634 1642; x_wconf 88' lang='lat' dir='ltr'>amici</span> <span class='ocrx_word' id='word_1_109' title='bbox 1671 1594 1847 1643; x_wconf 83' lang='lat' dir='ltr'>solatio</span> <span class='ocrx_word' id='word_1_110' title='bbox 1883 1594 1943 1642; x_wconf 87' lang='lat' dir='ltr'>ad</span> <span class='ocrx_word' id='word_1_111' title='bbox 1971 1609 2089 1644; x_wconf 85' lang='lat' dir='ltr'>con-</span> 
     </span>
     <span class='ocr_line' id='line_1_18' title="bbox 415 1672 2093 1734; baseline 0.001 -14"><span class='ocrx_word' id='word_1_112' title='bbox 415 1678 566 1720; x_wconf 87' lang='lat' dir='ltr'>sueta·</span> <span class='ocrx_word' id='word_1_113' title='bbox 591 1673 785 1734; x_wconf 86' lang='lat' dir='ltr'>negotia</span> <span class='ocrx_word' id='word_1_114' title='bbox 829 1674 1059 1721; x_wconf 87' lang='lat' dir='ltr'>continuo</span> <span class='ocrx_word' id='word_1_115' title='bbox 1094 1672 1241 1720; x_wconf 88' lang='lat' dir='ltr'>redit.</span> <span class='ocrx_word' id='word_1_116' title='bbox 1314 1673 1698 1721; x_wconf 81' lang='lat' dir='ltr'>Infortuniorum</span> <span class='ocrx_word' id='word_1_117' title='bbox 1735 1674 1952 1722; x_wconf 89' lang='lat' dir='ltr'>omnium</span> <span class='ocrx_word' id='word_1_118' title='bbox 1988 1690 2093 1722; x_wconf 86' lang='lat' dir='ltr'>ma-</span> 
     </span>
     <span class='ocr_line' id='line_1_19' title="bbox 414 1752 2091 1817; baseline 0.001 -17"><span class='ocrx_word' id='word_1_119' title='bbox 414 1753 597 1801; x_wconf 84' lang='lat' dir='ltr'>ximum</span> <span class='ocrx_word' id='word_1_120' title='bbox 634 1757 713 1799; x_wconf 87' lang='lat' dir='ltr'>est</span> <span class='ocrx_word' id='word_1_121' title='bbox 748 1752 1019 1799; x_wconf 84' lang='lat' dir='ltr'>sceleribus</span> <span class='ocrx_word' id='word_1_122' title='bbox 1054 1752 1366 1799; x_wconf 84' lang='lat' dir='ltr'><strong>innocentem</strong></span> <span class='ocrx_word' id='word_1_123' title='bbox 1405 1753 1556 1815; x_wconf 92' lang='lat' dir='ltr'>pollui</span> <span class='ocrx_word' id='word_1_124' title='bbox 1592 1756 1649 1801; x_wconf 90' lang='lat' dir='ltr'>ac</span> <span class='ocrx_word' id='word_1_125' title='bbox 1683 1754 1954 1817; x_wconf 85' lang='lat' dir='ltr'>perniciem</span> <span class='ocrx_word' id='word_1_126' title='bbox 1988 1753 2091 1802; x_wconf 83' lang='lat' dir='ltr'>suis</span> 
     </span>
     <span class='ocr_line' id='line_1_20' title="bbox 413 1831 2091 1894; baseline 0.001 -13"><span class='ocrx_word' id='word_1_127' title='bbox 413 1833 615 1881; x_wconf 80' lang='lat' dir='ltr'>invitum</span> <span class='ocrx_word' id='word_1_128' title='bbox 650 1831 866 1879; x_wconf 81' lang='lat' dir='ltr'>inferre:</span> <span class='ocrx_word' id='word_1_129' title='bbox 902 1831 950 1878; x_wconf 89' lang='lat' dir='ltr'>id</span> <span class='ocrx_word' id='word_1_130' title='bbox 989 1832 1119 1894; x_wconf 87' lang='lat' dir='ltr'>quod</span> <span class='ocrx_word' id='word_1_131' title='bbox 1157 1831 1347 1879; x_wconf 86' lang='lat' dir='ltr'>duobus</span> <span class='ocrx_word' id='word_1_132' title='bbox 1383 1831 1635 1880; x_wconf 89' lang='lat' dir='ltr'>hominum</span> <span class='ocrx_word' id='word_1_133' title='bbox 1670 1833 1914 1881; x_wconf 88' lang='lat' dir='ltr'>accidisse</span> <span class='ocrx_word' id='word_1_134' title='bbox 1947 1849 2091 1882; x_wconf 86' lang='lat' dir='ltr'>acce-</span> 
     </span>
     <span class='ocr_line' id='line_1_21' title="bbox 414 1909 2093 1978; baseline 0 -18"><span class='ocrx_word' id='word_1_135' title='bbox 414 1913 603 1976; x_wconf 85' lang='lat' dir='ltr'>pimus,</span> <span class='ocrx_word' id='word_1_136' title='bbox 649 1909 845 1974; x_wconf 88' lang='lat' dir='ltr'>Oedipo</span> <span class='ocrx_word' id='word_1_137' title='bbox 881 1918 1030 1974; x_wconf 87' lang='lat' dir='ltr'>atque</span> <span class='ocrx_word' id='word_1_138' title='bbox 1066 1911 1300 1969; x_wconf 87' lang='lat' dir='ltr'>Herculi,</span> <span class='ocrx_word' id='word_1_139' title='bbox 1362 1927 1571 1974; x_wconf 87' lang='lat' dir='ltr'>quorum</span> <span class='ocrx_word' id='word_1_140' title='bbox 1619 1917 1792 1960; x_wconf 90' lang='lat' dir='ltr'>neuter</span> <span class='ocrx_word' id='word_1_141' title='bbox 1824 1912 1954 1978; x_wconf 86' lang='lat' dir='ltr'>apud</span> <span class='ocrx_word' id='word_1_142' title='bbox 1990 1913 2093 1960; x_wconf 85' lang='lat' dir='ltr'>Eu-</span> 
     </span>
     <span class='ocr_line' id='line_1_22' title="bbox 413 1991 2091 2058; baseline 0 -17"><span class='ocrx_word' id='word_1_143' title='bbox 413 1992 626 2058; x_wconf 84' lang='lat' dir='ltr'>ripidem</span> <span class='ocrx_word' id='word_1_144' title='bbox 679 1998 888 2038; x_wconf 88' lang='lat' dir='ltr'>mortem</span> <span class='ocrx_word' id='word_1_145' title='bbox 938 1992 1031 2040; x_wconf 88' lang='lat' dir='ltr'>sibi</span> <span class='ocrx_word' id='word_1_146' title='bbox 1081 1991 1371 2050; x_wconf 81' lang='lat' dir='ltr'>consciscit,</span> <span class='ocrx_word' id='word_1_147' title='bbox 1424 2007 1574 2053; x_wconf 89' lang='lat' dir='ltr'>quum</span> <span class='ocrx_word' id='word_1_148' title='bbox 1623 1992 1746 2039; x_wconf 83' lang='lat' dir='ltr'>Aiax</span> <span class='ocrx_word' id='word_1_149' title='bbox 1782 1991 2091 2055; x_wconf 89' lang='lat' dir='ltr'>Sophocleus</span> 
     </span>
     <span class='ocr_line' id='line_1_23' title="bbox 415 2070 2091 2135; baseline -0.002 -13"><span class='ocrx_word' id='word_1_150' title='bbox 415 2073 588 2122; x_wconf 85' lang='lat' dir='ltr'>ovibus</span> <span class='ocrx_word' id='word_1_151' title='bbox 638 2087 729 2135; x_wconf 87' lang='lat' dir='ltr'>per</span> <span class='ocrx_word' id='word_1_152' title='bbox 775 2070 1009 2118; x_wconf 83' lang='lat' dir='ltr'>insaniam</span> <span class='ocrx_word' id='word_1_153' title='bbox 1059 2070 1237 2118; x_wconf 86' lang='lat' dir='ltr'>occisis</span> <span class='ocrx_word' id='word_1_154' title='bbox 1273 2070 1366 2117; x_wconf 80' lang='lat' dir='ltr'>vita</span> <span class='ocrx_word' id='word_1_155' title='bbox 1402 2070 1492 2118; x_wconf 87' lang='lat' dir='ltr'>sibi</span> <span class='ocrx_word' id='word_1_156' title='bbox 1528 2071 1791 2120; x_wconf 83' lang='lat' dir='ltr'>carendum</span> <span class='ocrx_word' id='word_1_157' title='bbox 1824 2087 1940 2120; x_wconf 84' lang='lat' dir='ltr'>esse</span> <span class='ocrx_word' id='word_1_158' title='bbox 1975 2086 2091 2119; x_wconf 90' lang='lat' dir='ltr'>cen-</span> 
     </span>
     <span class='ocr_line' id='line_1_24' title="bbox 415 2149 2093 2214; baseline -0.002 -12"><span class='ocrx_word' id='word_1_159' title='bbox 415 2158 534 2202; x_wconf 89' lang='lat' dir='ltr'>seat.</span> <span class='ocrx_word' id='word_1_160' title='bbox 603 2150 1017 2199; x_wconf 84' lang='lat' dir='ltr'>Gravissimarum</span> <span class='ocrx_word' id='word_1_161' title='bbox 1052 2150 1405 2198; x_wconf 85' lang='lat' dir='ltr'>sententiarum</span> <span class='ocrx_word' id='word_1_162' title='bbox 1447 2149 1645 2213; x_wconf 89' lang='lat' dir='ltr'>plenum</span> <span class='ocrx_word' id='word_1_163' title='bbox 1681 2156 1761 2198; x_wconf 88' lang='lat' dir='ltr'>est</span> <span class='ocrx_word' id='word_1_164' title='bbox 1794 2151 2093 2214; x_wconf 86' lang='lat' dir='ltr'>colloquium</span> 
     </span>
     <span class='ocr_line' id='line_1_25' title="bbox 414 2229 2092 2294; baseline -0.002 -13"><span class='ocrx_word' id='word_1_165' title='bbox 414 2231 647 2282; x_wconf 90' lang='lat' dir='ltr'>Herculis</span> <span class='ocrx_word' id='word_1_166' title='bbox 694 2238 844 2294; x_wconf 88' lang='lat' dir='ltr'>atque</span> <span class='ocrx_word' id='word_1_167' title='bbox 887 2229 1074 2278; x_wconf 84' lang='lat' dir='ltr'>Thesei</span> <span class='ocrx_word' id='word_1_168' title='bbox 1122 2230 1184 2278; x_wconf 92' lang='lat' dir='ltr'>de</span> <span class='ocrx_word' id='word_1_169' title='bbox 1232 2230 1403 2277; x_wconf 86' lang='lat' dir='ltr'>mortis</span> <span class='ocrx_word' id='word_1_170' title='bbox 1453 2231 1750 2278; x_wconf 82' lang='lat' dir='ltr'>voluntariae</span> <span class='ocrx_word' id='word_1_171' title='bbox 1795 2231 2092 2279; x_wconf 68' lang='lat' dir='ltr'>necessitate</span> 
     </span>
     <span class='ocr_line' id='line_1_26' title="bbox 415 2310 2092 2374; baseline -0.004 -12"><span class='ocrx_word' id='word_1_172' title='bbox 415 2314 667 2363; x_wconf 83' lang='lat' dir='ltr'>habitum:</span> <span class='ocrx_word' id='word_1_173' title='bbox 720 2326 934 2374; x_wconf 88' lang='lat' dir='ltr'>quocum</span> <span class='ocrx_word' id='word_1_174' title='bbox 979 2312 1020 2358; x_wconf 88' lang='lat' dir='ltr'>si</span> <span class='ocrx_word' id='word_1_175' title='bbox 1066 2310 1406 2374; x_wconf 87' lang='lat' dir='ltr'>composueris</span> <span class='ocrx_word' id='word_1_176' title='bbox 1455 2325 1582 2372; x_wconf 82' lang='lat' dir='ltr'>quae</span> <span class='ocrx_word' id='word_1_177' title='bbox 1628 2325 1779 2373; x_wconf 88' lang='lat' dir='ltr'>super</span> <span class='ocrx_word' id='word_1_178' title='bbox 1823 2310 1997 2358; x_wconf 86' lang='lat' dir='ltr'>eadem</span> <span class='ocrx_word' id='word_1_179' title='bbox 2036 2325 2092 2357; x_wconf 87' lang='lat' dir='ltr'>re</span> 
     </span>
     <span class='ocr_line' id='line_1_27' title="bbox 417 2388 2093 2452; baseline -0.004 -10"><span class='ocrx_word' id='word_1_180' title='bbox 417 2392 571 2442; x_wconf 84' lang='lat' dir='ltr'>Cesar</span> <span class='ocrx_word' id='word_1_181' title='bbox 618 2390 968 2438; x_wconf 85' lang='lat' dir='ltr'>Schillerianus</span> <span class='ocrx_word' id='word_1_182' title='bbox 1019 2406 1128 2438; x_wconf 92' lang='lat' dir='ltr'>cum</span> <span class='ocrx_word' id='word_1_183' title='bbox 1179 2391 1330 2437; x_wconf 82' lang='lat' dir='ltr'>choro</span> <span class='ocrx_word' id='word_1_184' title='bbox 1365 2389 1610 2452; x_wconf 78' lang='lat' dir='ltr'>disputat,</span> <span class='ocrx_word' id='word_1_185' title='bbox 1660 2388 1726 2437; x_wconf 89' lang='lat' dir='ltr'>nil</span> <span class='ocrx_word' id='word_1_186' title='bbox 1760 2389 1870 2438; x_wconf 80' lang='lat' dir='ltr'>fere</span> <span class='ocrx_word' id='word_1_187' title='bbox 1904 2405 2093 2448; x_wconf 85' lang='lat' dir='ltr'>eorum,</span> 
     </span>
     <span class='ocr_line' id='line_1_28' title="bbox 416 2467 2091 2538; baseline -0.002 -18"><span class='ocrx_word' id='word_1_188' title='bbox 416 2489 542 2538; x_wconf 86' lang='lat' dir='ltr'>quae</span> <span class='ocrx_word' id='word_1_189' title='bbox 576 2472 625 2519; x_wconf 90' lang='lat' dir='ltr'>in</span> <span class='ocrx_word' id='word_1_190' title='bbox 660 2468 902 2518; x_wconf 86' lang='lat' dir='ltr'>eiusmodi</span> <span class='ocrx_word' id='word_1_191' title='bbox 931 2470 1119 2518; x_wconf 81' lang='lat' dir='ltr'>caussis</span> <span class='ocrx_word' id='word_1_192' title='bbox 1141 2475 1254 2532; x_wconf 85' lang='lat' dir='ltr'>apte</span> <span class='ocrx_word' id='word_1_193' title='bbox 1281 2470 1593 2532; x_wconf 73' lang='lat' dir='ltr'>graviterque</span> <span class='ocrx_word' id='word_1_194' title='bbox 1618 2469 1715 2517; x_wconf 85' lang='lat' dir='ltr'>dici</span> <span class='ocrx_word' id='word_1_195' title='bbox 1741 2474 1968 2532; x_wconf 86' lang='lat' dir='ltr'>possunt,</span> <span class='ocrx_word' id='word_1_196' title='bbox 2004 2467 2091 2516; x_wconf 87' lang='lat' dir='ltr'>de—</span> 
     </span>
     <span class='ocr_line' id='line_1_29' title="bbox 417 2547 2092 2612; baseline -0.004 -11"><span class='ocrx_word' id='word_1_197' title='bbox 417 2552 670 2602; x_wconf 87' lang='lat' dir='ltr'>siderabis.</span> <span class='ocrx_word' id='word_1_198' title='bbox 741 2547 926 2596; x_wconf 88' lang='lat' dir='ltr'>Caussa</span> <span class='ocrx_word' id='word_1_199' title='bbox 962 2549 1228 2607; x_wconf 83' lang='lat' dir='ltr'>malorum,</span> <span class='ocrx_word' id='word_1_200' title='bbox 1275 2549 1450 2611; x_wconf 87' lang='lat' dir='ltr'>quibus</span> <span class='ocrx_word' id='word_1_201' title='bbox 1493 2548 1737 2596; x_wconf 88' lang='lat' dir='ltr'>Hercules</span> <span class='ocrx_word' id='word_1_202' title='bbox 1781 2547 2092 2612; x_wconf 85' lang='lat' dir='ltr'>iniquissime</span> 
     </span>
     <span class='ocr_line' id='line_1_30' title="bbox 418 2626 2092 2694; baseline -0.004 -13"><span class='ocrx_word' id='word_1_203' title='bbox 418 2633 680 2690; x_wconf 73' lang='lat' dir='ltr'>cruciatur,</span> <span class='ocrx_word' id='word_1_204' title='bbox 717 2628 916 2676; x_wconf 83' lang='lat' dir='ltr'>saevitia</span> <span class='ocrx_word' id='word_1_205' title='bbox 949 2628 1154 2694; x_wconf 82' lang='lat' dir='ltr'>fingitur</span> <span class='ocrx_word' id='word_1_206' title='bbox 1189 2644 1301 2676; x_wconf 88' lang='lat' dir='ltr'>esse</span> <span class='ocrx_word' id='word_1_207' title='bbox 1337 2629 1541 2676; x_wconf 86' lang='lat' dir='ltr'>deorum</span> <span class='ocrx_word' id='word_1_208' title='bbox 1561 2663 1574 2685; x_wconf 92' lang='lat'><strong>,</strong></span> <span class='ocrx_word' id='word_1_209' title='bbox 1613 2631 1664 2676; x_wconf 89' lang='lat' dir='ltr'>et</span> <span class='ocrx_word' id='word_1_210' title='bbox 1697 2627 1816 2675; x_wconf 68' lang='lat' dir='ltr'>lusio</span> <span class='ocrx_word' id='word_1_211' title='bbox 1847 2626 2092 2690; x_wconf 82' lang='lat' dir='ltr'>imprimis</span> 
     </span>
     <span class='ocr_line' id='line_1_31' title="bbox 417 2707 2092 2771; baseline -0.003 -11"><span class='ocrx_word' id='word_1_212' title='bbox 417 2711 706 2760; x_wconf 85' lang='lat' dir='ltr'>iniuriarum</span> <span class='ocrx_word' id='word_1_213' title='bbox 734 2725 818 2758; x_wconf 88' lang='lat' dir='ltr'>rea</span> <span class='ocrx_word' id='word_1_214' title='bbox 844 2714 935 2756; x_wconf 85' lang='lat' dir='ltr'>est.</span> <span class='ocrx_word' id='word_1_215' title='bbox 985 2709 1085 2757; x_wconf 88' lang='lat' dir='ltr'>Sed</span> <span class='ocrx_word' id='word_1_216' title='bbox 1109 2709 1278 2765; x_wconf 83' lang='lat' dir='ltr'>iidem,</span> <span class='ocrx_word' id='word_1_217' title='bbox 1315 2708 1398 2770; x_wconf 89' lang='lat' dir='ltr'>qui</span> <span class='ocrx_word' id='word_1_218' title='bbox 1425 2711 1670 2764; x_wconf 79' lang='lat' dir='ltr'>accusant,</span> <span class='ocrx_word' id='word_1_219' title='bbox 1704 2707 1983 2771; x_wconf 88' lang='lat' dir='ltr'>opinionem</span> <span class='ocrx_word' id='word_1_220' title='bbox 2011 2723 2092 2755; x_wconf 86' lang='lat' dir='ltr'>na·</span> 
     </span>
     <span class='ocr_line' id='line_1_32' title="bbox 417 2786 2091 2852; baseline -0.004 -11"><span class='ocrx_word' id='word_1_221' title='bbox 417 2798 524 2841; x_wconf 86' lang='lat' dir='ltr'>tura</span> <span class='ocrx_word' id='word_1_222' title='bbox 547 2791 799 2839; x_wconf 90' lang='lat' dir='ltr'>numinum</span> <span class='ocrx_word' id='word_1_223' title='bbox 834 2788 1105 2836; x_wconf 87' lang='lat' dir='ltr'>divinorum</span> <span class='ocrx_word' id='word_1_224' title='bbox 1133 2788 1378 2852; x_wconf 82' lang='lat' dir='ltr'>indignam</span> <span class='ocrx_word' id='word_1_225' title='bbox 1400 2791 1654 2850; x_wconf 88' lang='lat' dir='ltr'>spernunt,</span> <span class='ocrx_word' id='word_1_226' title='bbox 1690 2786 1824 2834; x_wconf 83' lang='lat' dir='ltr'>velut</span> <span class='ocrx_word' id='word_1_227' title='bbox 1846 2786 2091 2835; x_wconf 76' lang='lat' dir='ltr'>Hercules</span> 
     </span>
     <span class='ocr_line' id='line_1_33' title="bbox 417 2864 2091 2936; baseline -0.003 -18"><span class='ocrx_word' id='word_1_228' title='bbox 417 2887 463 2919; x_wconf 86' lang='lat' dir='ltr'>v.</span> <span class='ocrx_word' id='word_1_229' title='bbox 498 2873 654 2918; x_wconf 74' lang='lat'>1307:</span> <span class='ocrx_word' id='word_1_230' title='bbox 687 2867 904 2933; x_wconf 82' lang='grc' dir='ltr'><strong><em>τοιαύτῃ</em></strong></span> <span class='ocrx_word' id='word_1_231' title='bbox 938 2868 1048 2936; x_wconf 78' lang='grc' dir='ltr'>θεῷ</span> <span class='ocrx_word' id='word_1_232' title='bbox 1081 2866 1159 2926; x_wconf 84' lang='grc' dir='ltr'>τίς</span> <span class='ocrx_word' id='word_1_233' title='bbox 1194 2865 1260 2915; x_wconf 78' lang='grc' dir='ltr'>ἂν</span> <span class='ocrx_word' id='word_1_234' title='bbox 1294 2864 1661 2930; x_wconf 73' lang='grc' dir='ltr'><strong><em>προςεύχοιτος</em></strong></span> <span class='ocrx_word' id='word_1_235' title='bbox 1709 2871 1762 2914; x_wconf 87' lang='lat' dir='ltr'>et</span> <span class='ocrx_word' id='word_1_236' title='bbox 1799 2866 2091 2930; x_wconf 75' lang='lat' dir='ltr'>Amphitruo</span> 
     </span>
     <span class='ocr_line' id='line_1_34' title="bbox 417 2941 2090 3014; baseline -0.004 -16"><span class='ocrx_word' id='word_1_237' title='bbox 417 2967 461 3000; x_wconf 87' lang='lat' dir='ltr'>v.</span> <span class='ocrx_word' id='word_1_238' title='bbox 489 2952 612 2998; x_wconf 74' lang='lat'>347:</span> <span class='ocrx_word' id='word_1_239' title='bbox 648 2947 862 3014; x_wconf 76' lang='grc' dir='ltr'><strong><em>ἀμαθής</em></strong></span> <span class='ocrx_word' id='word_1_240' title='bbox 896 2965 974 3008; x_wconf 81' lang='grc' dir='ltr'>τις</span> <span class='ocrx_word' id='word_1_241' title='bbox 1009 2942 1058 2998; x_wconf 80' lang='grc' dir='ltr'>εἷ</span> <span class='ocrx_word' id='word_1_242' title='bbox 1085 2947 1211 3007; x_wconf 79' lang='grc' dir='ltr'><strong><em>θεὸς</em></strong></span> <span class='ocrx_word' id='word_1_243' title='bbox 1243 2945 1276 3013; x_wconf 87' lang='grc' dir='ltr'>ἢ</span> <span class='ocrx_word' id='word_1_244' title='bbox 1314 2946 1516 3006; x_wconf 82' lang='grc' dir='ltr'><strong><em>δίκαιος</em></strong></span> <span class='ocrx_word' id='word_1_245' title='bbox 1543 2945 1641 2996; x_wconf 82' lang='grc' dir='ltr'>οὐκ</span> <span class='ocrx_word' id='word_1_246' title='bbox 1670 2941 1817 3009; x_wconf 81' lang='grc' dir='ltr'><em>ἔφυς.</em></span> <span class='ocrx_word' id='word_1_247' title='bbox 1866 2947 1943 2995; x_wconf 82' lang='lat' dir='ltr'>Ex</span> <span class='ocrx_word' id='word_1_248' title='bbox 1981 2944 2090 3008; x_wconf 84' lang='lat' dir='ltr'>qui-</span> 
     </span>
     <span class='ocr_line' id='line_1_35' title="bbox 417 3023 2091 3088; baseline -0.005 -8"><span class='ocrx_word' id='word_1_249' title='bbox 417 3032 509 3080; x_wconf 74' lang='lat' dir='ltr'>bus</span> <span class='ocrx_word' id='word_1_250' title='bbox 545 3029 906 3078; x_wconf 81' lang='lat' dir='ltr'>simulationem</span> <span class='ocrx_word' id='word_1_251' title='bbox 947 3029 1186 3077; x_wconf 82' lang='lat' dir='ltr'>eiusmodi</span> <span class='ocrx_word' id='word_1_252' title='bbox 1222 3028 1614 3076; x_wconf 88' lang='lat' dir='ltr'>accusationibus</span> <span class='ocrx_word' id='word_1_253' title='bbox 1640 3027 1803 3075; x_wconf 86' lang='lat' dir='ltr'>inesse</span> <span class='ocrx_word' id='word_1_254' title='bbox 1828 3029 1977 3088; x_wconf 81' lang='lat' dir='ltr'>patet.</span> <span class='ocrx_word' id='word_1_255' title='bbox 2022 3023 2091 3071; x_wconf 75' lang='lat' dir='ltr'>Et</span> 
     </span>
     <span class='ocr_line' id='line_1_36' title="bbox 416 3102 2090 3174; baseline -0.002 -17"><span class='ocrx_word' id='word_1_256' title='bbox 416 3109 624 3170; x_wconf 84' lang='lat' dir='ltr'>veriora,</span> <span class='ocrx_word' id='word_1_257' title='bbox 662 3110 843 3174; x_wconf 86' lang='lat' dir='ltr'>spretis</span> <span class='ocrx_word' id='word_1_258' title='bbox 877 3109 1127 3157; x_wconf 88' lang='lat' dir='ltr'>vilissimis</span> <span class='ocrx_word' id='word_1_259' title='bbox 1162 3117 1418 3172; x_wconf 82' lang='lat' dir='ltr'>poetarum</span> <span class='ocrx_word' id='word_1_260' title='bbox 1453 3107 1631 3155; x_wconf 85' lang='lat' dir='ltr'>fabulis</span> <span class='ocrx_word' id='word_1_261' title='bbox 1656 3103 1880 3171; x_wconf 75' lang='grc' dir='ltr'>(ἀοιδῶν</span> <span class='ocrx_word' id='word_1_262' title='bbox 1905 3102 2090 3168; x_wconf 79' lang='grc' dir='ltr'><em>δύστη·</em></span> 
     </span>
     <span class='ocr_line' id='line_1_37' title="bbox 417 3185 2090 3253; baseline -0.005 -13"><span class='ocrx_word' id='word_1_263' title='bbox 417 3206 504 3240; x_wconf 82' lang='grc' dir='ltr'>νοι</span> <span class='ocrx_word' id='word_1_264' title='bbox 535 3186 725 3253; x_wconf 81' lang='grc' dir='ltr'><strong><em>λόγοι),</em></strong></span> <span class='ocrx_word' id='word_1_265' title='bbox 761 3205 833 3237; x_wconf 89' lang='lat' dir='ltr'>vv.</span> <span class='ocrx_word' id='word_1_266' title='bbox 852 3190 1215 3237; x_wconf 74' lang='lat'><strong>1:341—1346.</strong></span> <span class='ocrx_word' id='word_1_267' title='bbox 1251 3189 1580 3236; x_wconf 84' lang='lat' dir='ltr'>declarantur.</span> <span class='ocrx_word' id='word_1_268' title='bbox 1650 3189 1870 3251; x_wconf 84' lang='lat' dir='ltr'>Apparet</span> <span class='ocrx_word' id='word_1_269' title='bbox 1902 3185 2090 3234; x_wconf 87' lang='lat' dir='ltr'>iustitia</span> 
     </span>
     <span class='ocr_line' id='line_1_38' title="bbox 415 3264 2089 3332; baseline -0.003 -15"><span class='ocrx_word' id='word_1_270' title='bbox 415 3270 466 3319; x_wconf 89' lang='lat' dir='ltr'>in</span> <span class='ocrx_word' id='word_1_271' title='bbox 499 3284 666 3318; x_wconf 86' lang='lat' dir='ltr'>rerum</span> <span class='ocrx_word' id='word_1_272' title='bbox 699 3269 1022 3317; x_wconf 86' lang='lat' dir='ltr'>humanarum</span> <span class='ocrx_word' id='word_1_273' title='bbox 1057 3268 1490 3327; x_wconf 75' lang='lat' dir='ltr'>administratione,</span> <span class='ocrx_word' id='word_1_274' title='bbox 1535 3267 1586 3314; x_wconf 90' lang='lat' dir='ltr'>id</span> <span class='ocrx_word' id='word_1_275' title='bbox 1619 3265 1766 3329; x_wconf 84' lang='lat' dir='ltr'>quod,</span> <span class='ocrx_word' id='word_1_276' title='bbox 1798 3264 2089 3332; x_wconf 84' lang='lat' dir='ltr'>negantibus</span> 
     </span>
    </p>
   </div>
   <div class='ocr_carea' id='block_1_3' title="bbox 472 3427 1694 3490">
    <p class='ocr_par' dir='ltr' id='par_1_4' title="bbox 472 3427 1694 3490">
     <span class='ocr_line' id='line_1_39' title="bbox 472 3427 1694 3490; baseline -0.005 -10"><span class='ocrx_word' id='word_1_277' title='bbox 472 3438 520 3490; x_wconf 58' lang='grc' dir='ltr'>*Ἰ</span> <span class='ocrx_word' id='word_1_278' title='bbox 549 3451 593 3480; x_wconf 77' lang='lat' dir='ltr'>v.</span> <span class='ocrx_word' id='word_1_279' title='bbox 623 3435 761 3479; x_wconf 81' lang='lat'>1240:</span> <span class='ocrx_word' id='word_1_280' title='bbox 790 3432 927 3481; x_wconf 73' lang='grc' dir='ltr'><em>ἅπτει</em></span> <span class='ocrx_word' id='word_1_281' title='bbox 954 3433 1167 3480; x_wconf 77' lang='grc' dir='ltr'><em>κάτωθεν</em></span> <span class='ocrx_word' id='word_1_282' title='bbox 1196 3427 1398 3490; x_wconf 70' lang='grc' dir='ltr'>οὐρανοῦ</span> <span class='ocrx_word' id='word_1_283' title='bbox 1426 3431 1694 3490; x_wconf 73' lang='grc' dir='ltr'><em>δνςπραξίᾳ.</em></span> 
     </span>
    </p>
   </div>
  </div>
 </body>
</html>
