2170 3866
971 291 1099 352 555

190 442 296 493 vias
318 443 406 504 ita,
430 447 486 492 ut
499 441 750 508 praedixit
773 442 994 506 nuntiae,
1022 443 1223 492 domum
1237 440 1463 491 referens
1483 441 1533 490 in
1556 443 1884 506 conspectum

193 540 306 573 cum
328 539 506 573 vesana
520 523 813 590 gloriatione
837 525 1021 589 prodit,
1045 521 1321 586 gratulante
1333 529 1483 585 atque
1505 520 1748 571 irridente
1763 521 1885 570 cho-

190 620 264 654 ro.
313 605 476 670 „Cepi
494 606 627 654 hunc
647 604 755 654 sine
775 604 964 667 laqueis
987 605 1215 653 iuvenem
1237 603 1449 664 leonem,
1485 607 1539 650 ut
1561 602 1734 651 videre
1750 603 1885 667 licet,

191 685 244 734 in
278 685 604 744 Cithaerone3
651 685 812 749 prima
859 700 951 749 ego
985 683 1233 732 vulneravi
1280 685 1450 739 (beata
1487 682 1650 746 Agave
1684 682 1734 731 in
1769 700 1886 733 coe-

191 766 329 815 tibus
352 765 675 831 praedicabor
689 765 747 825 Ε),
784 766 1034 814 secundae
1061 763 1234 812 Cadmi
1267 763 1398 812 filiae
1432 762 1693 815 ferierunt.
1762 763 1888 814 Este

192 860 324 894 nunc
373 846 643 911 participes
707 846 868 910 epuli:
936 844 1165 894 iuvenilis
1213 844 1344 892 enim
1408 844 1492 892 hic
1549 850 1626 892 est
1674 845 1887 908 catulus,

193 925 344 974 modo
380 934 599 976 mentum
636 926 768 990 pube
803 931 995 990 tegens.
1074 923 1307 973 Prudens
1339 922 1546 973 venator
1579 925 1807 973 Bacchus
1838 926 1890 977 in

190 1003 321 1054 hane
354 1006 515 1055 feram
550 1006 773 1055 incitavit
801 1005 1090 1055 Maenadas.
1159 1003 1415 1064 Thebani,
1452 1005 1642 1068 opinor,
1681 1012 1732 1054 et
1757 1006 1890 1056 Pen-

191 1084 343 1134 theus
379 1087 514 1135 filins
548 1093 758 1136 matrem
794 1086 1040 1136 laudabit:
1086 1100 1261 1149 magna
1296 1086 1428 1133 enim
1462 1101 1520 1133 ac
1556 1086 1737 1134 decora
1770 1087 1889 1137 huic

191 1170 359 1214 terrae
409 1166 651 1230 perfeci.''
731 1167 874 1217 Haec
920 1166 1112 1214 incisim
1161 1181 1253 1229 per
1299 1165 1452 1213 laetas
1504 1166 1890 1218 exclamationes

194 1244 390 1311 Agaves
428 1262 619 1310 perque
652 1255 847 1296 mutuas
886 1245 1027 1296 chori
1062 1246 1473 1308 interrogationes
1508 1252 1560 1294 et
1594 1248 1889 1311 gratulatio-

191 1340 283 1374 nes
317 1332 638 1392 peraguntur.
715 1327 964 1376 Hortante
1000 1325 1181 1373 deinde
1217 1325 1401 1382 choro,
1451 1324 1522 1374 ut'
1543 1326 1732 1375 civibus
1767 1344 1889 1377 exu-

191 1404 297 1454 vias
332 1405 569 1454 victoriae
605 1406 865 1467 ostendat,
913 1421 1156 1455 conversa
1190 1404 1252 1452 ad
1286 1405 1555 1470 populares
1592 1407 1777 1456 haecce
1812 1410 1891 1458 di-

195 1483 268 1534 cit
313 1486 510 1548 Agave:
577 1485 798 1547 „Videte
842 1487 971 1535 hanc
1007 1485 1275 1550 praedam,
1321 1501 1468 1548 quam
1516 1486 1692 1536 Cadmi
1739 1489 1890 1554 filiae,

192 1564 345 1614 nullis
380 1565 541 1614 hastis
575 1582 740 1630 neque
774 1566 998 1626 retibus,
1045 1565 1134 1614 sed
1173 1565 1316 1613 nudis
1350 1582 1472 1614 usae
1506 1567 1702 1632 digitis,
1751 1572 1891 1636 cepi-

195 1646 339 1694 mus!
410 1645 540 1707 Quid
575 1646 728 1709 igitur
760 1646 931 1695 hastas
964 1643 1199 1694 fabricari
1233 1645 1440 1706 attinet,
1489 1648 1891 1712 quandoquidem

194 1741 287 1775 nos
322 1726 549 1774 manibus
584 1725 726 1775 ferae
760 1726 909 1774 huius
946 1727 1166 1774 membra
1194 1726 1592 1790 discerpsimus‘?
1644 1729 1742 1779 Ubi
1768 1733 1893 1780 mihi

194 1811 343 1871 pater
378 1813 457 1855 est
490 1822 671 1866 senex,
705 1808 790 1856 ubi
825 1806 1076 1856 Pentheus
1112 1807 1283 1854 filius?
1317 1807 1541 1869 veniant,
1577 1814 1632 1858 ut
1664 1809 1762 1859 hoc
1784 1811 1892 1861 leo-

195 1886 273 1936 nis
308 1892 459 1952 caput
493 1887 759 1952 triglyphis
796 1888 993 1936 aedium
1029 1886 1296 1951 affigant!''

331 1967 539 2017 Praesto
577 1975 690 2016 sunt
725 1983 849 2031 quos
885 1972 1030 2016 vocat
1065 1968 1239 2016 ambo:
1275 1983 1386 2016 nam
1425 1968 1642 2018 Cadmus
1679 1970 1895 2022 Penthei

195 2049 421 2097 membra
454 2064 546 2113 per
579 2048 935 2097 Cithaeronem
971 2048 1248 2111 conquisita
1294 2065 1406 2097 cum
1453 2049 1653 2099 famulis
1689 2051 1893 2102 domum

194 2136 457 2192 reportans
501 2131 801 2179 subsecutus
847 2135 928 2178 est
982 2129 1198 2194 Agaven.
1290 2128 1402 2190 Quo
1447 2128 1573 2178 haec
1623 2140 1896 2196 conspecto

193 2209 361 2272 pergit
411 2210 613 2275 gloriari
658 2210 1115 2276 praestantissimas
1165 2209 1212 2257 ei
1255 2209 1382 2256 filias
1419 2224 1560 2271 esse,
1614 2227 1741 2274 quae
1774 2213 1895 2262 reli-

198 2295 284 2338 cto
318 2289 534 2338 lanificio
569 2291 631 2338 ad
667 2291 857 2338 maiora
892 2294 1094 2338 evectae
1131 2289 1256 2348 sint,
1293 2293 1349 2336 ut
1382 2288 1516 2337 feras
1543 2292 1771 2340 manibus
1809 2309 1894 2342 ca-

194 2369 351 2434 piant.
438 2369 669 2419 Postulat
716 2370 926 2432 deinde,
977 2376 1035 2418 ut
1081 2375 1313 2433 acceptas
1360 2385 1388 2416 a
1423 2385 1480 2417 se
1516 2372 1716 2419 exuvias
1750 2379 1894 2436 pater

196 2449 354 2498 fronti
386 2449 602 2498 aedificii
657 2450 834 2513 affigat
879 2450 1126 2513 simulque
1176 2450 1363 2498 amicos
1411 2451 1473 2498 ad
1522 2451 1693 2514 epulas
1730 2459 1891 2504 vocet.

198 2529 311 2591 Quo
347 2545 444 2578 non
479 2531 816 2595 respondente
852 2530 1075 2579 laetitiae
1120 2531 1255 2589 eius,
1303 2535 1410 2578 tum
1446 2530 1594 2580 huius
1631 2534 1891 2581 morosita-

198 2615 302 2659 tem
338 2615 445 2658 tum
481 2610 570 2657 filii
604 2612 986 2676 perversitatem
1019 2612 1278 2673 vituperat,
1316 2625 1462 2673 quem
1499 2612 1745 2674 queritur,
1778 2629 1893 2663 cum

200 2690 380 2739 deceat
396 2690 643 2740 venationi
677 2708 791 2741 cum
826 2691 1081 2741 iuventute
1099 2689 1340 2740 Thebana
1377 2707 1579 2756 operam
1602 2693 1740 2754 dare,
1777 2709 1891 2743 cum

201 2770 296 2819 diis
331 2786 571 2835 pugnare.
1034 2765 1049 2773 ”

334 2851 595 2899 Paullatim
640 2852 824 2901 deinde
868 2852 1084 2902 abeunte
1131 2852 1319 2901 insania
1364 2853 1611 2917 resipiscit
1658 2858 1710 2902 et
1760 2853 1895 2904 facta

201 2931 474 2997 cognoscit,
509 2938 744 2995 arguente
779 2932 974 2997 singula
1009 2933 1130 2982 etin
1153 2939 1368 2982 mentem
1393 2939 1657 2983 revocante
1685 2933 1893 2984 Cadmo.

199 3012 269 3061 Et
300 3012 514 3075 primum
551 3013 752 3075 quidem
788 3013 965 3062 defixis
1001 3014 1049 3061 in
1086 3030 1299 3077 corpore
1342 3012 1575 3062 dilaniato
1613 3015 1769 3064 oculis
1804 3017 1893 3064 ob·-

199 3092 450 3142 mutescit.
521 3091 722 3141 Interim
761 3093 976 3142 Cadmus
1024 3094 1245 3141 orbatam
1291 3109 1430 3141 suam
1479 3100 1793 3143 senectutem
1841 3098 1894 3143 et

200 3171 545 3222 foedissimam
582 3173 719 3235 eius,
766 3174 849 3237 qui
883 3175 1036 3223 fuerit
1070 3174 1246 3223 domus
1283 3175 1534 3235 columen,
1583 3191 1757 3223 necem
1796 3174 1894 3223 de-

201 3255 385 3322 plorat.
454 3252 633 3314 „Nunc
668 3270 761 3318 ego
798 3255 1108 3304 contumeliis
1143 3256 1385 3304 obnoxius
1421 3255 1563 3317 vivo,
1611 3256 1695 3319 qui
1731 3270 1894 3317 quon-

204 3336 317 3383 dam
354 3333 599 3383 civitatem
634 3341 936 3399 gentemque
963 3335 1312 3384 Thebanorum
1351 3335 1579 3384 condidi:
1615 3335 1892 3383 exstinctus

204 3413 337 3462 enim
373 3418 453 3462 est
487 3413 559 3474 is,
608 3414 692 3476 qui
725 3421 872 3465 antea
904 3416 1116 3479 inopiam
1150 3431 1311 3464 meam
1347 3415 1699 3464 consolabatur
1730 3412 1893 3488 ‘Sin‘

204 3493 359 3544 iurias
417 3492 777 3547 defendebat.”
868 3495 1049 3546 Matris
1100 3495 1332 3560 querelas
1390 3509 1532 3604 ‹¹⁰23-
1579 3509 1673 3545 con
1715 3500 1726 3564 ss,
1746 3551 1825 3596 A
1873 3495 1896 3543 t
