2124 3860
989 268 1112 325 286

227 420 315 469 dit.
381 418 454 466 De
485 414 661 479 quibus
707 415 758 463 in
802 414 1073 478 Autolyco,
1120 415 1342 463 dramate
1388 413 1629 478 satyrico,
1675 413 1881 480 copiose

227 499 390 550 omnia
423 494 649 561 exposuit
681 493 1003 560 Euripides.''
1057 494 1294 543 Eiusdem
1322 492 1516 542 fabulae
1541 498 1880 557 argumentum

226 578 400 629 Suidas
435 592 474 626 s.
507 592 551 624 v.
583 573 826 638 Σίσυφος
858 576 1049 624 retulit:
1083 574 1365 639 „Sisyphus
1403 572 1495 621 fuit
1521 572 1886 622 Corinthiorum

224 674 313 709 rex
355 656 661 705 vaferrimus.
728 655 824 718 Qui
859 657 1097 715 unguibus
1132 661 1181 703 et
1215 654 1408 718 ungulis
1458 653 1734 701 animalium
1770 668 1888 701 suo-

222 754 330 788 rum
359 736 571 799 singulas
597 736 894 784 inscribebat
925 735 1114 783 litteras
1146 731 1590 808 ὶ(μονογροὶμμοιτοι
1613 729 1889 796 ὀνόματα).

225 817 495 880 Autolycus
543 823 702 863 autem
751 816 847 863 illis
889 817 1191 878 temporibus
1228 815 1508 878 praestabat
1543 813 1806 861 furacitate
1842 816 1894 860 et

225 895 470 961 periurio,
517 895 745 957 idemque
791 894 1023 958 quidquid
1075 895 1393 958 surripuisset
1427 894 1474 941 in
1510 893 1651 940 aliam
1687 892 1893 954 figuram

223 971 658 1038 transmutabat*).
743 973 836 1035 Qui
884 989 1031 1036 quum
1081 975 1226 1022 etiam
1276 973 1478 1037 Sisyphi
1528 977 1748 1021 armenta
1781 987 1892 1020 sur-

223 1061 365 1120 repta
398 1057 759 1117 permutasset,
804 1059 968 1102 tamen
1014 1070 1108 1102 non
1143 1054 1284 1101 latuit
1316 1053 1484 1100 illum:
1535 1051 1729 1116 agnovit
1763 1051 1893 1099 enim

224 1151 286 1185 ex
319 1135 591 1183 litterarum
627 1135 788 1196 signis.
860 1132 1072 1197 Propter
1101 1149 1225 1196 quae
1250 1134 1351 1192 ille,
1386 1139 1443 1181 ut
1479 1131 1748 1195 Sisyphum
1780 1130 1891 1195 pla-

223 1221 385 1274 caret,
429 1213 645 1277 hospitio
693 1214 889 1278 excepit
935 1219 984 1260 et
1032 1213 1165 1261 filiae
1213 1229 1331 1261 suae
1380 1213 1652 1261 Anticleiae
1701 1209 1895 1276 copiam

223 1294 271 1343 ei
315 1293 450 1342 fecit.
518 1293 781 1342 Gravidam
829 1308 889 1340 ex
935 1309 993 1340 eo
1030 1291 1209 1340 factam
1255 1294 1465 1356 puellam
1502 1291 1673 1340 Laerti
1706 1291 1754 1338 iu
1789 1305 1893 1338 ma-

222 1374 503 1424 trimonium
560 1374 841 1435 collocavit,
903 1372 1033 1420 unde
1088 1372 1257 1436 Ulyssi
1306 1387 1483 1421 nomen
1543 1376 1620 1419 est
1665 1368 1893 1433 Sisyphi-

223 1455 313 1504 des
329 1450 461 1517 **).'’
542 1452 762 1517 Denique
806 1453 866 1501 ad
910 1453 1007 1500 hoc
1053 1452 1222 1500 drama
1267 1452 1488 1517 respexit
1533 1450 1734 1499 Ovidius
1766 1447 1893 1497 Met.

222 1528 308 1596 XI,
341 1535 438 1582 312
473 1547 633 1596 seqq.:

352 1612 629 1677 „Alipedis
663 1610 729 1660 de
760 1613 920 1678 stirpe
954 1611 1041 1660 dei
1072 1619 1284 1661 versuta
1319 1627 1556 1678 propago

354 1690 608 1742 Nascitur
641 1693 940 1758 Autolycus,
964 1695 1174 1757 furtum
1209 1692 1504 1758 ingeniosus
1541 1690 1610 1739 ad
1646 1705 1810 1746 omne,

357 1772 458 1834 Qui
477 1774 665 1836 facere
700 1774 951 1831 usis-uerat,
983 1773 1195 1838 patriae
1229 1789 1329 1821 non
1372 1771 1598 1837 degener
1634 1769 1778 1829 artis,

357 1851 667 1901 Candida
733 1852 810 1901 de
875 1853 1105 1918 nigris
1174 1859 1235 1901 et
1303 1852 1382 1901 de
1437 1847 1896 1901 candentibus

1011 1930 1209 1995 atra?

222 2011 486 2062 Cel-torum
533 2009 918 2074 fragmentorum
966 2018 1164 2074 praeter
1201 2028 1349 2060 unum
1386 2012 1590 2060 verbum
1627 2009 1693 2057 nil
1728 2022 1895 2057 serva-

221 2098 325 2142 tum
360 2097 450 2140 est.
517 2091 766 2155 Hesych.:
803 2087 1116 2142 ἑλίσσων·
1152 2091 1375 2152 πλέκων,
1410 2088 1757 2152 ψευδόμενος,
1794 2084 1894 2136 οὐκ

221 2167 307 2222 ἐπὶ
339 2168 548 2229 εὐθείας
580 2169 747 2234 λέγων
779 2169 814 2237 ἢ
848 2173 1027 2222 κινῶν.
1097 2170 1393 2237 Εὐριπίδης
1415 2167 1659 2232 Σισύφῳ.
1728 2168 1894 2216 Incer-

222 2259 380 2302 torum
406 2267 502 2299 non
529 2251 698 2299 dubito
725 2253 821 2300 duo
856 2253 953 2300 huc
987 2253 1196 2314 referre,
1234 2269 1279 2299 n.
1309 2253 1416 2298 191.
1452 2255 1504 2298 et
1539 2252 1654 2298 213.
1675 2245 1891 2295 Mamm:

353 2329 451 2395 οὐχ
486 2326 702 2394 ἑσπέρας
734 2331 854 2395 γάρ,
889 2329 1020 2382 ἀλλὰ
1051 2329 1138 2381 καὶ
1173 2328 1497 2395 μεσημβρίας

349 2410 551 2477 ταύτην
588 2411 944 2479 ἀφεστήκασιν
977 2410 1182 2479 ἡμέραν
1213 2409 1392 2475 τρίτην
1404 2408 1530 2472 ***).

220 2490 296 2541 De
329 2493 631 2553 animalibus,
674 2510 799 2557 quae
832 2511 927 2543 non
962 2494 1210 2542 redissent
1245 2491 1303 2539 ad
1341 2489 1548 2550 stabula,
1585 2504 1731 2551 quum
1759 2487 1896 2536 furto

221 2571 454 2642 Autolyci
504 2579 735 2638 surrepta
785 2580 978 2634 essent,
1032 2575 1156 2622 haec
1202 2572 1334 2620 dicta
1380 2585 1491 2618 esse
1526 2570 1752 2617 arbitror.
1824 2565 1898 2615 De

223 2668 343 2701 sene
377 2660 539 2702 autem
577 2670 812 2714 mucoso,
859 2654 946 2718 qui
979 2655 1113 2718 virgo
1148 2668 1260 2701 esse
1296 2649 1642 2710 simularetur,
1689 2649 1786 2697 hoc
1820 2646 1896 2695 di-

223 2737 355 2781 ctum
392 2749 505 2781 esse
538 2734 756 2783 videtur:

350 2811 560 2877 γλώσσῃ
597 2811 956 2878 διαψαίρουσα
988 2809 1274 2876 μυκτήρων
1309 2806 1509 2866 τόπους
1523 2807 1598 2872 †).

281 3029 329 3083 *)
361 3029 430 3072 Cf.
461 3031 595 3072 Hom.
627 3031 711 3073 Od.
743 3049 781 3083 τ,
814 3029 913 3074 394.

251 3099 326 3154 Ἡ)
356 3101 603 3143 Serv-‚Aea
621 3102 689 3154 vl,
706 3101 814 3144 513:
840 3101 1088 3155 „Anticleia
1098 3103 1242 3143 mater
1264 3101 1363 3140 ante
1384 3095 1557 3138 Laertie
1575 3091 1752 3148 nuptias
1774 3091 1892 3156 clem

365 3183 468 3211 cum
494 3170 708 3226 Sisypho,
742 3173 869 3215 Aeoli
889 3173 997 3227 filio,
1022 3169 1303 3214 concubuit.''
1359 3167 1427 3209 cf.
1452 3165 1664 3221 Sophocl.
1694 3161 1889 3204 Philoct.

364 3238 463 3283 415.
489 3255 589 3283 cum
620 3243 761 3287 schol.
798 3243 952 3298 Eurip.
979 3241 1199 3301 lphigmA.
1220 3237 1316 3280 514.
1350 3236 1494 3292 (525.)
1516 3241 1558 3278 et
1577 3234 1699 3289 Cycl.
1725 3227 1822 3272 1⁰4.

227 3307 331 3364 *⁹⁶¹0
360 3310 501 3367 Vulgo
542 3306 626 3368 οὐχ
665 3311 856 3370 ἑσπέρας
895 3309 1017 3369 φάσ’,
1057 3308 1169 3355 ἀλλὰ
1207 3326 1248 3352 κ.
1286 3325 1331 3364 μ.
1362 3305 1555 3356 τούτους
1584 3299 1893 3361 ἀφεστήκασιν

367 3395 407 3422 κ.
436 3396 478 3424 τ.
508 3385 546 3425 λ.

277 3446 331 3503 †)
359 3449 508 3508 Etym·
534 3452 622 3496 M.=
646 3453 920 3512 -διαψαίρειν
949 3447 1202 3509 Εὐριπίδης
1232 3447 1307 3493 ἐπὶ
1334 3448 1417 3492 τοῦ
1447 3443 1769 3500 καθαίρειν
1797 3441 1890 3483 κτλ.
