2170 3848
1194 286 1275 342 24

401 440 562 490 titum.
646 434 827 484 Contra
884 448 942 480 ea
991 431 1288 496 Amphitruo
1348 431 1562 484 ostendit
1607 451 1703 487 non
1748 453 1859 488 cum
1901 439 2078 492 belluis

403 517 579 575 modo,
616 514 706 563 sed
741 529 853 563 cum
887 512 1165 576 gigantibus
1205 529 1401 578 quoque
1429 516 1776 581 centaurisque
1809 520 2079 570 Herculem

404 609 725 660 congressum
770 608 883 641 esse
917 608 975 640 ac
1010 591 1129 641 deos
1164 594 1299 658 ipsos
1345 594 1393 641 in
1428 594 1606 659 pugnis
1640 597 1925 660 adiuvasse3
1950 595 2079 650 'tum

402 691 572 725 arcum
617 674 685 722 ait
732 672 1038 737 sagittasque
1075 672 1231 721 multo
1265 673 1468 736 reliquis
1505 675 1654 723 armis
1689 682 1967 740 praestare:
2002 683 2078 729 et-

401 755 530 804 enim
567 758 782 802 armatos
819 767 986 800 servos
1024 767 1136 800 esse
1181 768 1426 802 armornm
1463 759 1748 819 stantesque
1779 756 1829 804 in
1863 758 1967 806 acie
1996 774 2078 808 so-

402 835 591 884 ciorum
627 832 815 896 ignavia
850 831 987 896 ipsos
1021 846 1118 879 una
1151 832 1389 891 interire,
1423 849 1587 896 neque
1621 834 1780 884 fracta
1813 836 1956 885 hasta
1987 837 2079 887 ha-

399 913 522 962 bere
567 927 662 975 quo
708 926 888 976 corpus
924 910 1209 959 defendant.
1297 910 1481 960 Contra
1536 914 1817 979 sagittarios
1851 915 2078 980 plurimis

399 993 594 1043 emissis
626 992 817 1055 sagittis
851 1006 947 1039 non
982 990 1128 1038 defici
1162 989 1300 1051 telis,
1348 991 1524 1054 quibus
1558 992 1730 1042 hostes
1764 995 2080 1059 ulciscantur,

399 1076 688 1134 stantesque
722 1071 857 1136 ipsos
891 1071 943 1119 in
976 1074 1082 1118 tuto
1111 1085 1270 1133 neque
1299 1085 1327 1116 a
1348 1069 1552 1120 fortuito
1572 1074 1871 1136 proeliorum
1900 1081 2080 1127 eventu

398 1151 691 1217 pendenteS,
727 1152 906 1200 damno
940 1149 1145 1198 afficere
1180 1149 1352 1197 hostes
1379 1166 1537 1214 neque
1561 1167 1740 1218 corpus
1765 1153 1948 1204 offerre
1971 1156 2078 1204 vnl-

398 1231 617 1281 neribus.
686 1230 939 1294 lndignum
985 1237 1146 1277 autem
1194 1245 1305 1277 esse
1339 1229 1572 1279 Herculis
1606 1231 1788 1281 liberos
1823 1231 2080 1296 cognatos-

400 1327 497 1376 que
532 1316 738 1376 propter
772 1310 966 1374 tyranni
1000 1308 1242 1371 ignaviam
1278 1310 1372 1357 vita
1408 1310 1617 1374 privari,
1663 1311 1830 1376 potius
1878 1311 2079 1378 ignavos

400 1407 431 1439 a
475 1390 687 1439 fortibus
737 1390 897 1438 occidi
942 1390 1135 1437 decere.
1204 1388 1340 1437 Male
1385 1390 1534 1438 etiam
1570 1388 1837 1441 Thebanos
1870 1393 2079 1455 gratiam

397 1470 606 1520 Herculi
640 1469 851 1529 referre,
888 1469 971 1534 qui
1007 1468 1145 1516 victis
1181 1466 1363 1531 Minyis
1383 1485 1507 1517 unus
1534 1485 1704 1519 omnes
1730 1471 1778 1520 in
1796 1472 2075 1522 libertatem

399 1550 741 1608 vindicaverit3
775 1549 904 1597 male
925 1564 950 1595 a
970 1546 1178 1594 Graecia
1206 1547 1388 1596 liberos
1417 1550 1596 1612 negligi
1611 1551 1716 1599 eius
1734 1552 1838 1610 viri,
1853 1552 1935 1616 qni
1947 1557 2078 1602 terra

398 1630 622 1693 marique
657 1634 874 1677 monstra
909 1632 1057 1691 atque
1098 1632 1316 1675 terrores
1350 1628 1571 1677 tollendo
1607 1630 1868 1680 laboravit:
1916 1632 2078 1681 solum

399 1710 528 1758 enim
564 1725 620 1757 se
654 1707 950 1755 imbecillem
988 1721 1155 1754 senem
1191 1708 1421 1755 relictum
1455 1725 1583 1768 esse,
1611 1710 1671 1757 ad
1708 1727 1853 1774 quem
1889 1711 1961 1758 illi
1985 1711 2079 1760 mi-

399 1788 500 1837 seri
533 1787 826 1852 respiciant3
861 1786 990 1851 quod
1027 1785 1068 1831 si
1105 1785 1397 1835 iuvenilibus
1432 1788 1618 1838 valeret
1651 1789 1869 1850 viribus,
1905 1805 1961 1839 se
1994 1806 2077 1840 ac-

399 1872 544 1932 cepta
577 1868 720 1915 hasta
754 1867 884 1914 ultra
916 1866 1190 1915 Atlanticus
1227 1866 1351 1914 fines
1386 1871 1619 1930 tyrannos
1643 1868 1919 1933 fugaturum
1947 1885 2076 1919 esse.

399 1946 493 1996 His
528 1946 706 1994 auditis
735 1945 900 2009 Lycus
935 1961 991 1993 se
1025 1947 1091 1992 ait
1125 1944 1361 1993 audacter
1394 1947 1522 1996 dicta
1557 1949 1794 1997 atrociter
1826 1948 1970 1998 factis
1997 1965 2079 1999 re-

400 2042 665 2092 pensurum
701 2041 840 2085 esse3
876 2031 979 2073 tum
1017 2025 1122 2072 sine
1158 2039 1295 2071 mora
1330 2025 1458 2090 ligna
1493 2028 1739 2090 apportari
1773 2028 1935 2087 iubet,
1969 2029 2077 2092 qui-

400 2107 492 2156 bus
528 2105 747 2154 accensis
794 2103 1047 2168 simplices
1087 2119 1199 2152 arae
1234 2103 1508 2152 insidentes
1545 2106 1914 2156 interficiantur.
1983 2107 2077 2157 Se-

401 2187 545 2236 nibus
582 2200 777 2250 quoque
811 2182 1187 2240 Thebanorum,
1224 2184 1355 2246 quod
1392 2184 1556 2233 adsint
1588 2186 1847 2244 hostibus,
1885 2187 2078 2252 suppli-

402 2266 479 2315 cia
523 2265 747 2314 minatur.
815 2260 944 2310 Tum
989 2279 1102 2311 vero
1151 2278 1325 2322 seneS,
1374 2280 1620 2314 memores
1665 2282 1719 2314 se
1754 2282 1815 2314 ex
1850 2266 2079 2317 draconis

402 2345 632 2394 dentibus
667 2349 813 2392 natos·
842 2358 970 2401 esse,
1006 2342 1193 2390 baculis
1229 2349 1378 2407 caput
1410 2345 1604 2407 tyranni
1629 2347 1862 2406 advenae,
1899 2347 1980 2411 qui
2006 2347 2078 2396 ci-

400 2426 605 2474 vitatem
640 2423 881 2471 iuniorum
919 2422 1130 2470 factione
1159 2422 1443 2471 distractam
1470 2431 1848 2488 corruptamque
1870 2423 2078 2491 op'pre's-

402 2505 539 2565 serit,
577 2520 632 2552 se
655 2508 992 2552 cruentaturos
1019 2518 1132 2550 esse
1153 2509 1411 2561 testantur,
1438 2511 1714 2567 negantque
1744 2521 1993 2568 passuros,
2023 2511 2079 2555 ut

401 2584 568 2633 fructu
582 2583 775 2632 virtutis
803 2589 1036 2648 paternae
1052 2581 1282 2630 Herculis
1300 2582 1439 2631 liberi
1458 2583 1761 2632 fraudentur.
1800 2584 1942 2646 Quod
1958 2585 1999 2632 si
2015 2585 2077 2634 ad

403 2680 537 2713 arma
563 2662 799 2727 gestanda
824 2663 953 2711 vires
981 2661 1283 2722 sufficerent,
1321 2677 1417 2710 non
1445 2663 1767 2724 dubitaturos,
1786 2664 1918 2728 ‘quin
1935 2664 2078 2728 pulso

402 2748 610 2807 tyranno
643 2743 833 2807 patriae
867 2742 1150 2807 dignitatem
1185 2741 1435 2806 decusque
1469 2744 1803 2794 restituerent.
1873 2743 1928 2792 Id
1962 2760 2078 2793 vero

407 2822 815 2871 committendum
852 2838 965 2870 esse
996 2827 1144 2885 negat
1178 2819 1407 2884 Megara,
1451 2828 1506 2870 ut
1539 2828 1744 2887 propter
1777 2839 1833 2872 se
1867 2823 2077 2872 liberos·-

406 2918 505 2966 que
539 2917 654 2949 suos
690 2916 834 2949 senes
869 2901 1141 2965 gravissimi
1176 2900 1299 2948 mala
1334 2901 1610 2966 patiantur,
1645 2919 1806 2967 neque
1838 2908 1924 2955 aut
1957 2902 2075 2951 Am-

404 2981 680 3046 phitruonis
715 2981 899 3045 gloriae
935 2987 1021 3028 aut
1053 2981 1206 3045 ipsius
1240 2980 1483 3042 dignitati,
1531 2998 1641 3030 cum
1677 2984 1743 3031 sit
1776 2981 1952 3031 summi
1985 2983 2077 3031 viri

404 3076 555 3120 uxor,
602 3062 862 3108 convenire
914 3077 969 3108 se
1015 3067 1147 3108 metu
1182 3059 1369 3108 fractos
1405 3062 1614 3125 igneque
1650 3063 1887 3112 cruciatos
1922 3061 2077 3110 inter-

405 3140 518 3200 fici,
572 3143 656 3187 aut
702 3139 870 3187 liberis
905 3140 1133 3188 Herculis
1182 3156 1290 3188 cum
1338 3141 1602 3206 ignominia
1649 3141 1846 3191 servari.
1928 3142 2077 3205 Atqui

407 3235 547 3285 spem
585 3219 753 3266 salutis
787 3219 1010 3268 relictam
1045 3219 1223 3268 nullam
1259 3236 1399 3270 essex
1434 3238 1594 3286 neque
1627 3222 1756 3270 enim
1782 3222 2077 3284 quemquam

406 3300 570 3348 adhuc
604 3298 880 3347 mortalium
916 3299 976 3347 ab
1012 3299 1185 3348 inferis
1218 3300 1439 3361 redisse,
1487 3317 1646 3365 neque
1679 3301 1909 3364 precibus
1943 3301 2076 3350 miti-

407 3379 510 3443 gari
545 3394 694 3443 posse
727 3378 972 3427 hominem
1006 3379 1186 3436 ferum,
1220 3395 1248 3426 a
1271 3380 1460 3443 pudore
1482 3387 1629 3445 atque
1648 3381 1939 3449 verecundia
1957 3380 2076 3428 alie-

406 3473 551 3519 num3
587 3463 736 3523 atque
770 3458 961 3508 etiamsi
995 3458 1113 3524 fuga
1147 3458 1411 3509 liberorum
1445 3460 1698 3525 impetrari
1723 3460 1900 3526 possit,
1934 3460 2076 3510 mise-
