2202 3892
952 248 1071 308 253

170 398 427 448 dicantem.
482 397 695 447 Possunt
730 397 791 446 ad
812 398 954 458 hanc,
990 412 1131 460 quam
1159 393 1405 457 fingimuS,
1438 395 1679 444 actionem
1699 382 1837 444 -baec

168 484 227 528 ut
261 478 535 528 Palamedis
569 480 698 528 dicta
735 476 939 527 referri:

129 570 131 573 ·
170 555 222 624 1)
255 559 429 623 fragm.
461 561 576 607 dub.
606 562 684 609 37.
723 556 813 620 (cf.
850 555 1084 604 Valcken.
1105 552 1292 602 Phoen.
1325 555 1435 604 519.
1464 570 1514 618 p.
1542 553 1703 619 188.):
1768 591 1769 594 ,

194 653 200 662 ⁴*
300 639 465 689 πάνθ’
502 636 590 703 ὅγε
623 632 791 700 σοφὸς
823 638 955 694 νοῦς
989 631 1040 694 ἐξ
1073 631 1358 697 ἀμηχάνων
1381 634 1497 698 ἄγει

299 718 391 770 καὶ
422 719 591 770 πάντα
625 719 781 783 κηλεῖ,
817 714 917 766 κᾶν
951 712 1231 779 ἀπώμοτόν
1261 730 1311 764 τι
1344 707 1466 778 ᾗ*).
1886 761 1893 768 ,

169 801 226 863 2)
259 801 464 866 Gregor.
502 799 712 862 Cyprius
746 799 794 844 in
833 797 984 846 Bekk.
1025 791 1560 854 Anecd.11,2·13:u'9
1592 790 1691 842 οὐκ
1723 784 1837 843 οἶδε

171 879 267 930 τὸν
302 876 602 942 Εὐριπίδην
636 873 775 926 ἔστιν
809 869 888 935 οἷς
930 876 1038 926 τῶν
1079 874 1390 941 ποιημάτων
1431 873 1715 939 εὐχόμενον
1764 868 1838 939 μὴ

169 957 369 1011 ἐθέλειν
413 955 539 1008 ποτὲ
588 958 681 1024 ζῆν
727 954 859 1022 μηδὲ
893 954 1141 1022 γενέσθαι
1176 955 1230 1007 οἱ
1258 958 1418 1006 τοῦτο
1454 954 1722 1016 συνόλως,
1770 951 1838 1004 ἂν

167 1037 242 1108 μὴ
272 1037 362 1091 καὶ
395 1039 550 1103 λόγος
582 1043 727 1104 παρῇ
761 1043 826 1104 τῇ
862 1039 999 1104 ζωῇς

295 1121 536 1195 Carminis
585 1128 751 1168 autem
786 1125 1129 1184 argumentum
1164 1118 1377 1168 Tzetzes
1411 1116 1603 1165 referre
1646 1114 1841 1163 videtur

165 1216 244 1249 vv.
263 1203 362 1249 290
388 1217 551 1265 seqq.:
588 1196 759 1263 εὑρὼν
790 1199 985 1250 πεσσὸν
1014 1197 1187 1264 ἔτερπε
1216 1197 1305 1249 καὶ
1329 1194 1632 1259 ἐξελάασκεν
1665 1194 1837 1261 ανίην,

166 1279 260 1348 ἠδέ
306 1297 360 1331 τε
405 1280 638 1339 νούσους
687 1282 946 1346 προῦλεγε
993 1278 1082 1331 καὶ
1116 1278 1331 1330 νούσων
1363 1277 1637 1344 ἅπερωήν,
1687 1275 1839 1327 αλθε-

167 1361 352 1428 στήρια
387 1361 643 1426 φάρμακα
690 1360 910 1426 βρώσεις
943 1363 986 1411 τ’
1023 1359 1346 1424 ἐξερεείνων·
1392 1357 1585 1411 οὕνεκα
1632 1358 1840 1425 σήματα

165 1440 261 1508 ἠδὲ
306 1442 532 1507 τεράατα
565 1444 823 1508 προῦλεγε
857 1441 1055 1502 πάντα,
1104 1440 1298 1493 οὕνεκά
1333 1457 1387 1492 τε
1423 1440 1651 1504 ξύμπασι
1684 1438 1841 1505 φίλος

165 1520 446 1590 μερόπεσσι
479 1522 719 1587 τέτυκτο,
756 1522 872 1574 οὐδ’
907 1519 1175 1589 ἄγέρωχος
1211 1522 1303 1589 ἔην
1335 1521 1369 1589 ἢ
1404 1521 1680 1573 ἀτάσθαλα
1712 1519 1841 1586 ἔργα

165 1599 332 1670 ἔρεξε·
366 1606 591 1657 τοῦνεκα
622 1603 721 1656 τὸν
754 1603 1032 1669 φιλέεσκον
1056 1597 1280 1671 ’Λχαιῶν
1311 1602 1471 1655 ἔθνεα
1503 1602 1690 1655 πάντα.

197 1692 201 1696 ’
295 1687 391 1735 His
441 1687 652 1735 cantatis
703 1688 906 1736 chorum
961 1694 1110 1751 puto,
1171 1691 1226 1735 ut
1272 1703 1436 1735 coram
1479 1684 1840 1748 profectionem

166 1771 442 1832 spectaret,
478 1766 541 1814 de
576 1782 725 1814 scena
759 1767 948 1814 abisse:
993 1772 1188 1815 secreto
1224 1768 1354 1815 enim
1389 1766 1594 1814 remotis
1628 1764 1842 1814 testibus

167 1845 411 1910 agendum
447 1846 511 1895 de
544 1847 735 1896 insidiis
772 1846 893 1903 fuit,
930 1862 1052 1910 quas
1089 1847 1148 1894 ad
1184 1846 1491 1912 perdendum
1527 1845 1842 1893 Palamedem

165 1926 376 1990 Ulysses
425 1931 573 1991 atque
607 1928 945 1992 Agamemnon
991 1933 1293 1979 struxerunt.
1360 1926 1665 1975 Vacuefacta
1696 1925 1843 1990 igitur

167 2021 316 2055 scena
350 2013 400 2055 et
436 2008 640 2055 absente
674 2023 703 2055 e
739 2007 913 2055 castris
961 2006 1253 2065 Palamede,
1298 2007 1594 2056 conveniens
1631 2006 1841 2070 Agame-

164 2101 311 2135 mnon
345 2086 581 2150 Ulyssem
615 2086 858 2135 allocutus
894 2092 972 2136 est
1005 2088 1144 2135 hisce
1179 2087 1365 2136 verbis:

293 2165 503 2230 Λάρτιε,
536 2166 699 2216 πάλαι
733 2165 799 2232 δή
837 2168 884 2216 σ’
920 2164 1234 2233 ἐξερωτῆσαι
1265 2165 1458 2229 θέλων,

294 2247 454 2313 σχολή
488 2248 541 2311 μ’
585 2246 798 2313 ἀπεῖργε
811 2246 911 2313 **).

163 2325 237 2375 De
270 2335 557 2392 argumento
582 2337 747 2379 autem
785 2335 834 2378 et
869 2330 1054 2378 ratione
1091 2329 1321 2394 colloquii
1347 2330 1472 2380 haec
1501 2331 1653 2380 docet
1676 2329 1841 2379 Philo-

163 2411 371 2456 stratus:
417 2408 615 2473 „Aegre
657 2410 823 2458 ferens
859 2410 1099 2473 Ulysses,
1148 2411 1277 2475 quod
1314 2412 1477 2459 senior
1510 2427 1536 2459 a
1571 2411 1762 2460 iuniore
1794 2411 1842 2461 in

164 2489 401 2536 concione
435 2489 737 2550 vinceretur,
775 2480 1193 2552 Agamemnonem
1231 2496 1399 2538 contra
1434 2490 1572 2539 illum
1606 2491 1843 2552 incitavit,

165 2567 304 2630 quasi
339 2567 398 2615 ab
436 2568 547 2633 ipso
582 2570 643 2617 ad
679 2571 928 2619 Achillem
964 2572 1238 2619 exercitum
1283 2570 1566 2619 traduceret
1581 2567 1707 2634 ***).
1775 2570 1842 2619 Et

165 2646 444 2710 composuit
478 2657 760 2712 argumenta
795 2651 919 2698 falsa
955 2652 1184 2715 quidem,
1222 2649 1311 2697 sed
1346 2651 1617 2714 probabilia
1652 2656 1843 2701 temere

163 2726 412 2782 audienti,
465 2728 705 2778 Achillem
741 2731 1045 2779 Graecorum
1094 2723 1356 2793 imperium
1405 2730 1639 2779 affectare
1686 2736 1736 2779 et
1768 2730 1841 2780 le-

163 2820 292 2854 none
326 2806 386 2853 ad
422 2806 472 2854 id
506 2806 768 2858 Palamede
802 2810 906 2859 uti:
959 2816 1008 2858 et
1054 2815 1399 2872 revertentur,
1448 2811 1840 2876 inquit,·paullo

165 2890 309 2949 post,
358 2885 444 2933 tibi
492 2887 689 2949 quidem
737 2890 915 2952 boves,
962 2906 1118 2954 equos
1153 2906 1211 2939 ac
1244 2891 1486 2956 mancipia
1520 2891 1839 2953 adducentes,

220 3086 271 3140 *)
300 3086 443 3142 Vulgo
461 3082 706 3141 ἅπτόμοτός
723 3106 790 3138 τις
810 3096 855 3134 et
874 3090 900 3135 ὁ
921 3091 1079 3148 σοφός,
1097 3108 1287 3149 quorum
1307 3095 1396 3136 hoc
1416 3093 1608 3136 correxit:
1622 3094 1834 3136 Valcken.

190 3156 267 3211 aas)
300 3155 466 3214 Λάρτιε
496 3171 575 3211 pro
605 3156 717 3202 Λᾶϊε
747 3161 802 3202 de
832 3163 1086 3207 coniectura
1114 3166 1310 3220 reposui.

162 3227 273 3281 *³*va
304 3228 454 3270 Tzetz·
487 3243 530 3269 V·
562 3228 646 3270 363
685 3243 803 3285 seqq.
862 3234 1013 3291 Dictys
1044 3237 1162 3277 Cret.
1202 3237 1267 3287 11,
1307 3234 1383 3277 152
1422 3236 1704 3289 „Fuerunt
1742 3232 1837 3288 qui

306 3299 400 3340 eius
429 3299 599 3341 consilii
621 3300 742 3342 haud
762 3310 989 3358 expertem
1008 3307 1392 3363 Agamemnonem
1409 3306 1605 3348 dicerent
1630 3305 1685 3346 ob
1709 3315 1836 3346 amo-

301 3382 398 3410 rem
436 3369 559 3411 ducis
601 3370 645 3411 in
682 3373 925 3417 exercitum
967 3382 1010 3419 et
1038 3378 1142 3432 quia
1172 3391 1275 3432 pars
1304 3378 1524 3430 maxima,
1566 3374 1664 3430 regi
1695 3374 1752 3417 ab
1781 3386 1835 3416 eo

302 3438 497 3494 cupiens,
524 3440 785 3486 tradendum
814 3444 857 3487 ei
886 3445 1122 3502 imperium
1152 3451 1306 3504 palam
1333 3443 1672 3504 loquebantur.'’
