2124 3860
1084 251 1208 307 328

315 415 445 459 nam,
479 413 623 461 quam
657 395 768 460 ipse
801 395 952 445 habet
978 413 1199 460 uxorem,
1236 399 1517 463 descripsit,
1552 407 1609 450 ut
1632 400 1695 450 de
1718 418 1888 452 errore
1917 418 2001 452 co-

318 479 478 542 gitare
518 477 600 525 vix
642 476 805 526 liceat.
875 477 1108 526 Ceterum
1144 478 1433 536 necessitas,
1469 495 1561 542 qua
1595 481 1715 530 nibil
1751 485 1885 549 cogit
1918 500 2004 532 ve-

318 557 616 618 hementius,
651 556 711 604 ad
739 558 1034 622 experienda
1063 564 1285 606 extrema
1309 575 1534 622 quaeque
1555 560 1778 625 impellit,
1807 570 1858 612 et
1886 579 2002 628 spe-

319 642 396 685 rat
430 653 616 702 regem,
653 638 872 702 quamvis
907 639 974 686 sit
1008 654 1199 699 saevus,
1237 638 1403 686 audito
1445 639 1640 687 nomine
1678 656 1766 688 suo
1800 658 1889 704 per
1924 650 2001 690 to-

321 722 426 766 tum
482 720 649 766 orbem
688 718 938 765 celebrato
987 721 1283 782 cognitoque
1334 718 1603 766 infortunio
1638 720 1730 767 viri
1764 721 2006 783 quondam

325 797 504 865 opibus
542 799 793 857 florentis,
848 798 1028 865 aliquid
1068 814 1179 846 esse
1228 798 1323 847 cibi
1358 798 1614 861 solatiique
1649 800 1743 848 sibi
1779 806 1831 849 et
1863 802 2009 850 sociis

321 878 703 942 impertiturum.

457 958 554 1006 lam
595 958 671 1006 Ol.
707 961 789 1015 88,
824 960 871 1008 3.
923 958 1277 1023 Aristophanes
1324 957 1372 1006 in
1411 959 1796 1008 Acliarnensium
1839 959 2006 1008 fabula

323 1039 517 1086 turbam
569 1038 908 1086 mendicorum
956 1053 1016 1085 ex
1051 1038 1304 1101 Euripidis
1340 1039 1607 1102 tragoediis
1643 1040 1898 1088 collectam
1937 1040 2010 1087 fa-

326 1125 436 1166 cete
483 1118 736 1166 cavillatus
785 1124 920 1178 erat,
970 1134 1129 1180 neque
1165 1126 1325 1166 tamen
1364 1134 1423 1166 ex
1460 1134 1518 1166 eo
1554 1129 1776 1182 tempore
1813 1120 2011 1186 Euripi-

325 1198 415 1246 des
465 1214 721 1246 numerum
772 1214 1037 1261 egenorum
1088 1214 1147 1246 ex
1189 1200 1389 1262 regibus
1425 1198 1671 1247 sactorum
1708 1216 1886 1263 augere
1921 1216 2012 1248 un-

328 1273 472 1341 t‘Juam
513 1277 676 1324 desiit.
747 1277 857 1325 Hoc
905 1284 1135 1340 reputent
1169 1277 1232 1336 ii,
1281 1280 1361 1342 qui
1397 1278 1532 1324 illum
1571 1279 1843 1328 maledictis
1879 1296 2014 1330 selir-

325 1373 413 1406 rae
449 1362 636 1405 motum
672 1372 785 1405 esse
821 1363 873 1405 et
908 1357 1150 1419 quaedam
1187 1359 1233 1405 in
1262 1357 1528 1418 tragoediis
1553 1359 1699 1405 etiam
1725 1360 2013 1409 immutasse

325 1436 591 1485 affirmant.
661 1437 789 1498 Quid
840 1445 1003 1484 autem
1051 1444 1245 1484 curaret
1296 1436 1613 1485 contumelias
1653 1438 1910 1487 nebulonis
1946 1440 2014 1487 nil

328 1516 424 1564 nisi
478 1516 632 1564 risum
686 1517 980 1579 sequentis?
1049 1516 1376 1566 Verissimum
1426 1516 1554 1564 enim
1603 1522 1681 1564 est
1729 1518 1857 1581 quod
1906 1519 2016 1583 ipse

330 1595 625 1660 Euripidem
671 1596 794 1644 fecit
830 1597 1107 1656 dicentem,
1155 1598 1459 1659 tragoediam
1496 1597 1588 1644 sibi
1623 1597 1778 1661 eripi,
1816 1598 1857 1644 si
1892 1615 2015 1663 pau·

327 1692 476 1741 peres
539 1692 599 1724 ex
657 1677 857 1741 regibus
917 1676 1075 1725 factos
1127 1679 1392 1725 ostendere
1460 1682 1722 1725 vetaretur.
1782 1696 1786 1699 ’
1816 1678 2013 1726 Etenim

329 1756 496 1804 miseri
533 1772 628 1805 non
664 1756 910 1805 habentur
944 1757 1003 1818 ii,
1041 1757 1122 1821 qui
1158 1758 1335 1805 nullius
1383 1773 1597 1820 unquam
1651 1757 1765 1804 boni
1811 1773 2016 1820 posses-

331 1835 472 1884 sione
519 1835 649 1885 beati
710 1837 937 1896 suerunt,
1004 1853 1128 1899 quae
1191 1843 1268 1885 est
1317 1853 1515 1895 caussa,
1579 1852 1666 1883 cur
1711 1852 1805 1885 non
1856 1836 2018 1885 bumi-

330 1915 450 1964 lium
518 1917 798 1976 hominum,
867 1917 955 1965 sed
1018 1933 1192 1982 regum
1252 1917 1351 1965 fata
1412 1917 1682 1981 tragoediis
1754 1917 2018 1966 ostendan-

329 2001 425 2046 tur.
508 1997 608 2046 Iam
661 2014 812 2061 quum
861 1997 1099 2045 bonorum
1149 1997 1331 2062 duplex
1368 1997 1432 2044 sit
1478 2013 1666 2059 genus,
1715 1996 1923 2045 alterum
1971 1997 2020 2046 iu

329 2078 530 2133 virtute,
566 2079 775 2127 alterum
813 2078 860 2126 in
896 2077 1096 2126 fortuna
1131 2078 1379 2142 positum,
1423 2077 1542 2124 illud
1579 2081 1740 2125 autem
1776 2077 1904 2125 haud
1941 2077 2018 2124 sa-

333 2157 426 2205 cile
486 2159 594 2206 sine
658 2158 802 2220 culpa
864 2159 1140 2216 amittatur,
1205 2173 1454 2222 quumque
1506 2158 1746 2204 acriorem
1793 2158 2018 2203 moveant

333 2237 702 2285 miserationem
755 2236 839 2297 qui
889 2237 1205 2294 innocentes,
1259 2253 1406 2298 quam
1460 2236 1543 2300 qui
1594 2237 1723 2282 noxii
1775 2235 2017 2293 laborant,

332 2316 531 2380 planum
582 2323 657 2364 est
703 2316 919 2377 inopiam
959 2331 1156 2372 eorum,
1210 2317 1291 2377 qui
1342 2314 1586 2376 quondam
1624 2314 1800 2376 opibus
1836 2314 2017 2364 florue-

335 2396 463 2453 rint,
511 2412 612 2443 rem
649 2397 864 2442 maxime
894 2395 1108 2441 omnium
1146 2394 1381 2456 tragicam
1418 2410 1545 2441 esse.
1615 2393 1712 2455 Qui
1746 2401 1906 2441 autem
1943 2395 2018 2442 in-

336 2475 530 2538 dignam
568 2474 795 2540 personis
828 2474 1031 2521 heroum
1069 2474 1214 2521 talem
1244 2489 1355 2520 esse
1385 2473 1715 2521 conditionem
1740 2473 2018 2537 opinantur,

334 2556 369 2603 ii
408 2555 581 2603 melius
617 2556 808 2603 scilicet
843 2570 897 2601 se
945 2570 1087 2617 quam
1126 2553 1396 2601 Homerum
1437 2554 1500 2601 de
1533 2554 1736 2601 heroum
1778 2554 2020 2617 dignitate

335 2636 556 2684 iudicare
591 2651 741 2701 posse
775 2634 1091 2699 profitentur.
1159 2631 1289 2693 Quid
1330 2634 1495 2680 enim‘!
1533 2633 1706 2681 Nonne
1742 2633 1822 2681 hic
1849 2633 2021 2697 Ulyssi

336 2715 550 2764 mendici
586 2717 803 2779 speciem
840 2714 1159 2778 habitumque
1207 2713 1381 2760 tribuit
1424 2712 1472 2759 in
1508 2713 1713 2777 patriam
1751 2719 1803 2760 et
1835 2713 1896 2761 ad
1933 2729 2020 2776 pe·-

335 2803 475 2844 nates
511 2796 816 2845 revertenti?
853 2811 1014 2843 nonne
1045 2793 1252 2842 eundem
1292 2793 1580 2858 naufragum
1616 2793 1778 2841 cibum
1807 2799 2019 2840 vestem-

340 2891 436 2938 que
486 2875 607 2923 fecit
667 2893 695 2923 a
746 2875 986 2924 Nausicaa
1043 2878 1356 2937 expetentem
1419 2880 1470 2920 et
1525 2872 1574 2920 in
1635 2872 1781 2919 domo
1832 2871 2021 2920 Alcinoi

337 2954 477 3003 humi
526 2955 655 3019 apud
705 2956 863 3017 ignem
909 2955 1008 3002 foci
1064 2952 1326 3000 admodum
1364 2952 1610 3000 submisse
1643 2951 2020 2999 considentem‘!

339 3033 479 3082 Haec
515 3036 621 3099 ipsa
657 3040 820 3083 autem
859 3034 1120 3100 Euripides
1157 3033 1204 3080 in
1240 3033 1334 3080 hac
1369 3033 1531 3081 fabula
1566 3031 1782 3080 imitatus
1819 3035 1922 3089 est,
1971 3034 2021 3078 et

341 3130 632 3180 generosam
679 3115 874 3164 effinxit
922 3128 1182 3181 personam
1232 3112 1482 3168 Menelai,
1519 3112 1580 3159 ab
1616 3127 1699 3171 ea,
1749 3112 1872 3173 quae
1906 3109 2020 3157 reli-

342 3195 451 3266 quis
496 3194 626 3242 inest
669 3196 878 3255 fabulis,
925 3211 1021 3243 non
1067 3193 1227 3240 minus
1263 3192 1405 3254 longe
1439 3192 1712 3250 diversam,
1765 3205 1908 3251 quam
1945 3193 2024 3238 est

340 3276 533 3330 Helena
568 3275 811 3340 Aegyptia
858 3291 885 3321 a
921 3273 1158 3331 Troiana,
1208 3273 1519 3336 eundemque
1560 3271 1736 3320 ducem
1771 3269 2022 3318 exercitus

341 3361 394 3407 et
428 3369 709 3410 eversorem
743 3353 927 3403 Troiae
961 3354 1120 3402 fuisse
1154 3351 1322 3400 voluit.

473 3434 708 3489 Redeunt
741 3433 953 3484 famulae
988 3438 1036 3482 et
1069 3431 1262 3482 Helena
1297 3446 1358 3482 ex
1383 3430 1589 3482 aedibus
1614 3428 1763 3480 rebus
1790 3427 2018 3478 omnibus
