2170 3848
1238 279 1320 337 54

442 431 624 495 potine,
659 442 803 490 quam
837 433 1064 477 externas
1087 440 1265 476 ‘rerum
1298 425 1502 486 foi-mm,
1537 434 1732 479 veteres
1758 431 1978 481 artifices
2005 431 2116 480 imi-

444 511 688 564 tabantur,
723 508 789 555 ita
823 513 878 557 ut
914 506 1029 572 quid
1066 522 1261 566 scenae,
1296 506 1413 569 quid
1450 507 1655 571 picturis
1681 512 1979 572 conveniret,
2015 510 2118 560 ele·

441 588 575 652 ganti
608 587 787 635 iudicio
820 588 1173 636 discernerent.
1231 586 1403 649 ltaque
1438 602 1589 652 saepe
1624 589 1838 651 plurium
1872 592 2118 639 actionum

442 673 725 730 argumenta
760 683 855 715 una
889 667 1135 729 signorum
1169 666 1508 729 complexione
1544 667 1887 718 exhibuerunt.

577 746 853 795 Praestanti
889 747 1016 794 hanc
1050 745 1351 810 tragoediam
1386 746 1539 810 gloria
1586 747 1818 797 floruisse
1851 749 2014 798 omnia
2042 754 2118 798 te-

443 830 648 876 stantur.
715 825 781 873 Et
815 826 1115 875 recentiores
1153 841 1347 890 quoque
1384 825 1604 875 fabulam
1640 827 1838 894 egregie
1872 828 2119 877 inventam

444 905 668 953 certatim
721 911 1045 963 exornarunt,
1098 921 1308 970 quorum
1357 907 1627 956 carminum
1675 924 1937 958 censuram
1985 907 2120 958 dedit

443 984 728 1049 Lessingius
763 985 814 1033 in
849 985 1056 1034 dramat.
1092 985 1270 1035 Hamb.
1305 1002 1351 1036 n.
1386 988 1626 1036 36-50.

939 1317 1007 1370 D.
1096 1314 1619 1391 Cercyon.

574 1459 705 1507 Duas
733 1460 1037 1517 narrationes
1064 1461 1368 1524 duarumque
1391 1460 1690 1521 fabularum,
1724 1460 1913 1526 Alopae
1929 1465 1982 1510 et
1996 1461 2119 1511 Cer-

443 1539 638 1604 cyonis,
672 1545 955 1603 argumenta
989 1541 1036 1588 in
1071 1557 1218 1589 unum
1256 1541 1505 1589 coniunxit
1533 1541 1761 1606 Hyginus
1787 1557 1829 1590 c.
1852 1544 1962 1593 18⁶1.
1998 1542 2119 1590 Cer-

443 1619 611 1683 cyonis
646 1625 808 1666 autem
844 1619 1040 1668 fabulae
1073 1621 1170 1669 hoc
1204 1620 1298 1669 fuit
1319 1626 1686 1686 argumentum:
1720 1622 1912 1684 „Quem
1938 1623 2118 1671 iterum

442 1714 569 1762 equa
602 1698 849 1747 nutriebat
883 1706 1207 1764 pastoresque
1240 1701 1488 1749 inventum
1525 1700 1764 1750 infantem
1800 1702 2121 1761 sustulerunt,

444 1778 710 1826 sentientes
746 1794 858 1826 eum
894 1779 1097 1827 deorum
1134 1779 1331 1827 numine
1365 1780 1595 1841 educari,
1646 1786 1794 1844 atque
1839 1781 2120 1829 nutrierunt

443 1873 722 1922 nomenque
757 1859 803 1906 ei
836 1860 1178 1924 imposuerunt
1213 1859 1568 1924 Hippothoum.
1631 1857 1878 1920 Theseus,
1914 1876 2024 1908 cum
2061 1875 2120 1908 ea

444 1938 539 1985 iter
570 1938 760 1986 faceret
793 1939 1112 1997 aTroezene,
1151 1938 1456 2002 Cercyonem
1485 1940 1751 1989 interfecit.
1803 1939 2119 2005 Hippothous

446 2023 609 2066 autem
646 2018 706 2065 ad
735 2016 985 2067 Theseum
1024 2019 1158 2066 venit
1179 2034 1429 2083 regnaque
1452 2020 1580 2068 avita
1608 2020 1813 2082 rogavit.
1865 2019 1958 2068 Cui
1983 2017 2119 2067 The-

447 2112 560 2145 seus
587 2098 745 2146 libens
772 2099 923 2155 dedit,
960 2114 1070 2146 cum
1099 2100 1254 2146 sciret
1281 2115 1391 2147 eum
1408 2098 1623 2164 Neptuni
1648 2100 1801 2148 filium
1822 2115 1952 2156 esse,
1986 2098 2121 2147 unde

444 2177 554 2241 ipse
588 2194 739 2243 genus
775 2178 986 2226 ducebat
1011 2175 1076 2242 *).
1144 2178 1328 2242 Alopes
1363 2185 1524 2227 autem
1562 2195 1741 2243 corpus
1775 2178 2036 2243 Neptunus
2070 2178 2122 2226 in

448 2256 635 2306 fontem
673 2258 1005 2318 commutavit,
1042 2259 1123 2322 qui
1158 2274 1218 2306 ex
1252 2259 1445 2306 nomine
1479 2259 1661 2322 Alopes
1695 2266 1774 2308 est
1809 2258 2119 2323 cognomina-

449 2342 527 2385 tus
550 2334 690 2400 **).''
742 2338 932 2399 Quibus
967 2337 1188 2386 addenda
1224 2344 1338 2386 sunt
1371 2354 1495 2401 quae
1530 2339 1736 2388 Pausan.
1762 2338 1800 2397 Ι,
1831 2341 1912 2398 39,
1940 2341 1986 2386 3.
2014 2354 2120 2386 me-

446 2418 628 2465 moriae
661 2417 908 2481 prodidit:
968 2417 1122 2477 „Post
1156 2419 1442 2482 Argivorum
1480 2419 1707 2482 sepulcra
1742 2419 1926 2482 Alopes
1962 2417 2119 2465 moni-

444 2502 660 2545 mentum
697 2503 801 2554 est‚
839 2514 982 2562 quam
1018 2497 1209 2557 ferunt,
1247 2515 1395 2562 quum
1431 2498 1853 2562 Hippothoontem
1888 2496 2120 2561 Neptuno

446 2576 744 2641 peperisset,
781 2594 839 2625 eo
873 2577 982 2625 loco
1011 2594 1038 2625 a
1063 2584 1204 2642 patre
1231 2577 1483 2641 Cercyone
1502 2577 1956 2625 interfectamesse.
1995 2576 2116 2625 Cer-

448 2671 655 2719 cyonem
679 2662 842 2705 autem
868 2658 1069 2706 tradunt
1093 2657 1290 2706 iniurias
1315 2658 1500 2706 fecisse
1526 2657 1818 2722 hospitibus,
1855 2657 1936 2720 qui
1958 2657 2120 2705 luctae

447 2742 699 2785 certamen
732 2744 1031 2786 recusarent.
1098 2738 1164 2786 Et
1198 2739 1439 2802 palaestra
1474 2737 1611 2786 locus
1646 2737 1794 2786 etiam
1830 2737 1923 2784 hac
1956 2740 2120 2784 aetate

450 2817 755 2881 appellatur,
792 2819 873 2881 qui
905 2834 1002 2867 non
1035 2819 1178 2882 longe
1211 2835 1239 2865 a
1271 2817 1459 2867 tumulo
1487 2817 1669 2881 Alopes
1704 2819 1860 2866 abest.
1930 2814 2121 2864 Dicitur

451 2902 613 2945 autem
651 2897 873 2960 Cercyon
909 2914 1095 2958 omnesn,
1131 2899 1213 2963 qui
1248 2898 1409 2946 luctae
1445 2903 1691 2945 certamen
1716 2897 1916 2952 inirent,
1951 2898 2119 2944 sustu-

451 2975 570 3024 lisse
603 2982 802 3040 praeter
825 2976 1095 3039 Theseum,
1131 2996 1158 3027 a
1194 2995 1289 3042 quo
1325 2984 1434 3026 arte
1467 2977 1621 3042 magis
1649 2993 1792 3042 quam
1820 2975 2007 3024 viribus
2034 2991 2119 3024 su-

503 3117 551 3172 >i³)
581 3118 859 3173 Hesychius:
889 3117 1269 3163 Ἱπποθοώντειον
1298 3114 1349 3161 τὸ
1380 3119 1465 3162 τοῦ
1488 3115 1830 3168 Ἱπποθόωντος
1858 3111 2030 3174 ἡρῷον·
2063 3109 2120 3172 ἦν

585 3185 636 3230 δὲ
675 3186 777 3238 ὐἱὸς
805 3191 1107 3240 Ποσειδῶνος.
1165 3189 1349 3233 Suidas:
1398 3185 1557 3245 Ἀλόπη
1599 3186 1858 3247 Κερκυόνος
1893 3184 2119 3244 θυγάτηρ,

590 3254 637 3310 ἐξ
665 3251 720 3312 ἧς
747 3258 825 3302 καὶ
856 3261 1142 3311 Ποσειδῶνος
1168 3255 1427 3303 Ἱπποθόων
1455 3259 1480 3304 ὁ
1513 3261 1596 3316 τῆς
1621 3258 2007 3309 Ἱπποθοωντίὸος
2032 3274 2119 3313 ‹pv-

588 3329 669 3382 λῆς
698 3325 950 3384 ἐπώνυμος.

474 3398 553 3454 *ἢ
582 3399 838 3455 Hesychius
865 3413 900 3440 s.
929 3415 973 3442 v.
1001 3394 1158 3455 Ἀλόπη
1177 3415 1187 3426 ·
1218 3398 1348 3451 πόλις
1377 3400 1426 3446 ἐν
1442 3398 1588 3459 Ἀργει
1615 3399 1695 3446 καὶ
1722 3396 1866 3458 κρήνη
1898 3396 1946 3444 ἐν
1974 3398 2120 3443 Ἐλευ-

591 3472 698 3522 σῖνι,
727 3463 830 3525 ἥτις
860 3466 1052 3525 Φιλότης
1080 3469 1298 3515 ἐκαλεῖτο.
