2170 3866
1089 284 1217 345 524

317 436 469 485 bonas
527 437 659 484 artes
703 433 1013 501 principatus
1071 442 1155 486 aut
1199 437 1365 502 parari
1408 442 1496 488 aut
1542 438 1750 489 retineri
1790 446 2006 506 poterat.

317 514 484 564 Semel
530 513 681 578 igitur
716 515 796 564 his
831 516 1042 580 negotiis
1077 516 1334 582 implicato
1366 519 1726 586 Agamemnoni
1760 534 1856 570 non
1889 521 2007 571 licet

315 595 480 643 scelus
515 596 763 644 abnuere:
799 611 950 644 unum
986 596 1258 646 curandum
1293 604 1389 661 est,
1423 604 1480 648 ut
1512 614 1658 663 quam
1691 599 2006 665 paucissimis

314 690 429 725 cum
460 675 679 724 lacrimis
712 681 1005 741 perpetrare
1037 677 1225 741 possit,
1271 679 1428 728 celata
1471 677 1899 744 Clytaemnestra,
1943 696 2007 731 ne

314 761 432 806 ante
465 755 708 805 resciscat
761 771 908 820 quam
943 757 1195 806 immolata
1231 758 1296 807 sit
1329 759 1484 825 virgo.

447 835 697 895 Omnium,
732 850 861 899 quae
892 852 1109 901 unquam
1146 854 1174 885 a
1207 839 1370 903 poetis
1407 838 1595 905 scripta
1623 843 1758 900 sunt,
1794 837 1862 888 nil
1889 842 2006 904 pot-

312 921 391 967 est
435 915 767 981 praestantius
812 931 927 965 esse
974 932 1118 980 quam
1154 919 1251 967 hoc
1297 918 1589 983 episodium.
1658 917 1786 968 Nam
1822 918 2004 967 utalia

310 997 551 1057 omittam,
586 998 799 1060 quantus
832 995 972 1060 vigor
1007 1001 1085 1046 est
1117 998 1355 1059 actionis,
1402 1015 1547 1064 quam
1582 999 1851 1048 vehemens
1885 1013 2005 1047 con-

309 1077 496 1136 tentio,
531 1091 678 1140 quam
713 1079 920 1140 argutae
953 1085 1068 1127 sunt
1101 1079 1403 1142 sententiae,
1439 1096 1590 1143 quam
1624 1079 1807 1128 decent
1838 1077 2004 1128 omnia

310 1162 363 1208 et
394 1162 511 1223 apte
543 1156 754 1204 haerent
787 1162 840 1205 et
863 1159 1146 1206 necessario
1174 1158 1270 1207 alia
1308 1175 1371 1208 ex
1397 1160 1507 1208 aliis
1533 1162 1819 1220 nascuntur,
1854 1173 2003 1223 quam

309 1242 475 1287 movet
520 1235 713 1285 animos
759 1236 958 1285 nuntius
1006 1237 1068 1286 ad
1118 1238 1519 1302 desperationem
1561 1239 1813 1288 adducens
1866 1254 2000 1300 eum,

309 1318 392 1368 cui
442 1331 636 1366 summa
687 1330 799 1363 cum
847 1315 1033 1364 laetitia
1080 1319 1377 1381 gratulatur!
1436 1318 1625 1368 Merito
1659 1318 1842 1368 chorus
1861 1318 2003 1368 ‘haec

305 1398 504 1448 intuens
548 1395 874 1444 constantiam
922 1402 976 1445 ut
1021 1396 1395 1446 fundamentum
1443 1400 1676 1448 virtutum
1725 1398 2001 1462 praedicat,

306 1493 454 1543 quam
501 1475 788 1540 neutiquam
834 1475 955 1524 dicit
1001 1476 1275 1525 absentiam
1324 1477 1592 1528 affectuum
1627 1478 1706 1526 vel
1741 1483 1999 1542 torporem

308 1574 446 1621 esse,
496 1555 587 1606 sed
633 1556 1028 1605 moderationem
1064 1561 1212 1620 atque
1245 1559 1641 1622 temperantiam.
1709 1559 1788 1608 Ad
1822 1557 1997 1606 mode—

305 1638 549 1689 rationem
591 1641 756 1685 autem
804 1637 987 1700 partim
1034 1643 1206 1686 natura
1252 1637 1482 1686 homines
1523 1638 1703 1704 partim
1737 1636 1998 1701 disciplina

307 1719 450 1769 duci:
499 1717 591 1766 niti
635 1715 764 1765 enim
812 1716 947 1765 illam
996 1721 1102 1766 tum
1148 1717 1368 1781 pudore,
1414 1734 1513 1782 quo
1559 1719 1724 1783 turpia
1763 1717 1998 1777 vitemus,

305 1805 411 1850 tum
456 1798 677 1858 ratione,
727 1812 823 1860 qua
858 1796 975 1862 quid
1027 1798 1074 1845 in
1127 1814 1323 1862 quaque
1367 1814 1423 1847 re
1459 1799 1638 1848 deceat
1685 1801 1996 1861 quaeramuS.

302 1880 372 1930 Et
404 1878 640 1928 mulieres
674 1877 887 1926 maxime
922 1879 1180 1940 castitate,
1228 1878 1360 1927 viros
1398 1879 1679 1929 innocentia
1712 1877 1910 1927 laudem
1944 1883 1999 1928 et

303 1960 510 2029 gloriam
561 1962 812 2006 aeternam
848 1957 1085 2022 adipisci:
1131 1958 1212 2006 illa
1259 1959 1470 2020 domna,
1517 1958 1611 2007 hac
1645 1957 1875 2007 civitates
1907 1973 1997 2006 au-

303 2040 430 2109 geri.
495 2038 607 2088 Hoc
643 2054 843 2088 carmen
879 2037 1088 2102 perinde
1122 2038 1269 2087 dulce
1301 2044 1452 2103 atque
1485 2038 1607 2087 utile
1642 2042 1735 2099 est,
1772 2039 1996 2104 dignum·

304 2137 401 2187 que
435 2119 568 2181 quod
603 2118 823 2167 omnium
857 2118 1249 2167 adolescentium
1283 2119 1551 2167 memoriae
1586 2119 1878 2167 inculcetur.

436 2199 591 2250 Venit
628 2197 1031 2261 Clytaemnestra
1080 2214 1191 2246 cum
1239 2198 1495 2264 Iphigenia
1547 2203 1598 2247 et
1645 2182 1884 2248 comitatu
1916 2197 1994 2246 fa-

303 2280 567 2332 mularum.
637 2277 845 2341 Species
893 2277 1001 2341 ipsa
1047 2278 1268 2326 mulieris
1313 2278 1535 2326 declarat
1580 2293 1690 2325 eam
1735 2282 1788 2325 et
1831 2278 1992 2341 ipsam

303 2361 452 2412 claris
499 2374 613 2408 esse
658 2355 950 2421 parentibus
998 2361 1162 2403 natam
1211 2360 1263 2403 et
1296 2355 1450 2403 filiam
1485 2355 1725 2419 principis
1759 2356 1852 2403 viri
1885 2371 1992 2404 ma-

302 2439 532 2491 trimonio
567 2436 836 2486 adducere.
904 2435 1016 2497 Qua
1050 2451 1141 2500 spe
1174 2435 1336 2495 beata,
1370 2434 1529 2499 magis
1554 2436 1701 2484 etiam
1729 2451 1876 2500 quam
1904 2451 1992 2484 an-

303 2528 386 2572 tea
420 2519 572 2568 filiam
621 2516 780 2579 diligit
814 2520 1056 2579 curatque
1089 2514 1373 2575 delicatius;
1421 2515 1570 2563 etiam
1607 2514 1841 2564 Orestem
1874 2530 1991 2580 par-

301 2601 487 2660 vulum,
521 2603 577 2648 ut
610 2596 796 2662 nuptiis
829 2595 1043 2657 intersit,
1078 2609 1250 2644 secum
1283 2594 1500 2643 adduxit.
1553 2595 1826 2659 Postquam
1849 2599 1993 2646 cante

303 2696 474 2731 omnes
523 2678 587 2726 de
629 2677 791 2726 rheda
833 2676 1232 2734 descenderunt,
1292 2680 1560 2740 conspecto
1605 2676 1990 2740 Agamemnone,

303 2757 559 2826 Iphigenia
608 2757 714 2805 sine
761 2771 902 2804 mora
945 2754 1008 2803 ad
1052 2758 1228 2819 pectus
1273 2755 1432 2819 patris
1470 2771 1526 2805 se
1561 2756 1777 2805 coniicit.
1843 2755 1990 2804 insti-

300 2840 462 2891 tuitur
504 2836 805 2900 colloquium
854 2835 1176 2900 ambiguitate
1222 2835 1442 2883 breviter
1484 2837 1731 2885 dictorum
1779 2834 1990 2900 insigne,

304 2936 403 2985 quo
437 2920 489 2968 in
524 2933 736 2983 genere,
769 2915 832 2963 ad
867 2915 1163 2964 movendum
1196 2913 1534 2974 validissimo,
1577 2915 1790 2964 maxime
1823 2914 1991 2964 excel-

303 3000 362 3049 lit
394 2998 679 3063 EuripideS.
748 2994 1000 3060 Simplex,
1038 2993 1249 3060 placida,
1283 2994 1419 3043 nullo
1452 2994 1615 3044 adhuc
1649 2994 1824 3044 dolore
1854 2999 1992 3044 tacta

304 3078 471 3144 puella
505 3081 609 3126 tota
643 3080 723 3125 est
766 3075 817 3124 in
862 3091 1031 3124 amore
1065 3074 1311 3139 parentis;
1357 3075 1481 3122 haec
1513 3074 1790 3123 innocentia
1820 3074 1988 3139 vvirgi--

303 3159 382 3208 nis
418 3157 595 3206 fraude
642 3156 1041 3215 circumventae,
1089 3155 1214 3203 haec
1247 3153 1579 3218 imprudentia
1611 3152 1872 3219 gaudentis
1905 3167 1989 3201 re-

304 3243 452 3303 cepto
487 3243 643 3302 patre,
679 3236 764 3298 qui
797 3235 1141 3284 immolaturus
1177 3239 1283 3292 est,
1317 3235 1443 3282 haec
1478 3235 1717 3283 securitas
1757 3237 1811 3281 et
1842 3247 1988 3295 prae-

304 3317 518 3366 sentium
566 3331 735 3364 rerum
791 3315 1072 3364 iucunditas
1118 3313 1489 3377 comparatione
1531 3313 1648 3362 mali
1690 3311 1989 3362 imminentis

303 3396 695 3446 misericordiam
741 3399 1068 3444 commovent.
1135 3394 1477 3457 Agamemnon
1521 3397 1688 3441 autem
1734 3391 1990 3456 suspensis

306 3481 458 3541 atque
491 3474 733 3541 ambiguis
777 3475 935 3524 utitur
981 3473 1147 3524 verbis
1187 3472 1411 3523 dolorem
1444 3470 1758 3523 dissimulans
1791 3476 1843 3521 et
1875 3485 1990 3520 sen-
