2202 3892
898 218 1019 276 273

126 366 348 432 thybiuS,
384 364 516 414 sicut
539 363 781 428 promisit,
815 363 925 428 ipse
958 368 1199 428 reportat,
1237 363 1381 412 simul
1414 363 1644 414 nuntians
1676 362 1812 413 Neo-

125 447 427 513 ptolemum,
459 445 589 509 qnod
637 444 837 492 Peleum
873 445 933 492 ab
972 445 1152 492 Acasto
1188 460 1217 492 e
1252 445 1410 507 patria
1446 445 1658 494 eiectum
1693 460 1807 494 esse

127 527 365 586 audierit,
403 526 578 588 citius,
614 541 758 588 quam
798 524 962 580 vellet,
1001 524 1280 588 profectum
1318 540 1448 585 esse,
1486 525 1625 573 cuius
1663 523 1811 573 festi-

126 588 328 656 natione
364 605 766 664 Andromachen,
813 618 908 667 quo
953 604 1114 652 minus
1160 603 1261 651 filio
1297 603 1426 651 iusta
1458 605 1564 668 ipsa
1598 604 1807 668 faceret,

122 687 447 750 prohibitam,
506 685 744 732 Hecubae
792 698 970 746 corpus
1023 699 1132 730 cum
1186 690 1326 731 scuto
1364 683 1626 742 Hectoris,
1676 683 1807 748 quod

124 771 260 815 esset
294 774 344 814 et
378 781 468 829 pro
506 765 704 812 cedrino
738 763 924 810 feretro
960 766 1010 809 et
1047 778 1135 826 pro
1171 779 1321 810 saxeo
1358 770 1692 823 monumento,
1730 780 1806 813 se-

122 845 405 912 peliendum
443 846 652 892 mittere.
723 842 831 890 Non
859 842 1051 888 minore
1085 843 1365 904 prudentia,
1402 859 1548 907 quam
1584 860 1679 906 qua
1715 842 1804 891 Ti-

123 926 353 974 manthes
391 925 565 988 pictor,
603 939 712 970 cnm
749 922 798 970 in
834 921 1129 969 immolanda
1165 921 1414 986 Iphigenia
1461 924 1653 971 tristem
1692 923 1807 971 Cal-

126 1005 301 1063 cham,
357 1003 678 1052 moestiorem
722 1000 986 1064 Ulyssem,
1036 1011 1338 1050 moerentem
1390 1001 1669 1051 Menelaum
1720 1019 1807 1052 ex-

121 1086 396 1139 hibuisset,
460 1082 814 1132 obvolvendum
874 1087 1020 1145 caput
1074 1083 1451 1146 Agamemnonis
1509 1099 1621 1130 esse
1669 1083 1806 1144 vidit,

121 1165 347 1230 quoniam
397 1179 639 1212 summum
686 1162 825 1210 illum
875 1160 1057 1210 luctum
1094 1161 1324 1226 penicillo
1360 1178 1454 1210 non
1490 1169 1662 1225 posset
1695 1163 1807 1210 imi-

122 1245 216 1294 tari
252 1244 382 1307 (cic.
405 1243 540 1291 Orat.
572 1245 651 1303 22,
690 1243 811 1304 749,
847 1240 1109 1306 Euripides
1148 1243 1342 1306 lugendi
1380 1243 1805 1306 componendique

120 1324 434 1388 Astyanactis
471 1338 645 1371 munus
681 1337 776 1370 non
797 1321 1186 1382 Andromachae,
1223 1322 1309 1369 sed
1334 1321 1571 1370 Hecubae
1607 1321 1803 1385 delega-

118 1402 264 1469 vit*).
332 1403 387 1452 Id
438 1418 632 1467 quoque
680 1402 859 1449 scitum
909 1409 960 1449 et
995 1403 1257 1451 humanum
1306 1410 1411 1460 est,
1461 1401 1588 1466 quod
1621 1402 1743 1451 fecit
1778 1419 1806 1451 a

51 1537 55 1541 ⁴
117 1499 365 1550 praecone
413 1483 634 1532 hostium
682 1497 863 1544 corpus
900 1483 1246 1531 crudelissime
1278 1482 1534 1530 interfecti
1569 1482 1720 1531 lavari
1755 1488 1807 1532 et

118 1565 400 1628 sepulcrum
437 1563 497 1611 ab
534 1563 708 1611 eodem
746 1562 924 1626 parari.
1000 1561 1214 1610 Gravius
1253 1578 1368 1611 vero
1395 1562 1516 1610 nihil
1548 1561 1666 1625 fingi
1693 1567 1807 1627 pot-

118 1651 198 1707 est
241 1644 480 1693 Hecubae
529 1644 768 1690 oratione.
839 1641 920 1703 „0
969 1643 1152 1690 maiore
1186 1659 1460 1703 armorum,
1508 1658 1651 1704 quam
1689 1658 1807 1707 pru-

117 1725 329 1782 dentiae,
364 1723 509 1771 laude
541 1722 776 1769 florentes
818 1722 1008 1778 Achivi,
1047 1722 1162 1785 quid
1199 1723 1330 1770 hunc
1369 1728 1650 1769 metuentes
1678 1738 1804 1786 pue-

117 1821 230 1853 rum
275 1819 445 1851 novam
483 1802 685 1848 caedem
732 1802 960 1865 patrastis
977 1801 1003 1849 ’ἔ
1071 1801 1148 1850 Ne
1194 1802 1383 1849 scilicet
1417 1799 1616 1849 Troiam
1665 1818 1805 1850 ever-

119 1899 224 1932 sam
259 1881 575 1931 restitueret!
626 1897 743 1943 ergo
780 1882 899 1929 nihil
935 1882 1114 1937 eratiS‚
1152 1897 1291 1939 cum,
1325 1880 1559 1928 Hectoris
1596 1881 1806 1930 florente

117 1963 300 2012 virtute
336 1970 392 2010 et
424 1961 624 2009 infinitis
662 1963 820 2025 copiis
862 1978 952 2026 pro
989 1963 1129 2010 nobis
1166 1962 1517 2025 pugnantibus,
1554 1961 1808 2010 nihilomi-

117 2058 212 2091 nus
249 2042 516 2106 periimus,
561 2048 704 2104 capta
740 2057 855 2088 vero
892 2044 1014 2089 urbe
1049 2057 1106 2088 ac
1141 2038 1306 2088 deleto
1344 2041 1527 2104 populo
1563 2042 1694 2090 hunc
1729 2042 1805 2091 in—

115 2121 306 2169 fantem
341 2121 590 2188 timuistis.
661 2119 769 2168 Non
805 2120 950 2169 laudo
988 2127 1171 2168 metum
1207 2120 1384 2168 iudicio
1421 2128 1687 2169 carentem.
1759 2121 1802 2170 Ο

115 2203 396 2260 carissime,
433 2217 575 2263 quam
629 2201 800 2247 infelix
848 2202 936 2249 tibi
974 2200 1129 2248 fatum
1166 2200 1389 2248 obvenit!
1440 2200 1562 2248 Nam
1600 2201 1643 2248 si
1673 2201 1807 2250 obis-

116 2297 198 2331 ses
246 2282 475 2336 adultus,
525 2281 891 2329 matrimonium
940 2289 988 2328 et
1024 2297 1255 2343 regumn,
1304 2295 1402 2343 quo
1438 2281 1672 2329 mortales
1710 2281 1806 2330 diis

117 2371 413 2426 aequantur,
461 2361 701 2422 adeptus,
752 2361 923 2408 heatus
967 2361 1181 2418 fuisses,
1230 2360 1274 2407 si
1322 2360 1495 2409 horum
1543 2362 1802 2425 quicquam

115 2442 316 2491 beatum
366 2447 460 2489 est.
531 2440 671 2488 Nunc
717 2441 883 2488 vidisti
930 2441 1126 2504 quidem
1180 2456 1302 2504 opes
1338 2441 1666 2501 domesticas,
1715 2441 1806 2490 sed

113 2538 235 2571 usus
268 2538 324 2570 es
358 2521 491 2570 nullo
521 2522 682 2570 modo.
746 2521 788 2568 Ο
823 2522 1105 2569 miserabile
1143 2528 1308 2585 caput,
1345 2537 1490 2583 quam
1527 2529 1575 2568 te
1612 2521 1804 2568 saucia-

115 2608 231 2650 runt
264 2601 456 2650 moenia
493 2603 695 2665 patriae,
734 2593 1045 2649 monumen-ta
1083 2601 1350 2666 Apollinis!
1390 2601 1547 2662 Quam
1579 2601 1806 2649 studiose

117 2697 270 2744 saepe
314 2681 465 2728 coluit
512 2683 784 2746 comsitqne
838 2683 1103 2729 caesariem
1141 2685 1300 2728 mater
1336 2687 1387 2728 et
1423 2681 1592 2729 oscula
1629 2680 1804 2728 decer-

114 2762 244 2826 psit,
291 2760 373 2808 ubi
411 2776 539 2808 nunc
575 2761 841 2809 confractis
878 2762 1074 2810 ossibus
1108 2761 1282 2809 vulnus
1320 2760 1450 2808 hiat!
1529 2759 1570 2807 Ο
1607 2775 1802 2820 manus,

114 2855 264 2904 quam
315 2839 512 2887 dulcem
550 2842 702 2903 patris
738 2843 996 2906 imaginem
1034 2841 1313 2890 referentes
1349 2842 1539 2888 artibus
1576 2839 1800 2888 haeretis

119 2919 335 2983 solutae}
383 2918 424 2965 0
463 2921 669 2968 amabile
703 2937 776 2983 os,
814 2939 956 2986 quam
994 2921 1148 2970 multa
1184 2920 1426 2982 quondam
1464 2921 1658 2968 iactasti
1694 2920 1803 2968 fru-

117 3006 323 3065 straque
359 2999 648 3063 promisisti,
682 3016 793 3049 cum
829 3001 957 3050 lecto
982 3018 1094 3050 meo
1120 3002 1358 3063 incidens,
1396 3017 1425 3049 o
1461 3006 1639 3059 mater,
1672 3000 1802 3048 dixi-

173 3189 223 3243 *)
257 3189 410 3232 Schol.
443 3191 499 3231 ad
530 3205 574 3232 v.
607 3189 747 3232 1119:
787 3190 944 3246 κομψὰ
977 3190 1027 3235 δὲ
1065 3193 1211 3236 ταῦτα
1244 3190 1400 3235 πάντα
1429 3192 1676 3247 πεποίηκε·
1706 3207 1803 3234 πα·-

258 3258 434 3316 ρῄρητο
473 3259 522 3303 δὲ
561 3257 611 3303 τὸ
646 3259 862 3316 τραγικὸν
901 3262 1272 3318 κατασκεύασμα.
1331 3264 1476 3320 Εἴπερ
1519 3261 1606 3320 ’γὰρ
1647 3262 1804 3318 παρῆν

256 3328 286 3385 ἡ
318 3330 613 3389 Ἀνδρομάχη,
658 3329 946 3389 οἰκτρότερον
974 3331 1034 3377 ἂν
1062 3332 1238 3389 ἐγένετο
1268 3332 1320 3378 τὰ
1350 3332 1508 3385 πάθος
1537 3330 1802 3392 θρηνούσης

257 3397 407 3459 αὐτῆς
435 3401 516 3446 τὸν
546 3402 670 3446 ἴδιον
697 3402 861 3447 παῖδα.

195 3470 259 3522 Τ.
294 3470 359 3523 11.
1416 3477 1484 3522 18
