2170 3848
874 260 955 320 51

87 415 365 468 tet-nuntius
423 418 559 475 erat,
613 411 738 462 flens
795 411 858 460 ad
901 409 1167 473 Meropem
1211 407 1369 468 venit,
1428 402 1612 472 negans
1656 424 1772 458 eum

87 498 218 564 apud
245 496 491 561 hospitem
518 509 648 553 esse,
682 508 776 541 nec
802 505 1106 555 comparere.
1171 486 1382 552 Merope
1414 489 1622 539 credens
1658 508 1772 542 eum

88 594 205 628 esse
238 577 328 624 filii
365 576 440 624 sui
474 573 869 630 interfectorem,
903 569 989 633 qui
1024 568 1314 627 dormiebat,
1350 570 1397 615 in
1435 567 1774 622 Chalcidicum

89 674 202 709 cum
239 657 401 704 securi
437 654 573 702 venit
607 653 773 710 inscia,
809 658 865 699 ut
898 650 1055 697 filium
1083 664 1226 697 suum
1253 648 1591 700 interficeret:
1625 669 1774 716 quem

89 752 243 788 senex
290 735 541 799 coguovit,
585 737 637 780 et
670 736 875 779 matrem
913 730 973 778 ab
1014 729 1206 777 scelere
1243 725 1497 778 retraxit.''
1565 731 1775 782 Exstant

88 818 394 880 fragmenta,
437 829 498 862 ex
545 812 717 875 quibus
752 810 1085 874 intelligatur,
1135 817 1316 872 quanta
1351 826 1463 858 cum
1500 814 1777 862 constantia

89 897 240 947 animi
274 900 423 958 atque
457 890 812 954 tranquillitate
845 896 1055 938 mortem
1090 889 1196 950 filii,
1230 890 1279 938 in
1314 905 1413 953 quo
1448 907 1566 957 spes
1604 892 1776 943 salutis

91 977 248 1042 omnis
282 975 439 1038 posita
472 978 596 1030 erat,
634 977 791 1018 mater
825 970 1025 1018 tulerit:

217 1056 433 1104 τεθνᾶσι
466 1049 652 1110 παῖδες
686 1049 785 1100 οὐκ
819 1046 936 1113 ἐμοὶ
971 1047 1109 1115 μόνῃ
1146 1046 1376 1113 βροτῶν,

222 1133 341 1186 οὐδ’
374 1131 572 1198 ἀνδρὸς
606 1128 928 1197 ἐστερήμεθ’,
966 1127 1098 1180 ἀλλὰ
1132 1127 1322 1194 μυρίαι

218 1213 314 1267 τὸν
348 1212 512 1265 αὐτὸν
546 1209 866 1280 ἐξήντλησαν
901 1208 972 1270 ὡς
1006 1205 1108 1276 ἐγὼ
1145 1209 1282 1274 βίον.

219 1323 286 1334 -
417 1324 482 1333 —
613 1291 704 1345 καὶ
738 1291 820 1353 δὶς
854 1289 961 1343 ἕπτ’
1000 1291 1163 1359 αὐτῆς
1194 1290 1355 1342 τέκνα

221 1375 404 1442 Νιόβη
432 1375 501 1440 *),
537 1374 782 1426 θανόντα
812 1373 1009 1435 Λοξίου
1045 1373 1375 1439 τοξεύμασιν.

222 1483 289 1493 —-
418 1483 486 1492 —-
618 1483 681 1494 -
820 1454 876 1506 αἱ
907 1454 1061 1520 τύχαι
1095 1451 1153 1505 δέ
1187 1469 1267 1519 με,

222 1535 420 1603 μισθὸν
453 1534 718 1600 λαβοῦσαι
750 1536 858 1586 τῶν
892 1532 1036 1600 ἐμῶν
1069 1534 1134 1586 τὰ
1168 1533 1412 1598 φίλτατα,

223 1614 402 1684 σοφὴν
435 1613 652 1683 ἔθηκαν.

93 1699 295 1766 Optime
329 1705 664 1749 convenerunt
699 1697 1001 1747 sublimioris
1047 1694 1400 1760 philosophiae
1429 1698 1698 1759 praecepta
1731 1695 1782 1745 in

93 1780 352 1829 mulierem
380 1780 647 1828 multorum
662 1779 897 1827 malorum
922 1776 1251 1842 perpessione
1278 1780 1327 1822 et
1343 1774 1783 1839 praemeditatione

93 1860 371 1909 futurorum
417 1859 736 1923 perpolitam,
786 1862 838 1906 et
885 1856 1090 1921 perinde
1137 1855 1351 1920 graviter
1397 1860 1548 1918 atque
1590 1854 1784 1904 utiliter

95 1940 220 1988 haec
253 1939 580 1987 monebantur
612 1939 661 1986 in
698 1938 932 1996 theatriS,
969 1942 1102 1984 teste
1137 1933 1441 1983 Plutarcho:
1492 1931 1529 1998 ἦ
1574 1931 1631 1983 δὲ
1666 1935 1782 1985 Με-

96 2017 236 2084 ρόπη
255 2016 450 2082 λόγους
474 2015 766 2082 ἀνδρώδεις
796 2013 1170 2080 προφερομένη
1205 2016 1386 2065 κινεῖ
1414 2011 1493 2064 τὰ
1527 2010 1783 2079 θέατρα

95 2096 325 2163 λέγουσα
375 2101 610 2149 τοιαῦτα.
693 2099 974 2147 Recordata
1039 2097 1221 2145 deinde
1269 2095 1480 2160 Merope
1532 2096 1783 2161 hospitem

97 2180 341 2244 quendam
377 2180 524 2228 modo
559 2196 586 2227 a
610 2179 920 2243 Polyphonte
954 2193 1127 2241 magna
1163 2192 1275 2233 cum
1313 2177 1499 2224 laetitia
1518 2183 1784 2241 exceptum

97 2277 227 2322 esse,
262 2259 641 2323 intelligensque
677 2261 813 2322 signa
847 2260 895 2306 in
932 2274 1044 2307 eum
1083 2257 1244 2305 omnia
1277 2256 1566 2315 convenire,
1602 2258 1783 2320 quibus

96 2341 249 2406 signis
283 2341 373 2388 filii
409 2340 486 2387 sui
531 2340 822 2388 interfector
857 2354 971 2387 esse
1014 2342 1329 2401 argueretur,
1379 2336 1439 2383 ad
1474 2336 1786 2386 interficien-

95 2422 212 2471 dum
249 2420 616 2479 Chalcidicum,
653 2435 799 2483 quem
837 2425 999 2482 putat,
1037 2423 1091 2466 et
1124 2416 1394 2466 ulciscendi
1429 2418 1592 2465 studio
1629 2415 1786 2480 (quod

95 2508 315 2551 veterum
350 2515 496 2548 nemo
528 2497 863 2564 improbabat)
886 2505 936 2547 et
965 2499 1150 2563 pietate
1177 2497 1464 2561 impellitur.
1513 2496 1630 2551 Sola
1654 2498 1783 2546 enim

96 2582 221 2632 lucri
255 2581 488 2645 cupidine
524 2580 697 2629 ductus
728 2579 812 2628 ille
846 2595 957 2627 eum
993 2577 1310 2626 interfecisse
1343 2576 1616 2638 videbatur,
1650 2576 1785 2626 nulla

96 2662 205 2727 ipse
239 2660 402 2708 laesus
437 2661 630 2708 iniuria.
701 2659 776 2708 Eo
812 2666 1038 2723 spectant
1071 2658 1220 2706 verba
1255 2657 1470 2714 haecce:

228 2737 388 2804 κέρδη
416 2742 637 2790 τοιαῦτα
670 2739 768 2805 χρή
801 2756 922 2789 τινα
958 2739 1188 2788 κτᾶσθαι
1224 2735 1451 2801 βροτῶν,

229 2816 314 2884 ἐφ’
349 2812 456 2870 οἷσι
487 2816 657 2885 μέλλει
689 2819 761 2886 μή
794 2821 924 2870 ’ποθ’
959 2818 1184 2883 ὕστερον
1219 2815 1438 2868 στένειν.

98 2901 246 2950 Hunc
278 2902 446 2964 igitur,
481 2902 563 2964 qui
595 2901 960 2966 improbissime
993 2901 1326 2950 trucidaverat
1360 2899 1632 2956 insontem,
1668 2912 1786 2962 pro-

99 2981 303 3031 bissime
329 2981 430 3029 leto
457 2979 630 3028 datura
654 2968 729 3030 est
756 2988 917 3029 mater
942 2981 1211 3031 interfecti.
1248 2978 1470 3028 Necesse
1495 2981 1663 3026 autem
1690 2975 1788 3025 fuit

99 3060 469 3109 adolescentem
515 3060 565 3108 in
599 3060 796 3124 porticu
829 3062 1022 3124 regiae,
1073 3076 1199 3125 quae
1234 3064 1367 3107 esset
1401 3074 1491 3123 pro
1525 3057 1785 3116 vestibulo,

100 3157 248 3204 quum
269 3157 448 3205 corpus
470 3140 625 3205 quieti
645 3140 800 3198 daret,
837 3141 1146 3200 recubuisse,
1182 3145 1235 3188 et
1261 3137 1463 3202 quidem
1489 3137 1589 3186 alto
1613 3151 1786 3185 somno

102 3236 397 3284 oppressum
417 3236 545 3279 esse,
567 3224 742 3284 utpote
758 3220 1037 3284 languidum
1055 3236 1117 3268 ex
1147 3219 1340 3269 itinere.
1397 3218 1574 3266 Coram
1591 3218 1786 3266 theatro

101 3300 232 3348 enim
265 3299 388 3348 haec
423 3306 532 3348 acta
567 3306 680 3348 sunt
713 3305 844 3349 teste
877 3299 1149 3350 Plutarcho
1172 3298 1233 3348 T.
1260 3298 1323 3359 ΙΙ,
1350 3301 1464 3348 998.
1484 3299 1573 3348 E.:
1608 3294 1789 3347 σκόπει

157 3467 204 3522 ¹¹¹)
230 3468 375 3525 Vulgo
407 3466 600 3525 Νιόβης.

1386 3540 1418 3584 4
1434 3537 1463 3565 ποι
