2170 3866
925 277 1053 339 515

270 429 366 486 καὶ
397 428 536 497 πρὸς
567 427 619 481 τί
651 429 802 481 ταῦτ’
835 426 1118 496 ὀδύρομαι,
1150 423 1334 493 ψυχὴν
1373 423 1508 494 ἐμὴν

215 538 218 542 ·
274 511 437 580 ὄρῶσ’
471 510 675 578 ἔρημον
705 508 799 563 καὶ
829 505 1278 577 παρημελημένην

272 593 410 660 πρὸς
443 592 522 645 ὡν
555 590 716 661 ἐχρῆν
747 589 963 660 ηκιστα;
999 586 1273 657 μαλθακοὶ
1306 585 1366 642 δὲ
1399 584 1468 654 δὴ

273 677 498 727 τοιαῦτα
529 673 862 741 γιγνόμεσθα
894 672 1186 739 πάσχοντες
1212 666 1367 722 κακά.

274 755 343 809 οὐ
376 754 450 823 μὴ
483 754 791 821 προδώσεις,
826 752 988 821 θυμέ
1022 750 1227 804 σαυτὸν
1261 747 1320 801 ἐν
1352 749 1551 810 κακοῖς.

275 837 440 903 οἴμοι,
477 836 751 889 δέδοκται·
785 835 986 898 παῖδες
1021 828 1170 893 ἐκτὸς
1202 830 1461 897 ὀμμάτων

276 916 547 971 α’πέλθετ’·
581 917 687 986 ἤδη
719 915 823 984 γάρ
857 934 921 982 με
957 914 1148 983 φοινία
1183 912 1352 980 μέγαν

273 998 466 1053 δέδυκε
500 999 670 1051 λύσσα
701 998 905 1064 θυμόν.
976 999 1018 1049 ὠ
1051 994 1213 1062 χέρες,
1247 991 1411 1062 χέρες,

273 1081 412 1147 πρὸς
444 1074 564 1133 οἷον
599 1077 761 1147 ε’ργον
793 1075 1242 1146 ἐξοπλιζόμεσθα]
1275 1078 1409 1142 φεῦ

274 1162 501 1214 τάλαινα
533 1162 746 1229 τόλμης,
787 1161 823 1228 ἢ
856 1153 1032 1212 πολὺν
1065 1158 1240 1211 πόνον
1276 1157 1464 1223 βραχεῖ

275 1247 664 1311 θιαφθεροΰσα
696 1240 794 1294 τὸν
828 1241 959 1307 ἐμὸν
992 1237 1213 1308 ἔρχομαι
1241 1238 1445 1305 χρόνῳς

143 1325 212 1378 cf.
245 1326 424 1390 Eurip.
461 1341 508 1376 ν.
545 1326 915 1375 lom—1070.

272 1405 501 1455 Alterum
548 1404 887 1467 fragmentum
914 1401 1089 1451 schol.
1124 1400 1300 1466 Eurip.
1335 1397 1476 1450 Med.
1520 1397 1581 1447 ad
1617 1413 1662 1449 v.
1700 1400 1848 1448 1377.

139 1485 376 1545 servavit,
411 1485 503 1534 sed
536 1483 675 1533 vitiis
700 1483 927 1548 pluribus
950 1482 1316 1532 deformatum:
1359 1477 1638 1544 Νεόφρων
1673 1477 1732 1531 δὲ
1766 1478 1846 1542 ξε-

140 1564 438 1618 νικώτατον
470 1562 674 1631 ἀγχόνῃ
707 1562 913 1628 ποιεῖ*)
951 1563 1262 1629 τελευτῆσαι
1299 1558 1418 1625 (τὸν
1444 1553 1711 1627 Ἰάσονα)·
1745 1557 1848 1628 τὴν

138 1645 246 1713 γὰρ
279 1645 535 1713 Μήδειαν
566 1644 796 1710 παράγει
828 1642 962 1709 πρὸς
995 1640 1164 1694 αὐτὸν
1198 1641 1487 1693 εἰποῦσαν·

274 1725 459 1792 „titios
492 1725 642 1793 μόρῳ
674 1724 779 1792 γὰρ
814 1722 976 1785 αὐτὸς
1010 1721 1235 1790 ἐχθίστῳ
1269 1720 1565 1790 φέρεις**),

273 1807 476 1876 βρόχον
507 1804 605 1858 τὸν
636 1805 867 1874 α’γχόνης
901 1803 1196 1865 ἐπισπάσας
1231 1803 1372 1872 δέρῃ.

272 1887 393 1940 τοία
427 1899 486 1940 σε
518 1890 684 1954 μοῖρα
718 1888 830 1939 σῶν
863 1888 1047 1939 κακῶν
1081 1886 1255 1953 ἔργων
1288 1884 1452 1951 μένει.

273 1972 472 2031 ἄλλους
506 1967 732 2032 διδάξεις
764 1967 993 2036 μυρίους
1026 1965 1455 2035 ἐφημέρους***)

274 2051 422 2104 θεῶν
453 2049 658 2118 ὕπερθε
689 2049 882 2118 μήποτ’
918 2049 1170 2117 αἴρεσθαι
1202 2049 1411 2115 θράσος
1422 2047 1540 2114 †).’'

971 2252 983 2255 ‚⁴
993 2250 1160 2257 „ow-...—

470 2446 541 2501 A.
628 2445 1037 2524 Iphigenia
1090 2447 1163 2501 in
1218 2443 1513 2501 Aulide.

229 2617 238 2625 -
275 2590 444 2654 Quum
478 2594 595 2641 ante
627 2592 722 2642 hos
758 2596 954 2657 septem
991 2605 1147 2640 annos
1193 2604 1289 2655 ego
1333 2587 1647 2653 prooemium
1692 2585 1846 2636 huius

143 2670 430 2736 tragoediae
485 2671 538 2721 in
595 2673 736 2722 initio
784 2673 894 2722 eius
939 2669 1282 2721 collocandum
1330 2684 1446 2718 esse
1491 2668 1848 2730 ostendissem,

143 2753 312 2816 quanti
347 2751 564 2816 undique
597 2752 868 2802 clamores!
904 2752 1137 2817 Magnam
1161 2750 1395 2799 nimirum
1419 2737 1705 2799 hominibus
1729 2765 1850 2798 eru—

142 2832 262 2882 ditis
295 2831 526 2881 iniuriam
558 2831 797 2894 feceram,
843 2834 927 2898 qui
960 2832 1180 2880 videram
1217 2830 1351 2896 quod
1385 2829 1655 2879 multorum
1689 2829 1849 2879 aciem

142 2911 346 2977 fugerat
377 2927 438 2961 ac
471 2913 928 2963 demonstraveram
963 2911 1098 2978 quod
1134 2911 1292 2960 semel
1325 2911 1722 2959 demonstratum
1745 2909 1850 2958 dis-

145 2991 372 3041 simulari
416 3006 568 3056 posse
619 2992 966 3057 desperabant.
1047 2992 1182 3055 Quid
1227 2991 1398 3041 enim}
1455 3005 1575 3040 num
1630 2989 1849 3039 narratio

142 3087 207 3123 eo
240 3072 381 3135 loco,
428 3087 526 3136 quo
556 3072 703 3139 vulgo
736 3073 965 3138 ponitur,
999 3072 1252 3138 quadrat?
1301 3070 1466 3121 Nemo
1511 3085 1663 3120 sanus
1705 3068 1849 3120 affir-

195 3271 246 3325 *J
275 3271 423 3327 Vulgo
452 3266 542 3327 γὰρ
570 3283 655 3325 pro
682 3272 824 3313 ποιεῖ.

169 3340 248 3396 W)
276 3341 426 3398 Vulgo
456 3339 586 3391 τέλος
612 3336 702 3398 γὰρ
731 3336 876 3390 αὐτὸς
904 3336 1102 3395 ἐχθίστῳ
1132 3337 1261 3399 μόρῳ
1292 3339 1463 3399 φέρεις.

128 3408 254 3466 ’***)
281 3412 431 3470 Vulgo
464 3406 672 3464 διδάξεις
699 3407 811 3462 τοὺς
839 3404 1006 3462 ἄλλους
1031 3426 1079 3467 μ.
1111 3407 1189 3465 ἐφ.

195 3479 252 3536 †)
278 3483 428 3541 Vulgo
460 3482 703 3541 αἱρεῖσθαι
730 3480 926 3540 βροτούς
953 3483 1030 3525 vel
1058 3482 1258 3538 βροτοῖς.
