2124 3860
844 263 974 333 355]

185 443 251 451 -
419 415 616 475 „alia
646 414 931 479 fluctus
970 412 1258 478 dissert,
1307 413 1607 482 dissipat

194 494 597 546 Visceratim
622 494 819 545 memb
837 510 936 544 ra.-
971 494 1186 543 maria
1210 494 1394 544 salso
1416 503 1736 563 spumant

879 570 1350 639 sanguine”*).

187 734 362 798 „Qui
394 750 609 801 neque
641 740 872 782 terrae
907 739 1004 782 est
1040 732 1256 792 datu’,
1307 735 1447 784 neo
1478 736 1737 787 cineris

882 829 1127 862 caussa
1174 830 1466 882 unquam
1518 818 1737 867 evasit

882 900 1131 960 vapos”

185 1052 523 1115 „Immune
555 1052 814 1102 habeat
848 1050 1283 1119 templum**)‚
1321 1053 1738 1106 obvallatum

880 1131 1186 1182 ossibus.”

54 1212 259 1262 Viscera
306 1213 429 1261 dicit
475 1214 521 1262 in
557 1229 695 1262 mare
743 1213 963 1271 abiecta,
1013 1228 1126 1261 ossa
1158 1212 1207 1260 in
1243 1227 1470 1260 acervum
1505 1220 1739 1279 congesta

56 1309 196 1352 esse,
246 1293 332 1357 qui
365 1294 522 1340 instar
555 1292 719 1356 magni
756 1292 971 1341 aedificii
1006 1292 1300 1354 erigeretur.
1370 1291 1535 1341 Finito
1569 1294 1738 1344 labore

53 1378 279 1437 pastores
312 1371 601 1434 rusticique,
637 1371 721 1435 qui
749 1388 778 1419 e
810 1371 982 1420 littore
1018 1376 1380 1435 spectaverant,
1415 1372 1593 1423 victori
1627 1390 1737 1439 gra-

52 1452 196 1503 tulati
230 1456 346 1501 sunt
378 1451 622 1515 donisque
655 1451 836 1500 oblatis
871 1458 1066 1516 gratum
1111 1451 1324 1499 animum
1371 1451 1737 1517 significarunt:

185 1558 250 1568 —
416 1557 478 1566 —
645 1534 748 1590 πᾶς
784 1528 841 1581 δὲ
875 1529 1146 1596 ποιμένων
1180 1526 1320 1593 ἕῤῥει
1352 1529 1496 1595 λεώς,

185 1609 215 1662 ὁ
248 1607 347 1674 μὲν
379 1609 640 1676 γάλακτος
672 1610 914 1662 κίσσινον
946 1608 1128 1677 φέρων
1163 1609 1386 1676 σκύφος,

185 1691 371 1743 πόνων
405 1689 823 1758 ἀναψυκτῆρζό
860 1691 907 1742 δ’
942 1690 1192 1756 ἀμπέλων
1224 1691 1389 1757 γάνος
1402 1688 1532 1754 ***).

184 1773 278 1822 His
329 1789 495 1821 coram
545 1774 830 1837 parentibus
878 1773 1080 1836 virginis
1116 1779 1168 1821 et
1201 1781 1408 1837 patruo,
1460 1771 1540 1820 cui
1573 1770 1740 1822 fuerat

54 1854 326 1917 desponsa,
363 1853 618 1916 expositis,
652 1869 826 1902 rursus
862 1853 923 1914 is,
960 1853 1043 1916 qui
1078 1853 1300 1901 officium
1354 1852 1524 1902 timide
1572 1852 1748 1901 detre-'

53 1938 271 1982 ctaverat
304 1948 548 1996 quemque
581 1939 802 1981 monstro
836 1933 1162 1982 devorandam
1191 1933 1470 1996 relinquere
1499 1931 1738 1996 virginem

54 2013 146 2063 sibi
182 2012 479 2078 desponsam
514 2013 713 2061 minime
748 2014 1011 2077 puduerat,
1049 2013 1183 2062 idem
1214 2013 1370 2078 igitur
1401 2012 1449 2060 in
1485 2012 1647 2076 priora
1682 2027 1737 2061 se

53 2095 176 2153 iura,
210 2093 354 2156 pulso
386 2093 597 2149 aemulo,
633 2093 716 2156 qui
748 2093 968 2156 perditos
1001 2097 1299 2148 servaverat.
1335 2091 1532 2140 restitui
1566 2091 1736 2155 cupie-

52 2176 149 2225 bat.
207 2172 568 2237 Apollodorus:
604 2167 1042 2237 ἐπιβουλεύοντος
1067 2169 1124 2222 δὲ
1153 2171 1296 2240 αὐτῷ
1327 2168 1544 2233 Φινέως,
1580 2169 1639 2229 ὃς
1668 2163 1737 2236 ἦν

51 2251 281 2318 α’δελφὸς
323 2254 422 2302 τοῦ
470 2249 704 2317 Κηφέως
750 2250 1084 2318 ἐγγυώμενος
1125 2253 1335 2316 πρῶτος
1377 2249 1475 2317 τὴν
1520 2249 1736 2315 Ἀνδρο-

51 2331 248 2399 μέδαν,
294 2330 487 2397 μαθὼν
532 2328 631 2398 τὴν
663 2329 954 2400 ἐπιβουλὴν
986 2329 1084 2399 τὴν
1121 2332 1373 2399 Γοργόνα
1407 2330 1576 2393 δείξας
1608 2329 1738 2395 μετὰ

50 2414 159 2466 τῶν
192 2413 755 2479 συνεπιβουλευόντων
789 2411 1209 2476 αὐτὸνέλίθωσε
1242 2415 1578 2479 παραχρῆμα.
1653 2411 1734 2463 Cf.

52 2494 196 2545 Ovid.
231 2493 316 2555 lv,
353 2498 448 2543 ⁷57
483 2511 620 2559 seqq.
689 2496 982 2559 Priusquam
1030 2496 1126 2544 vim
1173 2502 1372 2560 pararet
1406 2495 1623 2543 Phineus
1657 2492 1736 2541 vel

50 2575 256 2625 insidias
292 2578 534 2636 strueret,
569 2575 767 2625 dicendi
801 2576 849 2623 vi
884 2580 1119 2639 parentes
1155 2575 1357 2640 virginis
1393 2575 1453 2623 ab
1489 2572 1736 2623 affinitate

107 2825 156 2879 *)
186 2823 422 2866 Philostm
464 2822 818 2884 ἐμπλημμνροῦν
846 2828 1012 2881 πηγαῖς
1044 2825 1260 2880 αἵματος,
1301 2815 1479 2882 ἀφ”ὦν
1509 2822 1732 2882 ἐρυθροὶ

191 2892 222 2948 ἡ
253 2891 483 2937 θάλασσα.

79 2966 162 3022 *ἢ
190 2966 360 3022 Vulgo:
417 2965 603 3006 Immone
643 2970 685 3006 tc
728 2966 884 3009 habeat
924 2969 1009 3008 etc.
1094 2965 1302 3006 Ceterum
1355 2978 1455 3007 cum
1508 2964 1582 3007 his
1628 2977 1734 3007 con-

189 3035 313 3078 feras
354 3035 496 3077 verba
535 3033 821 3078 Philostrati:
872 3033 928 3080 τὸ
970 3033 1052 3092 μὲν
1093 3035 1232 3090 κῆτος
1273 3033 1484 3094 ἔῤῥιπται
1523 3032 1611 3092 πρὸ
1653 3035 1737 3091 τῆς

190 3104 366 3160 ηίόνος.

53 3175 160 3231 ***)
188 3175 427 3218 Philum-,e
472 3172 496 3218 ὁ
528 3173 579 3218 δὲ
609 3171 659 3218 ἐν
686 3171 822 3232 ἡδείᾳ
849 3175 930 3219 καὶ
961 3172 1207 3233 λιβανῶδει
1233 3173 1330 3233 πόᾳ
1358 3178 1528 3230 κεῖται,
1560 3172 1736 3225 στάζων

190 3246 256 3297 εἰς
283 3243 370 3302 τὴν
399 3246 487 3301 γῆν
516 3244 690 3302 ἱδρῶτα
718 3245 797 3289 καὶ
824 3243 877 3290 τὸ
909 3247 1044 3303 δεῖμα
1073 3246 1156 3302 τῆς
1181 3246 1386 3304 Γοργοῦς
1414 3243 1528 3302 ἔχων
1557 3239 1737 3287 ἀπόθε-

192 3330 292 3368 τον,
321 3313 383 3372 μή
416 3313 683 3372 ἐντυχόντες
711 3311 836 3375 αὐτῷ
865 3316 967 3361 λαοὶ
998 3317 1125 3360 λίθοι
1152 3314 1388 3372 γένωνται.
1428 3311 1643 3360 Πολλοὶ
1677 3311 1737 3356 δὲ

192 3385 289 3430 καὶ
340 3384 632 3444 βουκόλοι
682 3383 848 3453 γάλα.
874 3381 1195 3444 ὀρέγοντες
1239 3387 1337 3432 καὶ
1388 3387 1562 3431 οἴνου
1610 3380 1738 3426 ἐπι-

195 3453 348 3500 ennio
366 3473 440 3502 αι.
498 3457 571 3501 ef.
604 3455 737 3499 Ovid.
767 3471 812 3499 v.
842 3455 929 3500 74⁰
956 3471 1077 3513 seqq.

51 3561 74 3574 ι
1302 3528 1406 3575 23ἷζε
