2170 3848
961 256 1038 313 91

163 404 432 456 iustissima
483 408 723 454 metuere.
792 403 932 453 Haec
978 402 1196 453 Aethrae
1247 401 1395 449 verba
1447 399 1692 450 simillima
1725 404 1842 450 sunt

163 487 241 547 iis,
276 503 403 551 quae
437 485 707 551 Spartanae
743 485 982 548 quaedam
1015 482 1248 532 mulieres
1281 482 1397 529 filiis
1432 481 1482 529 in
1518 482 1700 530 bellum
1723 497 1840 546 pro-

162 567 497 616 ficiscentibus
532 565 719 614 dixisse
753 564 1038 623 traduntur,
1082 567 1136 610 et
1167 560 1428 609 manifesto
1463 562 1728 626 Euripides
1761 561 1840 611 fe-

164 647 312 696 minis
362 646 739 696 Atheniensium
785 644 911 691 hanc
971 642 1242 691 orationem
1301 645 1532 704 tanquam
1587 642 1842 707 exemplar

163 726 441 793 proposuit,
479 727 610 791 quod
645 725 963 772 imitarentur.
1032 721 1325 787 Respondet
1359 720 1588 770 Theseus
1646 738 1734 780 se,
1783 727 1841 772 ut

163 811 305 857 recte
338 806 553 856 Adrasto
587 804 764 852 delicta
799 802 1056 862 obiecerit,
1089 803 1156 850 ita
1190 803 1347 867 probe
1378 801 1660 866 intelligere
1706 818 1840 850 mor-

163 892 277 935 tuos
311 883 626 934 vindicandos
661 899 790 943 esse,
827 899 989 947 neque
1023 898 1142 931 suae
1177 897 1290 930 esse
1324 896 1569 946 personae
1618 882 1840 932 laborem

164 966 316 1015 ullum
354 965 649 1013 detrectare.
720 963 819 1013 Sed
855 969 1115 1027 antequam
1149 979 1257 1012 rem
1292 961 1626 1027 adgrediatur,
1661 964 1723 1011 ad
1748 979 1840 1027 po-

162 1045 334 1110 pulum
383 1043 448 1093 de
491 1060 548 1092 ea
595 1043 912 1093 referendum
958 1060 1102 1103 esse,
1149 1058 1293 1107 quem
1339 1043 1406 1091 ait
1442 1059 1470 1090 a
1502 1059 1558 1091 se
1593 1043 1842 1107 suffragiis

161 1124 371 1173 redditis
423 1124 475 1172 in
522 1125 803 1173 libertatem
849 1125 1162 1184 restitutum;
1223 1127 1449 1172 ceterum
1495 1128 1679 1172 tantam
1729 1139 1842 1172 esse

162 1205 507 1254 auctoritatem
543 1221 710 1268 suam,
746 1212 817 1265 ut,
845 1204 1081 1269 quicquid
1115 1203 1212 1269 ipsi
1244 1204 1466 1269 placeat,
1502 1204 1688 1252 civibus
1726 1219 1842 1266 pro-

162 1287 322 1336 betur.
389 1285 481 1333 His
541 1286 686 1334 dictis
751 1286 884 1345 abit,
943 1300 1114 1334 secum
1160 1285 1210 1333 in
1256 1285 1542 1333 concionem
1590 1282 1842 1332 adducens

163 1365 458 1425 Adrastum3
503 1366 618 1415 inde
653 1382 763 1415 cum
798 1367 1052 1415 iuventute
1087 1365 1214 1414 lecta
1247 1364 1500 1413 rediturus
1536 1369 1636 1423 est,
1674 1369 1756 1425 ut,
1791 1365 1841 1414 in

161 1445 312 1494 armis
348 1445 555 1507 sedens,
607 1447 790 1496 nuntiis
826 1447 987 1495 missis
1023 1446 1262 1494 cadavera
1306 1448 1619 1494 mortuorum
1655 1460 1684 1492 a
1719 1444 1842 1494 Cre·

163 1530 282 1575 onte
313 1533 562 1591 reposcat.
631 1527 788 1577 Simul
832 1527 1070 1576 verbenas
1107 1526 1171 1574 de
1202 1530 1364 1574 matre
1411 1525 1544 1574 demi
1575 1525 1735 1585 iubet,
1784 1521 1843 1574 ut

163 1605 364 1655 domum
398 1606 635 1668 reducat,
682 1609 907 1657 manibus
953 1607 1056 1656 suis
1104 1622 1248 1656 anum
1283 1605 1605 1669 grandaevam
1643 1611 1841 1662 susten-

162 1690 290 1737 tans,
357 1685 636 1737 Declaravit
670 1688 934 1752 Euripides
969 1686 1155 1735 Thesei
1190 1687 1382 1747 verbis,
1435 1702 1694 1750 quamnam
1740 1686 1841 1735 rei-

161 1767 389 1831 publicae
437 1767 648 1816 formam
684 1769 897 1816 maxime
928 1768 1175 1830 probaret.
1244 1766 1448 1815 Periclis
1485 1767 1841 1816 administratio

161 1851 391 1910 tanquam
428 1848 682 1912 exemplar
716 1849 763 1896 ei
797 1849 859 1896 ob
896 1846 1063 1895 oculos
1097 1849 1398 1906 versabatur,
1436 1863 1579 1911 quam
1612 1847 1693 1895 his
1729 1862 1842 1896 ver-

161 1926 238 1975 bis
275 1926 540 1992 descripsit
574 1926 922 1991 Thucydides:
969 1926 1201 1988 „Pollens
1246 1927 1486 1992 dignitate
1535 1926 1843 1990 consilioque

162 2012 214 2054 et
245 2007 456 2070 pecunia
489 2007 752 2056 manifesto
785 2007 988 2055 minime
1022 2011 1314 2071 corruptus,
1349 2008 1562 2071 ingenue
1594 2009 1844 2056 tractabat

160 2085 551 2146 multitudinem,
601 2103 694 2136 nec
727 2088 883 2151 magis
917 2087 987 2135 illi
1033 2102 1089 2135 se
1132 2088 1396 2145 comitem,
1449 2103 1595 2150 quam
1643 2087 1841 2148 ducem,

160 2167 459 2230 praebebat,
513 2168 700 2232 quippe
747 2184 895 2231 quum
948 2184 1042 2216 non
1089 2184 1181 2232 per
1215 2167 1386 2216 illicita
1420 2167 1629 2232 adeptus
1664 2173 1840 2232 poten-

158 2247 278 2295 tiam
322 2263 568 2312 nunquam
614 2249 677 2297 ad
722 2249 1027 2313 voluptatem
1063 2248 1256 2298 diceret
1291 2249 1581 2311 quicquam,
1618 2249 1725 2308 sed,
1762 2249 1839 2297 di-

157 2328 347 2393 gnitate
380 2329 639 2393 princepS,
688 2329 836 2377 etiam
869 2329 1140 2392 indignanti
1176 2329 1482 2377 multitudini
1516 2329 1837 2379 obniteretur.

159 2407 368 2470 Quoties
403 2409 558 2474 igitur
590 2408 898 2474 intelligebat
934 2424 1019 2457 eos
1056 2409 1310 2474 quippiam
1345 2409 1696 2473 intempestive
1730 2426 1836 2459 mo-

157 2487 239 2537 liri
270 2487 589 2551 ferocientes,
622 2489 830 2538 dicendo
865 2490 1167 2553 reprimebat
1200 2486 1535 2554 terrebatque,
1570 2490 1705 2539 idem
1726 2506 1838 2540 rur-

158 2583 261 2631 sus,
305 2568 391 2617 ubi
435 2569 544 2619 sine
588 2570 780 2619 ratione
811 2569 1153 2630 formidarent,
1198 2570 1261 2618 ad
1307 2570 1539 2618 fiduciam
1586 2571 1836 2636 erigebat3

159 2648 444 2714 denique
479 2649 1003 2714 specienjuidem
1040 2649 1384 2714 popularis
1420 2656 1563 2699 erat
1598 2656 1835 2713 status,

158 2744 395 2778 revera
451 2736 666 2780 autem
723 2745 923 2795 penes
969 2730 1347 2795 primarium
1398 2731 1599 2779 virum
1646 2732 1835 2796 prin-

160 2805 474 2875 cipatus.”

290 2887 523 2939 Profecto
569 2889 799 2951 Theseo,
847 2890 1030 2939 chorus
1086 2891 1250 2939 fausta
1298 2890 1396 2955 piis
1457 2891 1565 2939 eius
1618 2891 1837 2941 consiliis

157 2975 389 3035 precatur
448 2985 716 3034 eorumque
774 2977 954 3020 testem
1001 2971 1197 3019 invocat
1246 2970 1490 3020 civitatem
1527 2973 1834 3034 Argivorum.

157 3048 576 3099 Honestissimum
625 3052 694 3099 ait
741 3052 1020 3100 civitatibus
1072 3052 1225 3099 decus
1275 3051 1413 3114 pium
1448 3068 1562 3100 esse
1597 3051 1834 3113 laborem,

158 3130 468 3193 eundemque
502 3131 652 3195 gratia
685 3131 784 3180 frui
819 3132 1134 3197 sempiterna.
1204 3130 1362 3180 Simul
1397 3137 1563 3197 optat,
1614 3138 1668 3180 ut
1702 3133 1832 3182 idem

157 3209 554 3269 Atheniensibus,
591 3212 671 3273 qui
706 3213 812 3277 regi
847 3228 1035 3271 eorum,
1069 3211 1258 3259 animus
1295 3213 1358 3260 sit
1393 3229 1505 3260 cum
1528 3214 1693 3261 studio
1720 3229 1833 3262 suc·

157 3289 386 3338 currendi
430 3290 658 3350 miseris,
705 3291 980 3340 vindicandi
1023 3292 1162 3340 iuris.
1229 3291 1341 3341 Hoc
1387 3293 1678 3342 brevissimo
1724 3309 1832 3342 car-

156 3370 288 3418 mine
322 3370 660 3435 longissimum
693 3373 934 3436 temporis
969 3373 1182 3438 spatium
1224 3374 1481 3438 expletur,
1528 3389 1626 3437 quo
1661 3373 1835 3437 populi

158 3450 445 3501 concionem
491 3449 721 3503 Theseus
770 3458 1035 3516 convocat,
1081 3469 1187 3502 rem
1235 3454 1470 3520 exponit,
1515 3455 1565 3503 in
1599 3452 1832 3518 suffragia
