2170 3848
935 233 1055 290 177

165 381 265 445 gin.
298 379 398 429 fab.
426 382 505 430 58.
542 386 592 429 et
619 382 731 428 169.
783 378 1223 444 Pseudoplutarch.
1249 376 1425 426 Parall.
1458 394 1502 429 c.
1525 380 1607 429 22.
1651 378 1751 430 Sed
1783 380 1835 433 in

166 460 356 525 Epopei
392 459 553 508 fabula
593 467 734 524 pater
766 460 874 523 ipse
908 459 1085 507 incesti
1120 458 1304 505 crimen
1340 459 1577 522 suscepit,
1613 476 1705 524 per
1735 461 1836 511 vim

167 547 393 602 stuprans
428 539 578 588 filiam
612 539 825 597 invitam,
860 553 1004 602 quam
1039 537 1213 585 merito
1248 537 1478 585 miserata
1503 545 1580 587 est
1614 539 1721 600 dea,
1757 541 1836 590 cui

167 618 422 683 virginitas
458 627 698 683 perpetua
733 633 842 666 cara
877 622 1011 673 erat,
1055 621 1111 663 ut
1163 616 1210 662 in
1259 621 1517 676 noctuam,
1565 634 1703 667 avem
1740 619 1836 669 sibi

165 699 494 759 carissimam,
529 706 764 748 mutatam
799 696 857 744 ab
892 694 1210 760 aegritudinis
1241 702 1512 759 perpetuae
1536 698 1834 749 cruciatibus

168 765 419 826 liberaret.

295 856 406 906 Non
440 861 518 904 est
551 853 770 911 dubium,
806 854 922 917 quin
957 853 1214 903 subtiliore
1247 853 1672 916 argumentatione
1697 857 1833 920 Epo-

167 951 290 1000 peus
336 934 549 998 cupidini
592 949 710 981 suae
755 933 1021 999 opitulatus
1072 935 1133 982 sit
1183 941 1232 982 et
1265 942 1405 983 recte
1439 951 1466 982 a
1501 950 1556 983 se
1591 935 1834 987 incestum

167 1013 407 1063 committi
453 1012 750 1062 defenderit.
820 1013 963 1075 Quod
1013 1014 1054 1062 si
1104 1014 1467 1077 suspicionibus
1500 1016 1834 1079 proponendis

165 1093 306 1157 locus
343 1092 435 1151 sit,
481 1093 596 1141 huic
642 1093 895 1142 tribuerim
947 1094 1126 1151 verba,
1177 1090 1304 1156 quae
1339 1093 1594 1159 Euripidis
1638 1111 1751 1147 esse
1783 1096 1835 1145 in

165 1171 384 1221 Crameri
412 1171 600 1224 Anecd.
622 1172 685 1235 V,
719 1175 831 1223 316.
857 1172 1142 1222 traduntur:

293 1277 357 1286 -
524 1281 584 1290 --
721 1250 891 1318 ἡδονὴ
925 1249 1027 1317 γὰρ
1061 1253 1337 1318 πανταχοῦ

293 1325 451 1396 ἔστιν,
487 1330 556 1382 δι’
590 1329 790 1400 ἡδονῆς
824 1330 881 1383 δὲ
914 1333 1087 1384 πάντα
1118 1331 1352 1399 γίγνεται
1365 1330 1435 1398 *).

732 1630 803 1684 D.
890 1628 1259 1702 Alope.

295 1746 520 1811 Hyginus
547 1747 649 1798 fab.
682 1750 810 1796 187:
878 1747 1089 1810 „Alope‚
1125 1745 1392 1810 Cercyonis
1425 1746 1544 1805 iilia,
1576 1746 1834 1796 formosis-

166 1826 290 1875 sima
324 1842 432 1874 cum
470 1832 619 1883 esset,
654 1826 916 1891 Neptunus
950 1843 1056 1874 eam
1094 1826 1420 1890 compressit:
1470 1841 1564 1888 qua
1599 1841 1660 1873 ex
1698 1841 1832 1875 com-

167 1906 424 1970 pressione
458 1907 652 1970 peperit
685 1907 951 1966 inl'antem‚
987 1922 1134 1968 quem
1168 1905 1324 1952 inscio
1360 1910 1501 1968 patre
1533 1904 1713 1953 nutrici
1745 1907 1835 1954 de-

166 1984 241 2033 dit
274 1983 668 2049 exponendumJ’
731 1985 927 2048 Prologi
953 1986 1203 2032 materiam
1229 1984 1355 2032 haec
1377 1985 1526 2032 verba
1562 1985 1835 2046 continent,

166 2079 226 2112 ex
282 2066 458 2127 quibus
520 2065 807 2130 intelligitur
857 2065 1160 2128 prooemium
1211 2064 1271 2111 ab
1319 2064 1478 2127 Alopa
1520 2064 1626 2128 ipsa
1668 2073 1834 2114 actum

164 2158 301 2202 esse,
347 2160 533 2193 annexo
569 2144 814 2209 colloquio
850 2145 1071 2194 eiusdem
1107 2150 1255 2207 atque
1288 2143 1519 2204 nutricis,
1560 2144 1638 2192 cui
1671 2144 1834 2192 infans

81 2259 89 2267 .
165 2222 445 2273 traderetur
478 2226 813 2290 exponendus,
881 2224 1074 2274 initium
1123 2230 1287 2275 autem
1322 2224 1516 2290 prologi
1548 2224 1643 2274 hoc
1677 2223 1835 2275 fuisse

160 2309 308 2366 puto:
545 2365 548 2368 Δ

291 2372 334 2432 ὦ
370 2381 593 2448 Κύπρις,
629 2382 700 2443 ὠς
731 2381 883 2450 ’ἡδεῖα
915 2381 1005 2434 καὶ
1038 2378 1309 2448 μοχθηρὸς
1343 2376 1497 2448 εἷ**).

161 2460 378 2511 Nutricis
403 2471 567 2511 autem
599 2480 798 2529 operam
829 2481 968 2514 suam
1001 2464 1254 2512 offerentis
1290 2464 1416 2512 haec
1441 2468 1637 2513 exstant
1657 2463 1831 2514 verbaz

289 2539 430 2607 γυνὴ
463 2541 683 2607 γυναικὶ.
713 2542 983 2609 σύμμαχος
1016 2541 1221 2608 πέφυκέ
1254 2558 1382 2602 πως.

292 2622 446 2670 Forte
481 2623 653 2673 eodem
689 2630 931 2690 tempore,
968 2642 1064 2689 quo
1097 2626 1232 2690 virgo
1266 2623 1503 2672 infantem
1530 2622 1833 2687 exposuerit,

163 2702 358 2766 nuptias
394 2702 523 2750 filiae
559 2719 586 2751 a
620 2710 791 2768 patre,
842 2707 1000 2769 stupri
1036 2697 1205 2769 ignaro
1226 2741 1239 2763 ‚
1290 2709 1487 2768 paratas
1533 2719 1646 2752 esse
1693 2702 1831 2752 Wel-

162 2782 342 2830 ckerus
380 2796 441 2830 ex
475 2783 780 2848 anaglyphis,
817 2787 1011 2848 quaein
1040 2783 1431 2834 Winckelmanni
1455 2798 1672 2833 monum.
1699 2781 1830 2831 ined.

160 2862 258 2910 tab.
285 2863 365 2911 92.
400 2877 639 2926 expressa
673 2870 801 2923 sunt,
839 2865 1051 2914 coniecit
1064 2862 1197 2929 ***),
1248 2879 1372 2927 quae
1399 2863 1685 2911 coniectura
1720 2878 1833 2911 cum

160 2941 266 2989 aliis
302 2957 327 2988 a
364 2943 583 3004 partibus
620 2942 762 2991 valde
796 2945 1063 3007 probabilis
1099 2946 1190 3005 sit,
1239 2951 1344 2992 tum
1380 2942 1699 2991 confirmatur
1729 2941 1833 2991 fra-

160 3027 358 3084 gmento
395 3027 554 3082 sexto,
592 3037 687 3086 quo
721 3023 933 3074 virorum
960 3026 1202 3089 quaedam
1238 3030 1433 3073 caterva
1468 3038 1531 3072 ex
1562 3022 1834 3089 gymnasio,

215 3203 266 3256 ¹⁵)
295 3203 441 3260 vnlgo
479 3199 625 3257 ἡδονὴ
666 3206 904 3259 navt-axos?
947 3204 1040 3251 ἐστι
1068 3206 1147 3251 καὶ
1175 3204 1330 3249 πάντα
1359 3201 1418 3249 δι’
1445 3199 1617 3260 ἡδονῆς
1645 3204 1834 3258 γίνεται.

187 3271 265 3326 ²⁸²⁸)
293 3273 554 3316 Boifflonad·
588 3274 669 3315 An·
692 3273 770 3315 Gr·
790 3275 869 3317 ΙΙΙ.
895 3291 940 3334 p.
962 3275 1087 3330 239.;
1141 3276 1200 3320 cf.
1236 3274 1516 3319 Schneidew.
1548 3272 1690 3319 Genii.
1721 3270 1833 3314 critt.

297 3357 342 3397 p.
367 3342 450 3385 104
470 3358 563 3398 seq.

159 3411 269 3466 ***)
297 3413 366 3455 Cf.
395 3414 568 3457 Welck.
595 3428 638 3469 p.
662 3412 746 3456 711
767 3427 887 3470 seqq.

221 3481 283 3533 Τ.
318 3483 375 3532 11.
1438 3486 1502 3533 12
