2170 3848
955 257 1077 315 167

178 425 236 459 ac
269 407 487 472 singula,
522 422 650 470 quae
684 406 840 463 audit,
875 405 1174 463 admirante,
1210 402 1396 465 virgine
1430 407 1596 452 autem
1631 417 1743 454 cum
1779 403 1847 452 si-

177 489 356 538 mulata
405 487 643 551 gravitate
688 486 889 534 alternis
937 486 1081 534 dictis
1124 484 1186 531 ad
1239 483 1460 546 quaesita
1496 484 1845 548 respondente,

176 567 472 631 colloquium
510 566 730 615 efficitur
765 565 1208 630 elegantissimum3
1253 578 1415 626 neque
1449 578 1712 627 possumus
1747 579 1846 615 non

176 656 227 698 et
259 652 446 696 attento
481 646 642 694 animo
677 650 950 694 commenta
983 643 1182 707 virginis
1218 658 1522 706 cognoscere
1555 649 1606 691 et
1641 650 1846 709 stupore

174 728 309 792 regis
344 727 576 775 delectari
611 731 660 774 et
695 739 928 774 successu
963 722 1151 771 fraudis
1185 723 1417 785 gaudere.
1486 722 1708 786 Impurus
1751 723 1842 788 igi-

174 813 256 857 tur
289 807 509 855 victimas
543 806 666 854 deae
699 805 936 852 adductas
971 819 1084 851 esse
1118 802 1336 851 affirmat
1370 801 1656 867 Iphigenia,
1691 803 1844 866 idque

174 886 401 953 prodigio
435 884 678 947 cognitum
714 899 856 931 esse:
893 898 1004 931 nam
1039 889 1091 931 et
1125 898 1348 931 aversam
1376 882 1507 931 ultro
1530 898 1643 930 esse
1665 899 1694 931 a
1723 882 1844 932 sede

173 982 277 1016 suar
304 969 513 1019 statuam
559 962 684 1011 deae
730 968 779 1011 et
826 962 1021 1011 clausos
1068 962 1236 1011 oculos
1272 962 1394 1011 eius.
1461 961 1672 1012 Matrem
1710 978 1843 1012 com·

171 1043 302 1093 muni
336 1058 486 1106 opera
520 1042 581 1090 ab
617 1043 894 1106 hospitibus
928 1043 1037 1091 istis
1070 1042 1409 1102 interfectam,
1443 1043 1581 1107 ipsos
1614 1042 1675 1091 ab
1709 1043 1844 1092 omni

170 1122 380 1172 Graecia
413 1127 614 1171 exactos
649 1139 776 1172 esse.
851 1123 1067 1171 Conatos
1103 1138 1217 1171 esse
1250 1123 1359 1171 illos
1386 1123 1530 1171 etiam
1555 1123 1691 1171 suavi
1721 1139 1841 1187 qua-

169 1203 282 1251 dam
314 1202 546 1251 illecebra
582 1219 725 1252 suum
753 1203 985 1262 animum,
1022 1210 1074 1252 ut
1107 1203 1433 1252 liberarentur
1459 1202 1715 1267 supplicio,
1750 1202 1840 1252 de-

166 1282 348 1342 lenire,
393 1282 672 1330 nuntiantes
715 1284 878 1331 vivere
927 1283 1154 1332 Orestem
1213 1299 1324 1331 cum
1373 1283 1742 1346 Agamemnone
1790 1288 1841 1331 et

166 1363 293 1411 bene
341 1361 518 1415 valere.
598 1361 666 1410 Se
711 1378 827 1411 vero
877 1362 1106 1412 infestam
1158 1378 1272 1412 esse
1319 1362 1506 1412 nomini
1557 1359 1838 1425 Graeco*).

147 1440 493 1494 Jmmolandos
529 1441 843 1491 nihilominus
880 1459 993 1492 esse
1028 1442 1284 1508 hospites,
1320 1444 1409 1491 sed
1447 1446 1590 1491 antea
1625 1442 1717 1492 sub
1754 1442 1838 1491 dio

164 1521 311 1569 maris
345 1520 488 1568 undis
523 1521 798 1584 purissimis
834 1525 1069 1573 lavandos
1106 1531 1158 1573 et
1190 1524 1237 1572 in
1265 1524 1373 1571 loco
1396 1522 1619 1571 solitario
1648 1521 1837 1571 arcanis

164 1600 453 1664 quibusdam
511 1602 663 1649 sacris
723 1604 990 1666 expiandos
1048 1621 1189 1664 esse3
1258 1602 1406 1651 simul
1463 1603 1657 1666 signum
1711 1601 1837 1651 deae

163 1680 450 1743 contagione
493 1681 784 1729 maculatum
830 1684 1025 1732 lustrari
1082 1685 1281 1732 debere.
1371 1682 1559 1730 Deinde
1605 1681 1835 1746 hospites

161 1759 360 1823 quidem
394 1759 532 1807 iubet
565 1761 774 1818 vinctos,
810 1763 982 1811 velatis
1016 1764 1272 1828 capitibuS‚
1308 1778 1370 1811 ne
1403 1762 1521 1810 solis
1558 1761 1720 1810 lumen
1746 1761 1834 1810 ad·

163 1839 400 1903 spiciunt,
434 1838 600 1886 addito
635 1842 909 1904 praesidio,
947 1844 1010 1892 ad
1045 1859 1181 1891 mare
1215 1842 1411 1900 deduci,
1446 1841 1633 1890 civibus
1666 1846 1834 1890 autem

161 1919 319 1976 edici,
366 1923 422 1966 ut
455 1933 511 1966 se
561 1918 695 1966 domi
730 1926 959 1981 teneant,
1009 1938 1180 1986 regem
1215 1922 1454 1985 denique,
1505 1920 1659 1969 oculis
1692 1925 1833 1969 veste

160 1998 334 2056 tectis,
382 2012 446 2044 ne
491 1998 662 2046 obvius
709 2002 1078 2062 egredientibus
1126 2002 1221 2061 sit,
1271 2017 1464 2049 cavere.
1544 2000 1831 2063 Praeterea,

159 2077 275 2124 dum
320 2075 490 2124 redeat
531 2076 664 2140 ipsa,
718 2084 879 2128 totum
929 2081 1168 2146 templum
1217 2081 1366 2130 docet
1412 2097 1440 2129 a
1474 2096 1592 2144 rege
1634 2080 1832 2129 lustrari

161 2155 360 2204 debere.
430 2155 572 2204 Haec
607 2159 766 2208 omnia
803 2161 952 2209 homo
986 2161 1224 2209 ridiculus
1256 2162 1491 2226 religiose
1524 2161 1830 2224 exsequitur,

157 2235 401 2284 admirans
436 2236 727 2299 sapientiam
764 2241 977 2302 virginis,
1012 2257 1158 2304 quam
1191 2242 1255 2290 de
1290 2242 1483 2289 civitate
1517 2246 1659 2306 putat
1692 2241 1829 2305 opti-

155 2331 238 2364 me
273 2316 455 2363 mereri
490 2322 541 2364 et
573 2317 680 2365 iure
728 2321 953 2369 omnibus
1001 2321 1311 2370 admirationi
1356 2337 1483 2371 esse.
1551 2321 1829 2385 Egrediun-

156 2399 238 2444 tur
269 2395 450 2443 deinde
485 2396 586 2458 sic,
636 2401 690 2445 ut
735 2405 848 2447 ante
894 2401 1079 2449 dictum
1117 2408 1222 2461 est;
1269 2402 1415 2450 simul
1449 2408 1651 2450 ornatus
1685 2402 1827 2462 deae,

155 2474 384 2523 victimae
430 2475 669 2538 facesque
712 2485 997 2541 portantur3
1042 2480 1297 2545 Iphigenia
1339 2486 1502 2530 autem
1538 2481 1720 2540 edicit,
1770 2485 1828 2531 ut

155 2553 403 2603 decedant
434 2555 707 2619 proculque
743 2558 949 2621 fugiant,
986 2560 1361 2625 quibuscunque
1390 2561 1632 2624 piaculum
1667 2560 1826 2610 vitan-

155 2633 270 2681 dum
306 2634 400 2692 sit3
434 2640 684 2698 postremo
719 2638 791 2686 sic
825 2640 1055 2704 ambigue
1091 2647 1346 2703 precatur:
1381 2640 1516 2702 „Ubi
1550 2655 1826 2705 purgavero

157 2712 335 2761 horum
372 2713 570 2762 caedem
605 2722 750 2780 atque
783 2719 1140 2767 immolabimus
1175 2736 1234 2768 eo
1270 2720 1407 2777 loco,
1446 2737 1541 2784 quo
1577 2720 1739 2779 decet,
1773 2722 1827 2768 et

153 2798 226 2849 tu,
261 2792 444 2855 regina,
479 2808 652 2855 puram
686 2797 885 2846 domum
920 2799 1162 2847 habitabis
1192 2805 1244 2848 et
1268 2815 1358 2849 nos
1384 2800 1567 2848 erimus
1593 2799 1822 2848 felices.'’

207 2945 264 2998 ἈΒ)
293 2944 441 2986 Minus
471 2948 766 2990 necessariam
805 2950 921 2992 hanc
950 2952 1179 2995 vafritiam
1210 2967 1306 2995 esse
1345 2958 1390 2996 et
1417 2967 1608 3010 persona
1637 2953 1823 3011 Iphige-

293 3015 395 3056 niae
435 3015 662 3071 indignam
702 3018 869 3062 iudicat
911 3021 1029 3064 Guil.
1061 3024 1113 3064 Ε.
1146 3025 1450 3075 Weberus‚
1491 3040 1576 3079 quo
1615 3025 1661 3068 in
1703 3029 1822 3068 utro-

292 3099 375 3139 que
404 3084 591 3127 fallitur.
649 3088 802 3142 Neque
841 3091 959 3132 enim
998 3092 1042 3133 in
1081 3094 1296 3135 struendis
1326 3093 1557 3136 fraudibus
1587 3095 1822 3149 quicquam

288 3155 562 3209 superfluum
595 3161 681 3206 cst,
722 3173 806 3212 quo
836 3174 1010 3217 eorum,
1053 3164 1129 3217 qui
1157 3163 1457 3218 decipiuntur,
1496 3166 1712 3208 securitas
1739 3178 1820 3207 au-

293 3231 440 3282 getur,
469 3241 612 3281 neque
644 3228 744 3269 dolo
774 3228 1001 3284 improbos
1030 3238 1268 3289 turpesque
1309 3234 1628 3278 circumvenire
1658 3233 1821 3277 Graeci

288 3297 364 3353 vel
407 3298 687 3341 sacerdotum
725 3300 799 3341 vel
825 3301 1013 3346 heroum
1040 3304 1238 3358 personis
1272 3303 1506 3361 indignum
1533 3319 1629 3350 esse
1666 3317 1819 3347 cense-

293 3365 414 3408 bant
