2170 3848
921 227 1042 285 129

131 383 297 429 autem
331 376 498 428 insunt
530 375 622 438 iis,
672 374 721 424 in
764 374 942 439 quibus
977 373 1317 423 demonstrant
1350 374 1534 438 aliquid
1570 377 1655 424 aut
1688 390 1803 426 esse
1887 368 1890 370 ’

128 464 216 510 aut
248 473 345 507 non
379 472 492 506 esse
525 460 612 505 aut
646 454 900 504 enuntiant
933 453 1112 518 aliquid
1146 453 1195 501 iu
1228 452 1567 506 lmiversum.’'

225 537 479 589 Diversum
515 535 695 585 veteris
730 534 1014 599 tragoediae
1047 538 1271 582 naturam
1305 549 1334 581 a
1367 536 1666 584 nostratium
1700 540 1803 585 tra-

128 617 322 683 goediis
359 615 518 665 fuisse
552 614 844 664 Aristoteles
877 613 926 660 in
961 612 1072 669 his,
1109 627 1236 675 quae
1259 611 1580 677 interpretati
1613 631 1803 676 sumus,

130 696 365 747 ostendit.
434 695 675 744 Homines
709 693 839 743 enim
875 691 1034 739 nostri
1068 692 1240 756 tragici
1275 697 1326 741 et
1358 693 1499 756 vium,
1534 709 1631 743 non
1653 695 1803 756 facta,

129 777 411 835 imitantur3
453 790 616 823 mores
653 778 705 822 et
738 772 1008 820 sententias
1042 776 1275 835 tanquam
1312 787 1557 821 summum
1591 790 1805 838 sequun-

130 862 227 919 tur,
263 857 342 906 cui
376 855 464 904 fini
497 869 578 902 res
613 857 665 901 et
697 851 833 899 facta
867 851 1052 899 servire
1085 867 1292 900 necesse
1327 858 1419 901 est.
1487 852 1610 901 Eam
1640 858 1805 903 autem

130 938 370 986 rationem
415 933 616 981 damnat
658 930 985 991 Aristoteles,
1032 935 1278 994 negatque
1322 931 1517 993 facere,
1565 934 1695 996 quod
1743 935 1807 983 sit

130 1014 412 1079 tragoediae
445 1011 682 1068 officium,
718 1010 896 1074 quibus
932 1010 1017 1059 ille
1050 1011 1165 1059 finis
1199 1012 1480 1076 propositus
1515 1012 1598 1061 sit.
1666 1013 1807 1063 Haec

128 1092 405 1158 recentium
450 1098 503 1142 et
546 1097 772 1140 veterum
803 1079 1184 1154 ⁴tragoediarum
1237 1091 1499 1140 diversitas
1547 1107 1643 1155 quo
1688 1110 1805 1159 per-

129 1158 362 1238 spiciatur
404 1172 626 1237 planius,
679 1170 729 1219 in
762 1170 979 1219 medium
1014 1170 1327 1234 proferamus
1372 1187 1500 1236 quae
1535 1171 1597 1221 de
1632 1174 1808 1224 eadem

127 1269 185 1303 re
219 1252 490 1301 Schinerus
526 1267 586 1300 eo
622 1251 761 1311 loco,
809 1266 905 1315 quo
939 1250 1001 1298 de
1037 1250 1293 1316 Egmontis
1328 1250 1493 1301 fabula
1528 1251 1810 1302 Goethiana

126 1332 379 1391 iudicavit,
404 1330 657 1383 disseruit.
691 1331 826 1390 „Aut
849 1327 1029 1390 facta,”
1063 1331 1239 1395 inquit,
1274 1332 1518 1396 „insignia
1538 1349 1807 1397 rerumque

129 1412 518 1478 complexionem
556 1409 912 1474 (Situationen)
961 1415 1046 1459 aut
1079 1412 1256 1460 mentis
1291 1412 1690 1477 perturbationes
1725 1418 1809 1463 aut

128 1509 294 1543 mores
329 1491 582 1556 tragoedia
614 1491 851 1539 imitatur.
921 1491 1061 1554 Quae
1095 1507 1175 1539 res
1226 1491 1320 1540 etsi
1353 1496 1588 1556 possunt,
1633 1498 1809 1557 utpote

131 1573 224 1622 alia
259 1587 320 1621 ex
354 1572 449 1620 alia
482 1576 774 1633 nascentes,
818 1570 869 1619 in
899 1587 999 1620 uno
1035 1570 1256 1619 dramate
1290 1572 1592 1631 consociari,
1638 1578 1809 1623 tamen

128 1669 225 1704 una
246 1652 354 1701 fere
378 1656 606 1715 tanquam
635 1651 745 1700 finis
772 1651 1028 1716 proposita
1051 1651 1257 1715 reliquis
1284 1651 1577 1703 antefertur.
1615 1651 1806 1702 Rerum

128 1733 277 1796 igitur
310 1731 656 1797 compositioni
690 1731 773 1793 qui
810 1723 1074 1795 plurimum
1107 1732 1329 1780 tribuunt
1362 1735 1573 1795 poetae,
1610 1738 1807 1796 pertur-

129 1813 353 1862 bationes
398 1826 660 1874 moresque
706 1810 890 1858 imitari
925 1826 1020 1859 non
1054 1811 1239 1859 habent
1272 1825 1512 1872 necesse,
1561 1812 1656 1860 nisi
1689 1829 1808 1876 qua-

131 1898 276 1941 tenus
302 1891 418 1939 illae
449 1904 510 1938 ex
535 1890 614 1938 his
638 1895 934 1949 nascuntur3
969 1891 1016 1937 in
1054 1889 1506 1955 perturbationibus
1532 1897 1697 1940 autem
1725 1908 1808 1940 ex-

130 1971 398 2037 primendis
416 1971 500 2034 qui
528 1970 794 2030 elaborant,
819 1969 1067 2017 vilissimis
1083 1970 1249 2030 rebus,
1276 1969 1452 2034 quibus
1479 1970 1678 2034 quidem
1692 1970 1810 2022 illae

136 2052 428 2109 excitentur,
462 2056 600 2098 recte
624 2055 844 2110 utuntur,
875 2049 1008 2098 velut
1046 2050 1294 2098 sudarium
1320 2050 1477 2098 alieno
1505 2050 1613 2098 loco
1639 2051 1809 2102 inven-

130 2137 234 2182 tum
250 2130 513 2195 palmatiae
528 2129 731 2179 actionis
760 2130 809 2177 in
839 2129 1099 2195 Aethiopis
1114 2128 1295 2179 Veneti
1313 2129 1476 2179 fabula
1503 2146 1678 2179 caussa
1705 2137 1806 2192 est3

130 2211 344 2275 denique
370 2211 544 2274 quibus
572 2225 762 2258 morum
790 2215 870 2258 est
893 2210 1101 2258 imitatio
1131 2210 1406 2275 proposita,
1434 2226 1594 2274 neque
1620 2213 1808 2277 magni-

128 2291 251 2341 tudo
297 2306 460 2354 neque
510 2290 815 2339 continuatio
859 2306 1026 2339 rerum
1075 2290 1326 2354 sequenda
1361 2295 1466 2351 est,
1513 2291 1807 2355 iisdemque,

131 2371 346 2420 totius
405 2371 585 2418 vitae
642 2370 986 2434 imaginem
1047 2371 1419 2435 exprimere
1470 2370 1808 2420 studenti-

130 2454 278 2512 bus,
325 2466 388 2499 ne
434 2450 635 2498 nimium
689 2450 771 2499 uni
818 2450 1179 2514 perturbationi
1224 2451 1475 2512 tribuant,
1522 2451 1806 2503 cavendum.

135 2529 420 2581 Veteres
468 2530 719 2593 tragici
765 2529 907 2579 fere
940 2530 1070 2579 toti
1107 2535 1257 2580 sunt
1291 2531 1351 2580 in
1386 2546 1596 2579 rerum
1631 2547 1807 2580 eom-

131 2610 477 2675 positione
524 2625 593 2657 ac
640 2611 1224 2675 perturbationum
1271 2609 1680 2671 imitatione;
1728 2611 1807 2660 ii-

132 2691 269 2739 dem
317 2689 379 2738 in
423 2689 709 2738 moribus
755 2678 1217 2740 describendis
1263 2706 1483 2754 parum
1521 2689 1807 2755 diiigen-

131 2774 259 2830 teS‚
294 2768 361 2818 in
395 2770 691 2834 propriis
726 2770 1050 2819 hominum
1085 2770 1367 2833 ingeniis
1402 2785 1808 2834 persequen-

131 2849 236 2898 dis
282 2864 509 2913 parum
543 2851 741 2901 acuti.
809 2849 1107 2900 Recentiore
1142 2850 1340 2898 demum
1377 2855 1562 2910 aetate,
1610 2856 1660 2898 et
1695 2850 1809 2914 qui-

132 2928 246 2977 dem
282 2927 555 2991 Shaxperio
590 2930 801 2978 maxime
835 2936 1052 2993 auctore,
1087 2931 1184 2980 hoc
1219 2945 1401 2994 genere
1434 2930 1686 2992 tragoedia
1720 2947 1807 2978 au-

133 3015 212 3057 cta
248 3012 355 3057 est:
404 3008 446 3056 is
483 3008 612 3056 enim
646 3009 832 3072 primus
877 3010 928 3059 in
960 3009 1266 3068 Macbethii‚
1314 3009 1364 3058 in
1399 3008 1639 3057 Richardi
1674 3011 1807 3058 tertii

132 3087 341 3151 aliisque
374 3087 554 3135 fabuiis
589 3089 843 3138 universas
875 3089 1130 3139 hominum
1166 3090 1290 3137 vitas
1327 3104 1589 3154 expressas
1614 3090 1664 3138 in
1695 3106 1806 3138 sce-

131 3182 243 3216 nam
279 3167 472 3227 detulit,
507 3168 638 3216 inter
672 3168 946 3219 Germanos
980 3177 1142 3219 autem
1179 3169 1390 3233 primum
1426 3169 1574 3218 huius
1611 3171 1806 3233 generis

134 3247 413 3311 exemplum
458 3248 717 3312 proposuit
760 3249 834 3310 is,
886 3250 967 3313 qui
1016 3249 1213 3314 scripsit
1265 3247 1530 3297 Goetzium
1563 3248 1808 3298 Berlichi-

134 3342 353 3376 nensem.
420 3327 547 3379 Nolo
581 3328 679 3376 hoc
714 3329 822 3377 loco
857 3346 1111 3394 quaerere,
1146 3335 1311 3378 utrum
1340 3329 1596 3377 conveniat
1629 3329 1679 3378 in
1714 3327 1811 3375 hoe

134 3421 289 3471 genus
321 3421 478 3457 necne
513 3412 675 3458 metus
710 3414 762 3458 et
793 3410 1069 3469 miseratio,
1118 3424 1264 3474 quem
1298 3408 1555 3474 tragoedia
1590 3407 1810 3470 sequitur

195 3483 258 3535 T.
293 3485 350 3535 11.
1445 3490 1479 3535 9
