2124 3860
1107 294 1228 353 36⁰

321 445 552 511 putarunt
584 455 806 506 quaeque
837 440 986 490 iidem
1021 445 1240 490 veterum
1268 440 1548 492 testimonia
1572 447 1861 509 posuerunt,
1895 442 1990 493 im-

329 524 500 590 primis
539 521 740 570 Luciani
795 522 858 570 de
917 538 1107 571 conscr.
1143 522 1258 570 hist.
1295 537 1340 570 c.
1380 524 1456 583 1,,
1509 523 1746 573 Athenaei
1795 523 1902 573 XII.
1937 540 1987 588 p.

322 605 433 651 537.
469 602 527 651 D.
576 601 829 665 Aristoph.
869 601 989 653 Rau.
1025 618 1070 650 v.
1098 604 1174 649 53.
1256 600 1464 650 Praeter
1509 603 1640 651 hunc
1685 602 1768 651 alii
1816 603 1993 652 comici

321 668 509 747 passim
563 682 785 731 versibus
842 683 985 746 vulgo
1030 681 1418 729 familiarissimis
1465 682 1605 731 abusi
1661 687 1826 744 sunt,
1858 682 1994 731 velut

324 760 648 826 Theognetus
700 768 750 809 et
785 761 1108 820 Philoxenus3
1157 760 1220 809 cf.
1256 760 1297 807 F
1300 761 1519 809 ritzsche
1556 778 1602 826 p.
1636 763 1748 810 498.
1823 761 1994 811 Echus

321 857 612 905 personam,
662 857 805 905 quam
851 841 1030 889 merito
1073 841 1269 904 quidam
1314 842 1374 890 ab
1423 840 1752 904 Aristophane
1798 841 1995 890 irrisam

322 936 436 970 esse
473 926 780 986 putaverunt,
816 925 915 968 tam
951 937 1146 985 gravem
1182 936 1294 968 esse
1326 919 1559 968 iudicavit
1591 920 1908 984 Philopater‚
1941 925 1996 970 ut

322 999 373 1048 in
421 1000 663 1050 Adonidis
710 1000 967 1067 tragoedia
1016 1000 1275 1050 scribenda
1317 1000 1620 1071 imitaretur3
1672 1016 1718 1050 v.
1752 1000 1995 1050 Fritzsch.

323 1096 372 1144 p.
407 1080 521 1130 452.

997 1235 1327 1242 w

673 1405 744 1460 D.
829 1405 1104 1460 Busiris
1159 1406 1310 1461 sive
1362 1407 1624 1465 Lamia.

1932 1469 1958 1490 Q

456 1547 639 1597 Notum
689 1554 766 1598 est
810 1549 1081 1598 Herculem
1125 1551 1187 1598 in*
1217 1550 1372 1614 Libya
1415 1567 1444 1599 a
1479 1550 1733 1610 Busiride,
1781 1543 1997 1614 Neptu'ni

324 1628 455 1689 filio,
508 1630 590 1692 qui
636 1629 862 1709 hospites
894 1630 1147 1678 immolare
1182 1630 1500 1691 instituisset,
1534 1630 1776 1691 vinctum,
1814 1635 1869 1678 ut
1903 1644 1995 1693 pro

323 1709 520 1758 victima
554 1709 893 1768 occideretur,
943 1710 1003 1757 ad
1040 1726 1173 1757 aram
1208 1709 1331 1758 lovis
1367 1715 1573 1758 tractum
1611 1725 1750 1766 esse,
1785 1710 1874 1757 sed
1909 1726 1995 1758 ru-

322 1789 421 1854 ptis
456 1788 659 1836 vinculis
695 1795 747 1836 et
783 1789 972 1837 Busirin
1006 1790 1167 1852 ipsum
1205 1795 1252 1837 et
1276 1789 1430 1836 filium
1453 1790 1559 1838 eius
1587 1789 1998 1851 Amphidamanta

324 1872 378 1916 et
413 1864 631 1916 Chalben
667 1884 959 1932 praeconem
997 1868 1336 1928 interfecisse3
1374 1870 1440 1917 cf.
1467 1869 1694 1931 Apollod.
1727 1868 1793 1930 11,
1830 1871 1878 1930 5,
1915 1870 1996 1916 11.

323 1948 526 1998 Diodor.
556 1946 639 2010 lV,
669 1950 747 1999 27.
800 1948 1046 1998 Plutarch.
1077 1948 1302 1997 Parallel.
1324 1966 1366 1998 c.
1384 1953 1462 1998 38.
1509 1949 1692 2012 Hygin.
1719 1964 1760 1996 c.
1789 1951 1868 1996 56.
1930 1947 1998 1996 Et

323 2028 373 2076 in
425 2028 691 2092 amphorae
737 2028 962 2091 pictura,
1009 2044 1134 2091 quae
1179 2036 1398 2077 servatur
1432 2029 1480 2075 in
1517 2044 1689 2077 museo
1723 2027 1997 2076 Borbonico

324 2106 441 2169 (vol.
463 2104 582 2171 12.)‚
618 2113 1022 2170 repraesentatur
1044 2109 1234 2156 Busiris
1269 2109 1316 2156 in
1352 2109 1529 2157 throno
1559 2108 1755 2168 sedens,
1790 2122 2000 2172 corpore

325 2191 499 2234 ornatu
546 2187 798 2235 barbarico
834 2188 1099 2244 distincto,
1152 2187 1308 2236 altera
1340 2204 1485 2235 manu
1520 2194 1769 2251 sceptrum
1804 2191 1996 2246 tenens,

323 2266 480 2313 altera
515 2265 751 2326 cultrum,
802 2282 899 2328 quo
936 2266 1200 2313 Herculem
1236 2266 1578 2313 immolaturus
1614 2271 1720 2324 est,
1769 2264 1852 2328 qui
1887 2264 1995 2327 qui-

322 2344 437 2392 dem
498 2344 692 2392 vinctus
751 2361 780 2392 a
838 2345 1032 2392 duobus
1084 2343 1408 2406 Aethiopibus
1461 2343 1895 2406 (Amphidamante
1947 2349 1997 2392 et

322 2422 533 2486 Chalbe)
569 2423 770 2472 funibus
800 2424 1073 2472 cohibetur.
1127 2424 1319 2472 Adsunt
1344 2428 1601 2486 praeterea
1621 2423 1826 2471 ancillae
1852 2424 1995 2486 duae,

323 2519 529 2567 quarum
565 2504 718 2552 altera
743 2503 887 2551 tibias
918 2504 1068 2564 inflat,
1104 2503 1258 2551 altera
1282 2503 1496 2566 patinam
1517 2505 1655 2550 tenet
1681 2502 1836 2562 donis,
1873 2519 1996 2566 quae

317 2583 422 2633 Iovi
446 2583 730 2643 offerantur,
756 2583 1011 2647 repletam.
1062 2582 1160 2631 Sed
1184 2583 1279 2630 iam
1307 2581 1566 2641 Hercules,
1595 2583 1751 2645 ruptis
1773 2582 1995 2644 vinculis,

319 2663 504 2712 clavam
540 2663 752 2722 sustulit,
790 2679 932 2726 quam
967 2663 1015 2710 in
1049 2666 1196 2726 caput
1229 2661 1423 2708 barbari
1454 2661 1756 2710 demissurus
1786 2668 1890 2722 est3
1927 2661 1994 2711 cf.

316 2741 574 2807 Millingen
598 2742 761 2790 Peint.
779 2743 843 2790 de
865 2758 1005 2790 vases
1033 2742 1098 2805 pl.
1123 2745 1202 2790 28.
1230 2740 1432 2803 Satyros
1455 2742 1513 2789 ab
1545 2741 1638 2789 hoc
1665 2741 1882 2789 dramate
1907 2743 1993 2790 ab·

317 2821 474 2870 fuisse
495 2826 709 2869 testatur
721 2821 984 2869 Diomedes
1009 2819 1212 2884 gramm.
1227 2820 1303 2868 llI.
1322 2837 1368 2883 p.
1387 2822 1501 2870 488.
1522 2820 1750 2870 Putsch.:
1784 2820 1994 2881 „Latina

316 2901 538 2949 Atellana
555 2918 582 2949 a
604 2900 793 2949 Graeca
810 2902 1019 2965 satyrica
1043 2899 1224 2958 differt,
1253 2900 1382 2962 quod
1413 2900 1463 2948 in
1491 2901 1702 2963 satyrica
1724 2899 1831 2948 fere
1857 2906 1990 2963 saty-

315 2994 482 3028 rorum
518 2996 760 3044 personae
794 2982 1104 3042 inducuntur,
1140 2983 1248 3027 aut
1291 2980 1344 3027 si
1381 2996 1538 3042 quae
1573 2983 1721 3027 sunt
1755 2979 1992 3040 ridicu-

317 3058 417 3106 lae
443 3059 703 3107 similes
730 3060 1006 3123 satyris,
1030 3059 1421 3122 Autolycus,
1451 3058 1765 3106 Busiris.'’
1799 3057 1990 3120 Satyris

316 3138 516 3186 minime
551 3154 674 3202 opus
707 3138 818 3197 fuit,
855 3155 965 3187 cum
1002 3139 1139 3204 copia
1174 3145 1309 3186 esset
1343 3138 1573 3202 Libyum,
1609 3138 1691 3203 qui
1715 3137 1986 3185 credeban-

317 3221 400 3266 tur
435 3218 494 3264 ab
530 3217 845 3266 humanitatis
883 3219 1017 3268 cultu
1050 3234 1145 3266 non
1168 3220 1326 3266 minus
1359 3218 1516 3283 longe,
1552 3232 1693 3280 quam
1717 3216 1803 3273 illi,
1841 3216 1990 3264 alieni

324 3312 453 3345 esse.
489 3297 748 3346 Materiam
774 3298 968 3347 fabulae
992 3314 1117 3355 eam,
1145 3314 1287 3360 quam
1313 3297 1539 3356 diximus,
1568 3296 1724 3344 fuisse
1746 3294 1991 3358 Hesychii

329 3376 539 3440 quodam
573 3376 805 3424 lemmate
840 3379 1183 3426 confirmatur:
1231 3374 1468 3442 ἁγνίσαι,
1505 3374 1803 3426 ἀποθῦσαι·
1850 3374 1988 3423 Bov-

318 3452 493 3519 σίριδι.
582 3456 831 3505 Feminam
891 3459 1038 3506 rebus
1090 3457 1290 3520 agendis
1355 3456 1644 3507 interfuisse
1709 3470 1770 3503 ex
1832 3454 1987 3503 altero
