2150 3866
1156 270 1280 326 23⁰

379 422 630 474 mistocles
650 417 887 483 confugit,
923 417 1221 466 necessitate
1254 422 1540 467 excusatum
1574 434 1687 470 esse
1720 420 1902 481 voluit,
1938 438 2055 488 pro-

383 501 582 551 ditionis
629 502 793 548 autem
840 498 1043 547 crimine
1076 497 1330 562 purgavit,
1377 515 1527 562 quum
1561 498 1840 565 Telephum
1875 502 2055 552 fecerit

383 596 634 637 recusare,
669 577 928 642 quominus
963 577 1184 626 hostium
1220 583 1381 626 castra
1421 583 1620 628 secutus
1655 585 1825 630 contra
1849 583 2059 646 patriam

382 677 517 710 arma
550 660 708 708 ferret
740 658 936 707 infesta.
1004 657 1208 706 Periclis
1242 673 1339 708 non
1372 658 1529 706 solum
1566 675 1750 720 mores,
1784 663 1874 710 sed
1908 663 2058 711 etiam

383 739 606 790 consulta
641 739 962 787 vehementer
997 738 1312 802 approbavit,
1359 738 1683 787 eruditionem
1719 755 1836 788 vero
1870 755 2060 789 summa

388 821 531 869 laude
566 819 761 882 dignam
797 833 911 866 esse
944 818 1194 866 iudicavit.
1265 817 1461 866 Induxit
1503 819 1632 867 enim
1679 819 1891 868 eundem
1923 821 2061 870 -The-

384 916 525 950 seum
571 900 893 962 Anaxagorae
939 897 1247 962 disciplinam
1283 897 1604 946 admirantem
1663 914 1819 962 seque
1878 900 1941 948 ad
1979 899 2064 947 illa

383 983 648 1043 praecepta
682 978 829 1025 vitam
863 976 1139 1025 instituisse
1188 976 1516 1041 profitentem.
1583 976 1714 1026 Tum
1757 979 2064 1043 reipublicae

382 1058 596 1107 formam
644 1061 791 1119 atque
842 1054 1310 1105 administrationem
1361 1071 1470 1104 eam
1515 1057 1857 1122 potissimum,
1923 1058 2064 1107 cuius

389 1137 613 1185 Pericles
650 1141 821 1184 auctor
854 1134 975 1195 fuit,
1021 1136 1440 1194 commendavit«,
1463 1135 1638 1200 Neque
1682 1137 1891 1185 invicem
1923 1137 2064 1186 Peri-

384 1217 510 1266 clem
545 1216 764 1275 indoleS‚
801 1230 897 1278 qua
930 1215 1194 1279 Euripides
1228 1215 1476 1281 pollebat,
1510 1215 1688 1281 fugere
1721 1217 1914 1281 potuit3
1949 1217 2065 1281 quin

385 1298 534 1346 etiam
568 1295 959 1344 adiutum-hunc
993 1296 1053 1343 ab
1087 1295 1173 1342 illo
1207 1300 1505 1359 auctumque
1540 1312 1653 1345 esse
1687 1297 1941 1362 suspicor,
1991 1301 2063 1356 ut,

386 1392 535 1440 quum
584 1373 858 1440 Sophocles
904 1374 1153 1438 praesidio
1200 1379 1425 1424 uteretur
1459 1375 1707 1434 Cimonis,
1755 1376 1866 1440 ipse
1913 1391 2064 1440 opera

387 1460 439 1504 et
474 1455 904 1505 commendatione.
932 1454 1134 1503 Periclis
1170 1455 1349 1503 choros
1387 1460 1439 1504 et
1483 1455 1772 1505 facultatem
1817 1455 2062 1506 docenda-

385 1551 493 1584 rum
525 1535 801 1584 fabularum
837 1534 1126 1582 adolescens
1166 1534 1473 1598 impetraret.
1542 1535 1687 1597 Quod
1720 1534 1836 1583 inde
1871 1535 2064 1597 colligo,

388 1614 519 1679 quod
567 1614 743 1663 eodem
791 1613 900 1662 fere
947 1619 1173 1678 tempore
1222 1614 1436 1663 Pericles
1479 1615 1808 1679 gubernacula
1853 1614 2066 1663 civitatis

387 1694 656 1759 capessivit
690 1700 741 1742 et
775 1693 1041 1758 Euripides
1075 1693 1268 1743 fabulas
1304 1693 1485 1743 docere
1517 1694 1710 1759 coepit:
1756 1710 1869 1743 nam
1892 1693 2065 1758 Olym-

386 1774 545 1838 piadis
579 1772 848 1823 LXXVIII.
899 1788 1026 1822 anno
1088 1774 1197 1822 fere
1253 1775 1399 1822 tertio
1447 1773 1604 1822 Rhesi
1646 1773 1861 1823 fabulam
1907 1778 2066 1823 actam

389 1870 503 1903 esse
540 1870 601 1902 ex
637 1855 757 1903 satis
793 1854 941 1902 certis
975 1853 1172 1902 indiciis
1200 1854 1419 1915 conieci3
1463 1854 1667 1902 ineunte
1696 1858 1861 1902 autem
1893 1854 2068 1902 eadem

387 1932 680 1998 Olympiade
729 1934 917 1982 civitati
962 1950 1197 1997 praeesse
1242 1935 1407 1998 coepit
1440 1933 1675 1982 Pericles.
1744 1933 1884 1995 Quae
1929 1932 2068 1982 dein-

388 2030 508 2078 ceps
552 2029 647 2078 per
691 2013 1011 2077 qnadraginta
1058 2029 1240 2072 annos,
1292 2015 1473 2077 quibus
1518 2014 1846 2078 principatum
1892 2013 2069 2074 tenuit,

390 2093 547 2159 gessit
596 2093 670 2141 vir
716 2093 846 2141 omni
895 2093 1040 2141 laude
1087 2086 1282 2141 virtutis
1315 2093 1525 2152 florens,
1561 2093 1686 2141 haec
1721 2108 1816 2156 qua
1856 2092 2069 2150 ratione,

395 2172 478 2222 vel
515 2177 779 2235 antequam
813 2172 1010 2233 fierent,
1046 2172 1463 2220 commendaverit
1485 2171 1563 2219 vel
1595 2171 1729 2220 facta
1762 2167 2070 2219 memorave-

390 2252 457 2301 rit
499 2251 799 2315 EuripideS,
848 2251 1126 2314 deperditis
1169 2252 1422 2314 plerisque
1470 2251 1601 2298 illius
1647 2250 1824 2299 aetatis
1869 2249 2068 2311 fabulis,

389 2329 690 2397 ignoramus'.
762 2330 951 2379 Bellum
988 2330 1185 2393 quidem
1221 2335 1393 2379 contra
1418 2329 1801 2393 Peloponnesios
1837 2333 1893 2377 ut
1912 2330 2068 2378 susci-

390 2416 623 2477 peretur,
670 2426 844 2474 magno
891 2410 1057 2458 studio
1101 2410 1257 2458 suasit
1304 2409 1522 2459 fabulam
1565 2408 1944 2458 Heraclidarum
1978 2409 2067 2458 do-

391 2492 569 2540 c'endo.
653 2490 882 2539 Defuncti
929 2495 1093 2538 autem
1130 2489 1336 2538 Periclis
1380 2489 1669 2538 memoriam
1717 2489 1767 2537 in
1810 2488 2070 2554 Hippolyti

354 2556 361 2562 Χ
392 2577 442 2620 et
476 2571 608 2620 Ionis
643 2569 823 2620 sabulis
859 2572 1156 2634 prosecutus
1195 2574 1291 2619 est.

525 2651 600 2699 De
635 2650 855 2699 Cleontis
894 2650 1087 2713 ingenio
1120 2650 1253 2697 idem
1287 2648 1554 2712 Euripides
1589 2647 1718 2711 quod
1750 2646 2068 2712 Thucydides

393 2731 612 2780 sensisse
656 2730 880 2789 videtur,
928 2729 1166 2792 siquidem
1201 2728 1412 2791 Ulysses
1446 2727 1561 2788 ille,
1607 2727 1690 2791 qui
1735 2724 2070 2776 induciturin

394 2810 635 2859 Hecubae
656 2809 833 2864 ,fabula
867 2814 973 2858 tum
1006 2808 1314 2858 atrocissima
1349 2808 1581 2868 suadens,
1613 2811 1719 2855 tum
1743 2806 2068 2856 multitudinis

393 2891 602 2953 gratiam
646 2890 868 2953 neglecta
907 2890 1209 2938 humanitate
1257 2894 1404 2950 atque
1438 2887 1684 2952 probitate
1715 2901 1923 2945 venans,
1961 2890 2069 2934 tum

394 2969 751 3018 beneficiorum
807 2973 1122 3034 acceptorum
1180 2969 1468 3025 immemor,
1520 2967 1654 3016 illius
1701 2965 2067 3015 similitudinem

396 3049 539 3097 dictis
587 3048 828 3113 factisque
873 3049 1067 3098 referre
1111 3048 1323 3096 videtur.
1403 3046 1636 3096 Ceterum
1682 3044 1845 3110 magni
1889 3043 2070 3107 ingenii

396 3128 744 3177 documentum
781 3135 884 3191 est,
931 3129 1062 3193 quod
1097 3127 1383 3175 comoediae
1416 3142 1626 3190 persona
1661 3124 1880 3175 Cleontis
1913 3129 2066 3172 mate-

396 3208 519 3257 riam
553 3209 795 3272 praebere
828 3210 1011 3274 potuit,
1055 3223 1218 3271 neque
1251 3206 1494 3255 immerito
1529 3210 1697 3255 contra
1729 3203 2069 3267 Aristophanis

395 3287 700 3352 iniquitatem
735 3306 960 3339 caussam
994 3289 1100 3339 eius
1133 3286 1437 3351 Droysenius
1471 3284 1756 3335 defendisse
1787 3283 2002 3332 videtur.

439 3421 443 3425 ,
522 3367 595 3417 De
643 3368 911 3418 Alcibiadis
945 3366 1296 3433 Euripidisque
1343 3367 1556 3416 amicitia
1588 3367 1638 3414 in
1670 3363 1958 3429 Supplicum
1993 3362 2068 3410 fa-

395 3447 515 3496 bula
562 3448 926 3512 explicavimus.
994 3448 1211 3499 Alteram
1247 3446 1310 3496 de
1345 3447 1520 3497 eadem
1553 3444 1760 3495 materia
1792 3441 2084 3493 disserendi>
