2170 3848
968 277 1086 334 153

187 427 336 494 igitur
375 424 610 475 facultate
653 423 877 491 imaginis
930 423 1146 474 interdiu
1202 420 1530 478 auferendae,
1590 421 1853 483 postquam

187 506 431 573 speculati
465 510 580 554 sunt
612 505 853 554 foramina
893 504 1066 568 templi
1099 508 1247 566 atque
1280 499 1694 565 opportunitatem
1725 498 1853 546 irre-

187 587 357 654 pendi,
391 590 542 634 noctu
575 584 740 634 redire
775 583 835 631 ad
872 588 1042 632 conata
1077 582 1406 646 exsequenda,
1441 579 1657 628 interdiu
1690 581 1851 626 autem

190 665 241 715 in
275 670 415 714 antro
447 664 600 713 littori
635 663 908 727 propinquo
943 661 1113 726 procul
1146 677 1174 709 a
1198 660 1308 709 navi
1342 675 1550 724 corpora
1585 656 1852 716 occultare,

191 750 415 795 ceterum
446 744 565 793 forti
600 758 711 791 esse
746 742 905 789 animo
943 740 1120 803 deique
1155 740 1332 789 anxilio
1380 738 1632 787 confidere
1667 736 1852 784 consti-

191 830 338 875 tuunt
351 822 419 887 *).
457 823 734 872 Animorum
759 820 1058 884 generositas
1083 819 1383 885 conspicitur
1408 819 1456 867 in
1480 834 1557 875 eo,
1584 816 1713 881 quod
1730 815 1855 864 Ore-

194 907 330 962 stes,
377 902 512 950 cuius
560 900 690 949 salus
725 899 775 947 in
809 899 1077 948 auferenda
1120 900 1331 965 imagine
1364 903 1468 947 tota
1501 897 1695 956 nititur,
1746 897 1855 960 ipse

192 982 268 1031 rei
301 980 643 1030 difficultatem
679 978 895 1028 ostendit
926 979 1172 1044 fugaeque
1216 979 1335 1027 facit
1380 978 1709 1037 mentionem,
1757 975 1856 1039 Py-

193 1061 329 1109 lades
371 1065 569 1119 eontra,
611 1075 759 1123 quem
806 1060 867 1107 ad
912 1059 1165 1108 subeunda
1216 1058 1435 1124 pericula
1482 1057 1614 1108 nulla
1656 1056 1857 1122 propria

192 1139 462 1188 necessitas
486 1139 629 1203 cogit,
665 1145 748 1188 aut
772 1155 868 1188 non
901 1139 1267 1204 suscipiendam
1292 1138 1649 1201 navigationem
1681 1137 1856 1199 fuisse,

191 1223 277 1267 aut
309 1224 529 1267 extrema
562 1219 687 1277 iam,
734 1234 845 1267 cum
880 1220 942 1267 ad
977 1219 1124 1267 finem
1175 1234 1346 1267 cursus
1382 1217 1721 1281 pervenerint,
1770 1225 1866 1266 au-'

191 1297 352 1363 *denda
396 1314 508 1346 esse
554 1297 786 1348 affirmat.
856 1299 1015 1347 Amici
1059 1314 1231 1347 caussa
1275 1298 1492 1362 pericula
1524 1297 1699 1346 horret
1733 1296 1859 1346 Ore-

193 1383 317 1436 stes,
351 1377 493 1426 amici
526 1393 696 1426 caussa
730 1378 903 1427 eadem
953 1379 1221 1427 contemnit
1263 1376 1503 1440 Pylades:
1551 1377 1676 1426 haec
1710 1376 1861 1426 tacita

194 1457 376 1506 amoris
422 1457 711 1522 significatio
757 1457 1104 1506 facundissima
1152 1457 1375 1506 oratione
1409 1457 1736 1521 praestantior
1769 1463 1862 1507 est.

193 1537 355 1586 Etiam
384 1538 640 1586 sententiis
666 1538 763 1587 hoc
790 1539 1084 1601 colloquium
1115 1538 1325 1603 egregiis
1347 1543 1574 1586 ornatum
1601 1542 1694 1598 est,
1728 1537 1862 1587 velut

193 1617 317 1667 hac:
384 1617 695 1679 „Difficultas
730 1617 860 1666 nulla
893 1618 1151 1667 iuvenibus
1188 1617 1493 1667 excusationi
1526 1613 1651 1665 est.''

327 1696 544 1747 Veniunt
576 1697 756 1746 deinde
788 1697 1032 1756 feminae,
1078 1713 1203 1760 quae
1238 1696 1377 1745 chori
1410 1712 1613 1744 munere
1645 1695 1864 1760 fungun-

194 1782 290 1836 tur,
326 1777 563 1840 captivae,
601 1793 807 1841 quarum
842 1777 997 1840 patria
1031 1773 1242 1825 Graecia
1277 1785 1380 1837 est,
1426 1791 1677 1825 sacrorum
1713 1776 1865 1826 cult-ui

198 1855 477 1904 destinatae
501 1856 803 1920 eaedemque
825 1856 1095 1904 sacerdotis
1121 1856 1352 1905 famulae.
1420 1855 1545 1916 Hae,
1582 1872 1730 1920 quum
1767 1856 1866 1906 sint

200 1935 261 1983 ab
296 1935 546 1999 Iphigenia
583 1937 877 1997 arcessitae,
914 1936 1028 1984 dum
1065 1935 1125 1983 ad
1159 1935 1329 1984 fanum
1364 1935 1488 1984 deae
1522 1942 1691 1985 sancte
1724 1952 1866 1985 vere-

199 2015 456 2077 cundeque
500 2016 770 2076 accedunt,
821 2016 956 2063 cuius
990 2015 1065 2064 rei
1116 2030 1290 2063 caussa
1322 2019 1665 2075 arcessantur,
1716 2033 1866 2080 quae·

198 2099 313 2143 runt
357 2094 596 2143 curiosae.
662 2095 755 2142 His
799 2095 885 2142 illa
928 2094 1066 2144 luctu
1111 2111 1167 2144 se
1201 2099 1253 2143 et
1286 2111 1515 2145 moerore
1548 2096 1867 2146 acerbissimo

197 2173 426 2222 affectam
462 2189 574 2222 esse
608 2174 838 2237 ostendit,
874 2174 1043 2223 fratris
1078 2181 1264 2237 morte,
1300 2176 1384 2239 qui
1420 2182 1677 2241 superstes
1715 2176 1867 2227 fuerit

198 2254 397 2302 unicum
429 2254 604 2303 domus
640 2260 875 2318 paternae
910 2255 1154 2315 columen,
1192 2271 1253 2304 ex
1290 2257 1590 2304 somniorum
1629 2257 1749 2306 visis
1782 2273 1868 2306 co-

199 2334 358 2398 gnita:
410 2332 508 2382 hoc
544 2334 673 2383 enim
710 2336 966 2396 exstincto,
1002 2335 1293 2384 exstinctam
1330 2352 1444 2385 esse
1480 2336 1757 2385 universam
1791 2337 1868 2387 fa-

199 2413 400 2464 miliam.
470 2413 634 2474 Quare
683 2430 738 2463 se
789 2431 918 2464 nunc
963 2416 1010 2463 ei
1057 2416 1397 2480 praesentibus
1431 2416 1527 2464 illis
1562 2433 1759 2482 unaque
1793 2418 1869 2468 lu-

199 2493 430 2558 gentibus
464 2492 665 2542 inferias
699 2495 921 2544 daturam
958 2494 1239 2543 sollemueS.
1306 2496 1400 2544 His
1450 2497 1597 2545 dictis
1642 2497 1747 2555 lac,
1796 2499 1870 2546 vi-

199 2589 315 2621 num
350 2579 399 2621 et
432 2573 557 2630 mel,
593 2574 768 2637 quibus
803 2591 970 2624 manes
1005 2575 1290 2639 placantur,
1339 2576 1568 2638 quoniam
1603 2578 1762 2626 crines
1798 2579 1869 2627 la-

201 2652 477 2716 crimasque
509 2653 557 2702 in
590 2654 777 2703 tumulo
815 2655 966 2704 libare
993 2655 1245 2715 nonlicet,
1281 2655 1328 2703 in
1356 2655 1558 2704 humum
1591 2655 1868 2720 effundens,

202 2747 401 2789 manes,
437 2739 491 2781 ut
522 2733 704 2796 placidi
737 2736 1004 2799 accipiant,
1054 2740 1305 2798 precatur.
1374 2733 1504 2783 Tum
1539 2735 1718 2785 chorus
1753 2753 1870 2786 nae-

202 2811 305 2860 nias
342 2811 572 2860 defuncto
607 2814 700 2863 rite
734 2820 926 2875 cantat,
969 2815 1133 2879 ipsum
1180 2812 1328 2863 simul
1363 2819 1415 2863 et
1448 2815 1729 2865 Atridarum
1775 2817 1871 2867 do-

257 2965 309 3021 *)
337 2966 515 3023 Fugam
544 2966 745 3011 Orestem
773 2970 1033 3012 suadentem
1060 2967 1231 3011 faciunt
1259 2968 1506 3013 scribarum
1537 2973 1581 3013 et
1611 2970 1870 3014 criticorum

342 3039 633 3092 corruptelae.
691 3038 982 3082 Scribendum
1014 3043 1080 3081 est
1108 3039 1192 3080 sic:

458 3131 512 3140 -
652 3132 701 3141 —
847 3111 944 3159 πῶς
974 3105 1033 3152 ἂν
1065 3102 1148 3152 οὖν
1177 3106 1398 3164 λάθοιμεν
1428 3106 1515 3162 ἆνς

458 3173 488 3233 ἢ
523 3176 829 3233 χαλκότευκτα
857 3181 1038 3238 κλῇθρα
1066 3177 1281 3228 λύσαντες
1308 3182 1507 3234 μοχλοῖς,

456 3243 521 3292 ὧν
553 3245 690 3292 οὐδὲν
722 3249 874 3304 ἴσμενς
905 3246 962 3305 ἢν
994 3246 1032 3294 δ’
1064 3245 1324 3305 ἀνοίγοντες
1351 3247 1503 3301 πύλας

453 3320 706 3374 ληφθῶμεν
735 3318 954 3375 εἰςβᾶσεις
982 3336 1032 3365 τε
1061 3318 1395 3376 μηχανώμενοι,

451 3387 739 3445 θανούμεθ’·
772 3386 865 3434 ἀλλ’
894 3385 939 3446 ἦ,
968 3391 1075 3450 πρὶν
1104 3393 1283 3442 θανεῖν,
1314 3388 1428 3440 νεώς
1463 3388 1541 3435 ἔπι

454 3457 705 3517 φεύγωμεν,
738 3454 855 3520 ᾗπερ
885 3456 1006 3519 δεῦρ’
1038 3459 1457 3520 ἐνανστολήσαμενς
