2124 3860
1066 230 1191 286 37⁰

299 385 537 450 loquitur:
580 392 712 440 „non
744 381 800 427 ut
841 376 973 442 apud
1007 375 1325 441 Euripidem,
1373 373 1464 423 sed
1511 378 1569 424 ut
1602 375 1732 441 apud
1781 374 1976 440 Sopho.-

302 466 456 515 clema
490 457 667 522 reliqui
700 457 833 507 euim
867 457 1044 505 choros
1080 456 1140 504 ab
1162 453 1468 518 argumentis
1493 454 1681 504 alienos
1703 450 1978 504 inserunt.”

301 543 353 591 Si
386 538 654 604 Euripides
688 537 797 603 ipse
829 537 927 584 iam
961 535 1333 584 intercalaribus
1367 549 1489 582 usus
1526 541 1603 582 est
1638 534 1823 595 choris,
1858 548 1979 597 quo-

301 622 450 671 modo
496 619 543 668 ei
591 618 796 682 opponi,
855 622 1085 680 tanquam
1135 614 1435 663 contrarium
1484 612 1758 672 facientes,
1801 613 1981 677 reliqui

302 698 602 767 potuerunt?
637 695 787 744 Certe
823 695 954 743 enim
988 712 1084 744 non
1115 695 1264 743 datur
1289 694 1488 742 tertium
1514 708 1670 757 genus
1693 693 1981 753 carminum,

304 796 400 844 quo
449 783 594 826 utens
630 775 893 838 Euripides
932 779 984 823 et
1018 791 1045 822 a
1079 774 1332 839 Sophocle
1379 778 1431 821 et
1476 773 1537 820 ab
1585 771 1846 836 Agathone
1886 787 1983 836 po-

304 858 453 908 tuerit
499 863 552 905 et
605 855 692 915 iis,
749 855 830 918 qui
877 854 1008 903 hunc
1054 853 1211 902 secuti
1258 859 1400 913 sunt,
1460 852 1679 902 differre.
1759 851 1985 911 Accedit,

303 938 433 1003 quod
468 938 682 1002 primum
718 933 1028 998 Agathonem
1063 949 1251 981 morem
1303 948 1512 981 novasse
1553 931 1835 981 nominatim
1871 931 1986 980 Ari-

303 1017 511 1066 stoteles
557 1030 614 1062 ac
660 1013 928 1077 perspicue
962 1012 1138 1072 docet,
1183 1012 1475 1075 Euripidem
1509 1027 1625 1060 vero
1659 1027 1867 1061 novasse
1899 1027 1987 1060 ne-

305 1112 401 1161 que
447 1096 543 1143 hoc
591 1093 702 1141 loco
749 1108 910 1156 neque
959 1091 1078 1140 alias
1123 1093 1540 1141 commemoravit.
1610 1091 1793 1140 Carent
1836 1091 1988 1154 igitur

304 1177 386 1224 illa
421 1189 586 1232 sensu,
615 1173 709 1221 nisi
744 1173 817 1221 sic
852 1172 1069 1221 scribas:
1106 1170 1178 1232 ὡς
1210 1173 1336 1237 παρ’
1368 1168 1637 1236 Εὐριπίδῃ
1669 1167 1704 1236 ἢ
1739 1167 1811 1230 ὡς
1842 1165 1989 1234 παρὰ

307 1253 602 1317 Σοφοκλεῖ·
648 1254 760 1311 τοῖς
804 1249 861 1302 δὲ
905 1252 1124 1311 λοιποῖς.
1205 1253 1305 1301 Iam
1353 1269 1458 1301 rem
1494 1253 1681 1316 ipsam,
1730 1267 1876 1315 quam
1910 1266 1988 1300 ar-

306 1349 461 1401 guere
494 1332 788 1380 Aristoteles
834 1332 969 1379 visus
1014 1339 1121 1392 est,
1169 1333 1575 1397 contemplemur.
1657 1331 1708 1380 ln
1756 1330 1989 1380 duodevi-

307 1413 459 1478 ginti,
506 1428 632 1475 quae
680 1418 901 1473 exstant,
943 1411 1199 1476 Euripidis
1235 1411 1417 1460 fabulis
1467 1428 1564 1461 non
1600 1412 1714 1477 plus
1750 1411 1847 1459 duo
1881 1426 1989 1458 car-

309 1495 437 1543 mina
483 1497 681 1557 reperta
723 1497 869 1550 sunt,
917 1507 1042 1555 quae
1088 1491 1208 1540 illud
1258 1492 1487 1539 iudicium
1525 1492 1819 1540 confirmare
1853 1490 1990 1540 vide·

309 1577 496 1631 rentur,
533 1586 740 1635 quorum
776 1571 987 1620 alterum
1011 1570 1294 1634 Iphigeniae
1320 1571 1491 1631 Taur.,
1526 1571 1733 1619 alterum
1770 1570 1991 1619 Helenae

309 1652 501 1702 actibus
534 1651 663 1699 inest
694 1649 902 1698 ultimis:
939 1666 1066 1714 quae
1089 1655 1252 1699 tamen
1287 1651 1573 1715 neutiquam
1597 1667 1711 1700 esse
1735 1644 1992 1715 ἐμβόλιμοι

311 1731 434 1782 satis
491 1729 611 1778 mihi
666 1731 835 1779 videor
893 1730 1158 1794 perspicue
1215 1730 1510 1780 ostendisse.
1591 1731 1715 1779 ltem
1759 1730 1992 1791 earmina,

312 1827 440 1876 quae
481 1810 769 1859 Phoenissis
814 1815 865 1859 et
895 1808 1177 1858 Troadibus
1211 1808 1404 1872 insunt,
1439 1810 1722 1870 docuimus,
1770 1811 1865 1859 etsi
1898 1826 1995 1860 non

312 1892 376 1940 ad
407 1905 488 1938 res
523 1889 772 1953 proximas
806 1888 1117 1950 referantur,
1164 1895 1329 1938 tamen
1361 1906 1585 1940 summae
1617 1906 1780 1939 rerum
1827 1905 1997 1940 neces·

315 1969 444 2020 saria
488 1985 602 2018 esse
647 1974 699 2017 et
744 1969 1005 2018 convenire
1038 1969 1266 2033 personis
1311 1969 1605 2019 feminarum
1654 1970 1820 2030 chori,
1870 1986 1997 2034 quae

317 2055 488 2099 essent
522 2048 663 2111 quasi
698 2049 1011 2097 simulacrum
1060 2050 1262 2115 populi,
1306 2051 1445 2098 cuius
1481 2067 1563 2099 res
1596 2051 1696 2098 illis
1730 2050 1996 2114 tragoediis

317 2133 595 2191 agerentur.
677 2126 908 2176 Sed-fac
954 2145 1037 2177 me
1081 2129 1131 2176 in
1184 2129 1277 2177 hac
1310 2145 1368 2178 re
1397 2126 1615 2191 errasse,
1663 2130 1743 2178 l'ac
1790 2129 1997 2178 vitiosos

319 2221 433 2256 esse
466 2220 583 2266 eos,
631 2221 754 2267 quos
789 2205 1022 2265 diximus,
1076 2206 1284 2255 chorost
1336 2224 1451 2257 num
1497 2210 1541 2257 is
1576 2213 1655 2256 est
1687 2209 1997 2268 Aristoteles,

318 2285 370 2335 in
404 2300 550 2348 quem
597 2287 763 2332 tantae
807 2284 1137 2347 negligentiae
1171 2286 1315 2332 cadat
1348 2286 1566 2343 crimen,
1615 2291 1668 2334 ut
1702 2286 1766 2334 de
1799 2286 1997 2336 nniver-

321 2364 392 2413 sis
440 2362 707 2428 tragoediis
750 2362 1036 2411 enuntiasse
1082 2363 1308 2411 videatur
1354 2366 1485 2426 quod
1531 2366 1595 2413 de
1641 2365 1814 2428 paucis
1847 2366 2000 2415 fuerit

322 2442 626 2491 dicendum?
662 2440 900 2503 Reliquos
937 2443 1068 2490 enim
1105 2443 1282 2491 choros
1317 2458 1344 2490 a
1375 2442 1641 2508 Sophoclis
1675 2446 1843 2493 choris
1877 2446 1999 2494 nibil

323 2521 527 2571 differre
575 2520 723 2570 etiam
767 2519 1105 2570 criminatores
1141 2521 1388 2586 Euripidis
1434 2524 1746 2576 confitentur.
1811 2514 1998 2589 Ἐμβό-

325 2602 450 2666 λιμα
483 2617 633 2656 vero,
670 2615 796 2664 quae
831 2607 1030 2660 vocant,
1080 2601 1124 2648 si
1157 2601 1255 2649 isto
1291 2618 1437 2650 sensu
1466 2604 1694 2668 accipere
1725 2605 1891 2666 voles,
1936 2621 1999 2654 ne

326 2697 356 2731 a
402 2680 665 2745 Sophoclis
715 2678 913 2743 quidem
954 2679 1135 2729 fabulis
1182 2681 1360 2730 abesse
1401 2682 1618 2743 videbis3
1676 2684 1789 2734 vide
1835 2685 1995 2751 Aatig.

327 2776 375 2812 v.
410 2761 771 2809 1115—1153.

913 3095 984 3150 A.
1067 3095 1408 3155 Ixion.

462 3235 676 3286 Ixionem
710 3237 927 3286 fabulam
952 3238 1227 3302 Aeschylus
1262 3243 1543 3306 scripserat,
1578 3243 1718 3292 cuius
1737 3258 1996 3306 argumen-

330 3322 437 3365 tum
472 3315 761 3364 Welckerus
793 3335 843 3382 p.
878 3321 954 3368 53.
992 3335 1052 3367 ex
1084 3318 1261 3382 fragm.
1298 3323 1391 3374 inc.
1427 3326 1538 3372 329.
1573 3322 1716 3371 Dind.
1751 3330 1888 3370 recte
1921 3325 1996 3371 in·-

334 3395 519 3444 tellexit
551 3395 647 3445 hoc
682 3394 862 3446 fuisse:
907 3397 1096 3459 „l-xion,
1134 3399 1359 3464 Antionis
1392 3402 1551 3462 filius,
1584 3417 1672 3451 rex
1705 3407 1808 3450 erat
1843 3401 1994 3466 Lapi-
