2124 3860
939 246 1061 304 373

142 408 326 460 poenas
360 392 561 442 nefariis
595 391 874 441 hominibus
909 393 1047 442 vario
1081 393 1230 442 modo
1265 409 1292 440 a
1327 392 1424 442 diis
1450 394 1654 460 irrogari
1687 395 1837 446 doce-

141 479 307 524 retur:
357 457 508 538 saepe
541 472 692 537 igitur
727 489 904 535 naves,
954 474 1132 537 quibus
1168 473 1368 522 scelesti
1402 474 1735 536 veherentur,
1784 476 1838 527 in

142 554 377 618 scopulos
421 554 690 602 incurrisse
741 553 819 602 rel
862 553 1009 602 undis
1060 570 1174 604 esse
1214 553 1432 603 obrutas,
1502 554 1552 602 Id
1592 556 1724 604 enim
1759 556 1835 606 fa-

140 641 274 683 ctum
310 651 425 683 esse
462 650 522 683 ex
569 634 657 694 iis,
707 650 830 699 quae
865 633 1196 683 Philochorus
1232 634 1365 699 apud
1415 633 1624 700 Diogen.
1662 628 1830 689 Laert.>

140 713 227 771 lx,
265 716 344 766 55.
382 714 558 775 refert,
592 714 908 779 intelligitur:
945 711 1079 780 φησὶ
1114 712 1171 764 δὲ
1211 713 1535 779 Φιλόχορος,
1562 714 1835 777 ’πλέοντος

139 792 310 843 αὐτοῦ
346 793 767 860 (Πρωταγόρου)
813 790 866 854 ἐς
911 794 1186 855 Σικελίαν,
1237 792 1335 862 τὴν
1378 798 1522 847 ναῦν
1565 812 1833 848 καταπον-

140 876 418 942 τισθῆναι,
453 872 569 927 καὶ
602 878 811 926 τοῦτο
861 874 1297 928 αἰνίττεσθαι
1331 875 1730 944 Εὐριπίδην
1765 876 1833 930 ἐν

43 972 62 990 ’
131 950 384 1018 Ἰξίονι.

269 1036 534 1102 imaginem
587 1037 784 1088 Iunonis
835 1038 1014 1087 deinde
1049 1040 1279 1104 prodisse
1316 1043 1698 1089 consentaneum
1734 1042 1828 1089 est.

137 1116 443 1165 Ludificatus
492 1124 571 1167 est
616 1119 767 1183 igitur
812 1119 947 1168 Ixion
1000 1137 1029 1168 a
1063 1119 1247 1169 Iunone
1283 1120 1433 1169 simili
1467 1121 1686 1180 ratione,
1735 1135 1832 1184 qua

138 1197 267 1262 apud
304 1197 603 1262 Sophoclem
641 1200 765 1248 Aiax
802 1215 830 1246 a
864 1199 1120 1248 Minerva:
1170 1216 1314 1261 quam
1352 1200 1415 1246 ob
1451 1215 1680 1248 caussam
1714 1198 1830 1248 Ari-

134 1277 339 1325 stoteles
375 1277 512 1327 Poet.
552 1295 594 1327 c.
634 1281 709 1326 18.
746 1277 969 1325 eiusdem
1019 1294 1133 1326 esse
1180 1278 1378 1341 generis
1410 1279 1647 1327 iudicavit
1677 1279 1830 1328 Aian-

133 1358 198 1406 tis
233 1360 383 1419 atque
418 1355 596 1405 Ixionis
618 1357 912 1420 tragoedias,
948 1374 1099 1421 quum
1130 1362 1388 1421 utramque
1424 1358 1828 1422 patheticam

133 1452 246 1485 csse
280 1435 551 1501 diceret*).
621 1435 881 1485 Ridiculae
917 1442 1034 1485 suut
1059 1437 1304 1486 eiusmodi
1330 1438 1708 1500 ludificationes,
1743 1439 1829 1489 ubi

131 1517 181 1565 iu
217 1516 407 1564 levibus
441 1518 593 1565 rebus
630 1523 919 1576 versantur3
957 1518 1179 1578 eaedem,
1215 1524 1398 1581 quanto
1428 1534 1509 1566 res
1536 1520 1827 1581 atrociores,

130 1602 265 1645 tanto
299 1596 456 1659 magis
491 1596 680 1643 animos
715 1602 853 1645 metu
891 1598 1228 1661 suspendunt,
1279 1603 1416 1646 tauto
1451 1599 1613 1647 acrius
1648 1601 1824 1649 verbo-

130 1694 238 1726 rum
274 1676 590 1740 ambiguitate
623 1677 991 1739 perstringunt,
1030 1685 1079 1726 et
1113 1678 1342 1727 videntur
1376 1678 1427 1739 ii,
1464 1679 1544 1741 qui
1580 1679 1652 1726 sic
1688 1679 1821 1727 deci-

129 1759 351 1823 piuntur,
387 1757 675 1817 saltantibus
711 1757 915 1817 similes,
953 1757 1035 1821 qui
1061 1758 1110 1804 in
1142 1760 1320 1807 scrobe
1346 1759 1607 1806 sarmentis
1634 1759 1821 1808 intecta

129 1838 331 1901 ignique
378 1836 573 1899 repleta
618 1835 771 1899 ignari
818 1836 1107 1900 tripudient.
1189 1838 1347 1886 Simili
1389 1840 1537 1886 modo
1566 1838 1819 1888 Pentheus

130 1934 159 1966 a
206 1916 403 1965 Baccho
450 1917 496 1964 in
544 1916 800 1981 Euripidis
853 1914 1017 1965 fabula
1065 1917 1326 1983 decipitur.
1398 1918 1508 1966 Hac
1553 1919 1705 1984 igitur
1738 1936 1818 1967 ra-

129 1999 267 2047 tione
317 1996 466 2044 etiam
514 1994 677 2056 Ixion,
731 1997 847 2045 dum
902 1998 1127 2063 cupidius
1173 1998 1340 2047 fallaci
1388 1998 1588 2047 Iunonis
1637 1999 1818 2047 invita-

130 2077 249 2127 tioni
300 2077 617 2140 obsequitur,
669 2077 716 2124 in
763 2093 1004 2143 praeceps
1057 2078 1299 2127 adductus
1343 2079 1534 2126 obviam
1571 2079 1818 2141 processit

128 2158 314 2208 ruinae.
386 2142 691 2204 Concubitus
725 2173 819 2220 qua
847 2159 1040 2206 ratione
1063 2158 1227 2207 factus
1255 2158 1336 2216 sit,
1372 2158 1618 2206 Luciauus'
1646 2164 1815 2207 osten-

128 2239 228 2288 dit:
276 2234 502 2286 εἴδωλον
535 2230 591 2285 ἐκ
624 2234 845 2300 νεφέλης
881 2236 1209 2303 πλασάμενοι
1244 2237 1380 2302 αὐτῇ
1415 2235 1630 2301 ὅμοιον,
1682 2233 1814 2287 ἐπει-

126 2316 229 2370 δὰν
261 2319 408 2383 λυθῇ
442 2316 502 2367 τὸ
539 2316 839 2382 συμπόσιον
863 2316 1109 2378 κάκεῖνος
1144 2316 1391 2385 ἀγρυπνῇ
1427 2317 1523 2380 (ὡς
1556 2319 1616 2369 τὸ
1652 2317 1813 2384 εἰκὸς)

125 2398 231 2452 ὑπὸ
296 2402 395 2450 τοῦ
457 2394 680 2461 ἔρωτος,
735 2399 1281 2464 παρακατακλίνωμεν
1332 2399 1474 2464 αὐτῷ
1526 2398 1808 2465 φέροντες·

127 2479 267 2532 οὕτω
313 2477 415 2544 γὰρ
451 2476 519 2528 ἂν
566 2478 828 2532 παύσαιτο
863 2480 1186 2545 ἀνιώμενος,
1239 2478 1439 2540 οἰηθεὶς
1473 2476 1813 2545 τετυχηκέναι

125 2564 220 2629 τῆς
266 2557 565 2624 ἐπιθυμίας.
638 2561 776 2611 Haec
822 2566 882 2612 ab
932 2563 1100 2612 Ixione
1143 2565 1252 2627 ipso
1299 2579 1462 2610 coram
1507 2560 1724 2608 satellite
1758 2565 1812 2609 et

126 2644 280 2693 choro
331 2642 640 2707 popularium
693 2644 914 2708 exposita
976 2660 1088 2692 esse
1153 2643 1464 2706 cogitandum
1532 2646 1636 2700 est,
1699 2640 1808 2705 glo-

123 2724 282 2774 riante
316 2722 513 2769 homine
546 2729 725 2772 vesano
772 2724 1016 2789 simulque
1065 2725 1304 2783 laetante,
1355 2721 1486 2785 quod
1523 2721 1747 2768 iniuriam
1780 2735 1808 2768 a

125 2805 240 2854 Iove
276 2803 368 2851 sibi
402 2801 587 2850 illatam
626 2798 794 2866 (quum
831 2804 913 2852 ille
950 2804 1106 2862 Diam,
1144 2820 1282 2851 suam
1319 2818 1540 2863 uxorem,
1577 2807 1806 2864 stuprans

124 2884 398 2934 Pirithoum
444 2879 750 2947 procrearet)
797 2891 1059 2948 aequasset
1104 2888 1250 2947 atque
1285 2882 1574 2929 adulterium
1612 2881 1805 2929 adulte-

125 2966 202 3014 rio
249 2970 647 3027 compensasset3
696 2962 761 3009 cf.
798 2962 998 3012 Luciani
1045 2965 1224 3012 verba:
1271 2960 1484 3027 αὐχήσει
1531 2958 1805 3011 κατελθὼν

125 3043 253 3104 ἴσως
285 3040 375 3095 καὶ
411 3041 711 3108 διηγήσεται
732 3039 909 3106 ἅπασι,
943 3042 1113 3109 λέγων
1136 3043 1557 3108 συγγεγενῆσθαι
1581 3035 1804 3108 τῇἽΙρᾳ

180 3239 229 3291 *)
259 3237 358 3278 Hoc
399 3235 646 3277 Aristotelia
686 3234 896 3276 iudicium
938 3249 1293 3277 commemorans
1336 3237 1599 3277 Wclckerus
1643 3233 1802 3275 eodem

264 3311 465 3360 tempore
511 3304 705 3360 satyrico
757 3305 902 3347 simile
948 3306 1106 3348 drama
1153 3305 1318 3347 Ixionis
1359 3305 1498 3348 fuisse
1536 3305 1799 3360 suspicatur.

264 3376 525 3431 Unquamne
562 3389 670 3431 crgo
712 3375 768 3416 ab
810 3390 863 3417 co
907 3377 1088 3433 satyrici
1127 3376 1342 3419 dramatis
1385 3380 1588 3420 naturam
1617 3386 1799 3429 perspe-

263 3450 382 3489 ctam
411 3460 507 3489 csse
537 3445 751 3488 credibile
791 3444 891 3489 est?
