2170 3866
942 281 1068 341 519

159 429 288 483 cerit
331 430 383 480 in
432 435 619 481 terram
652 429 884 481 lacrimas
917 429 1135 480 fundens
1169 428 1513 493 abiectamque
1545 424 1861 487 resumserit‚

158 517 216 562 ut
259 527 421 577 paene
462 511 634 562 furere
674 516 827 575 atque
872 511 1089 560 insanire
1129 508 1405 560 videretur.
1486 507 1667 573 Aperit
1705 506 1861 572 igitur

157 593 495 656 Agamemnon
551 593 602 641 id
655 591 764 655 agi,
828 599 885 640 ut
930 591 1034 639 filia
1076 606 1166 639 sua
1213 588 1469 654 Iphigenia
1516 603 1580 636 ex
1626 586 1861 636 vaticinio

157 672 373 722 Calchae
409 672 593 722 Dianae
626 671 939 720 immoletur:
975 671 1114 719 cuius
1149 670 1387 735 perniciei
1420 668 1649 718 vitandae
1683 683 1862 716 caussa

155 754 420 817 epistolam
447 770 476 802 a
500 769 556 802 se
589 753 828 816 scriptam
854 767 986 812 esse,
1022 768 1170 815 quam
1201 750 1264 798 ad
1303 765 1513 798 uxorem
1541 748 1712 797 statim
1738 763 1858 812 per-

154 833 414 883 ferendam
451 849 593 893 esse;
627 832 790 892 simul,
825 836 881 880 ut
915 831 1134 880 famulus
1168 831 1354 880 litteris
1390 845 1611 879 consona
1643 827 1858 888 nuntiet,

154 928 280 963 voce
324 913 485 962 refert
528 930 654 978 quae
696 912 980 977 perscripta
1027 917 1170 963 sunt:
1222 912 1407 974 „Mitto
1442 911 1562 973 tibi,
1609 926 1639 958 o
1686 907 1859 957 Ledae

154 993 275 1055 filia,
309 1010 462 1060 super
495 995 687 1059 priores
722 994 920 1042 litteras
955 992 1158 1054 alteras,
1193 1010 1257 1043 ne
1283 993 1435 1041 filiam
1458 998 1596 1041 tuam
1624 988 1859 1039 Aulidem

155 1074 355 1123 mittas:
409 1075 508 1123 alio
551 1075 682 1123 enim
728 1078 961 1139 tempore
1007 1075 1207 1138 nuptias
1251 1074 1385 1122 filiae
1435 1069 1858 1122 celebrabimus.''

152 1153 249 1202 His
284 1155 463 1204 auditis
498 1171 723 1203 caussam
760 1154 963 1218 quidem
997 1154 1242 1204 arcendae
1276 1154 1481 1220 virginis
1517 1152 1750 1216 cognovit
1774 1166 1857 1199 se-

153 1250 279 1295 nex,
343 1243 564 1284 ceterum
621 1236 757 1299 quod
811 1236 1040 1283 omnibus
1094 1250 1393 1298 persuasum
1448 1239 1554 1294 est,
1613 1231 1857 1296 virginem

151 1314 338 1363 Achilli
372 1315 670 1379 desponsam
706 1315 767 1362 ad
802 1316 998 1378 nuptias
1035 1315 1359 1364 celebrandas
1394 1315 1537 1363 initio
1564 1311 1857 1362 arcessitam

153 1410 298 1454 esse,
342 1394 397 1443 id
441 1395 612 1444 fictum
649 1410 765 1442 esse
799 1394 1016 1442 nondum
1052 1395 1298 1458 cognovit.
1369 1394 1542 1459 ltaque
1576 1392 1855 1442 timendum

149 1488 268 1522 esse
299 1473 440 1535 dicit,
474 1491 540 1523 ne
572 1474 795 1525 Achilles
832 1475 1022 1538 nuptiis
1058 1475 1329 1524 frustratus
1352 1474 1711 1539 Agamemnoni
1741 1487 1855 1538 gra-

148 1554 276 1604 viter
321 1555 581 1606 irascatur.
653 1554 751 1604 Ubi
799 1561 967 1604 autem
1010 1555 1094 1604 hic
1129 1561 1307 1620 aperte
1354 1556 1482 1607 dixit
1527 1555 1727 1620 nuptias
1763 1553 1854 1601 ob-

149 1636 309 1684 tentui
355 1641 547 1684 sumtas
594 1641 747 1699 atque
779 1635 932 1683 inscio
981 1635 1181 1685 Achille
1216 1636 1471 1685 simulatas
1508 1652 1648 1694 esse,
1693 1633 1854 1682 vehe-

150 1722 346 1765 menter
377 1716 587 1764 miratur
631 1730 786 1764 senex
831 1731 924 1779 per
956 1716 1190 1766 fraudem
1225 1718 1583 1766 atrocissimam
1619 1715 1680 1763 ad
1715 1729 1852 1762 aram

150 1795 276 1844 deae
306 1796 547 1859 virginem
580 1811 673 1861 pro
707 1796 908 1845 victima
941 1797 1150 1859 adduci,
1186 1802 1237 1846 et
1268 1798 1481 1847 miratur
1514 1798 1852 1862 Agamemnon

148 1876 262 1940 ipse
305 1877 433 1926 adeo
476 1892 534 1926 se
581 1882 752 1926 mente
795 1882 996 1943 captum
1040 1878 1233 1940 fuisse,
1292 1884 1349 1927 ut
1394 1879 1733 1927 committeret
1773 1892 1851 1935 ea,

149 1957 330 2020 quibus
373 1959 485 2023 ipse
530 1959 955 2021 pessumdaretur.
1035 1958 1139 2007 Iam
1187 1975 1460 2024 properare
1503 1959 1645 2007 iubet
1677 1972 1849 2005 senem

147 2053 312 2101 neque
345 2038 634 2101 quiescere,
666 2038 828 2087 donec
863 2039 926 2087 ad
961 2054 1080 2102 eoS,
1118 2041 1200 2104 qui
1234 2040 1541 2104 Iphigeniam
1583 2037 1849 2095 deducant,

148 2119 463 2181 pervenerit,
517 2127 569 2168 et
617 2119 892 2184 speculari,
942 2135 1006 2168 ne
1039 2135 1138 2183 quo
1174 2121 1373 2169 tramite
1405 2118 1849 2184 praetervehentes

84 2243 103 2262 ,
146 2198 311 2262 ipsum
346 2198 536 2247 fallant.
606 2201 742 2258 Fac,
789 2200 980 2263 inquit,
1029 2207 1203 2264 portas
1237 2206 1516 2253 castrorum
1549 2199 1849 2247 festinanter

145 2278 378 2338 traiicias,
413 2285 488 2341 ut,
525 2280 806 2344 ubicunque
842 2281 1035 2328 obviam
1068 2281 1305 2330 habueris
1339 2280 1568 2341 rhedam,
1609 2296 1708 2343 qua
1742 2278 1849 2326 filia

144 2374 256 2408 mea
306 2359 536 2419 vehitur,
594 2375 750 2423 equos
811 2361 1024 2425 arreptis
1072 2360 1233 2410 frenis
1278 2365 1559 2411 retrorsum
1604 2359 1846 2424 Mycenas

147 2453 281 2502 agas.
350 2439 621 2500 Quaerenti
656 2441 836 2490 deinde
872 2442 1008 2501 seni,
1045 2442 1294 2506 quomodo
1327 2441 1480 2509 fidem
1517 2441 1742 2490 facturus
1779 2439 1846 2487 sit

144 2518 320 2582 virgini
354 2525 440 2567 aut
473 2520 624 2567 etiam
657 2522 803 2569 matri
838 2524 976 2584 eius,
1026 2538 1234 2585 quarum
1281 2521 1565 2586 nuptiarum
1617 2536 1708 2584 spe
1740 2519 1844 2568 lae-

144 2602 228 2647 tae
261 2598 484 2660 fuerint‚
519 2615 604 2648 eas
639 2601 798 2650 nullas
825 2618 937 2650 esse
957 2603 1246 2664 nuntiando,
1270 2603 1612 2666 Agamemnon
1640 2601 1839 2664 signum

144 2679 391 2745 epistolae
425 2680 728 2730 documento
762 2683 874 2731 fore
910 2683 1200 2748 respondet.

276 2759 418 2808 Haec
465 2760 509 2808 si
556 2762 666 2823 quis
713 2778 808 2811 non
855 2765 1041 2826 optime
1087 2763 1389 2823 cohaerere,
1437 2762 1480 2810 si
1514 2777 1613 2811 non
1648 2759 1844 2826 singula

142 2839 446 2904 interrogata
479 2855 819 2905 responsaque
853 2850 968 2907 apta
1003 2860 1149 2903 esse,
1198 2844 1442 2907 quadrare
1476 2848 1529 2891 et
1562 2857 1843 2908 congruere

142 2920 393 2984 intelligit,
436 2935 551 2968 eum
584 2925 704 2984 puto
740 2923 904 2985 ipsum
940 2928 1109 2974 mente
1142 2923 1390 2973 labefacta
1425 2923 1655 2972 delirare.
1721 2922 1841 2971 Tri-

141 3006 332 3049 metros
367 3006 532 3047 autem
567 3002 616 3048 in
650 3001 817 3051 fronte
850 3005 1044 3068 prologi
1077 3020 1267 3069 ponens
1301 3021 1418 3054 num
1445 3003 1678 3052 audacius
1701 3003 1842 3052 fece-

140 3082 211 3132 ris
257 3096 402 3145 quam
438 3080 744 3144 reliquorum
779 3085 1214 3145 grammaticorum
1248 3084 1504 3149 plerique,
1550 3084 1631 3148 qui
1667 3083 1839 3132 turba—

141 3167 248 3211 tum
295 3176 528 3209 versuum
566 3162 792 3210 ordinem
825 3163 1054 3212 videntes
1089 3165 1318 3214 codicum
1355 3164 1510 3213 fidem
1543 3171 1596 3213 et
1628 3165 1726 3229 ipsi
1761 3180 1839 3212 re-

139 3241 449 3307 pudiarunt?
510 3240 655 3302 Quod
702 3247 867 3291 autem
913 3244 1130 3307 quinque
1179 3247 1431 3294 trimetros
1477 3245 1679 3310 spurios
1723 3259 1839 3293 esse

138 3320 352 3370 iudicavi
387 3326 438 3368 et
473 3322 522 3368 iu
558 3328 934 3386 anapaestorum
973 3326 1137 3373 locum
1172 3325 1497 3384 substitutos,
1543 3326 1707 3373 minus
1742 3325 1835 3372 mi-

139 3400 348 3463 raberis,
384 3401 426 3447 si
461 3417 556 3464 qua
591 3402 781 3450 ratione
815 3402 878 3462 is,
913 3405 999 3467 qui
1029 3405 1284 3453 Christum
1318 3406 1595 3454 Patientem
1631 3419 1836 3469 compo-

143 3479 273 3538 suit,
321 3481 577 3545 Euripidis
623 3481 896 3532 versiculos
947 3485 1281 3535 immutaverit
1315 3485 1591 3551 reputabis.
1624 3532 1627 3535 .
1660 3483 1836 3548 Neque
