2124 3860
1126 254 1246 310 29⁰

357 403 573 455 ridiculis
607 413 808 455 severa,
843 396 971 446 sicut
1003 397 1221 447 omnium
1256 399 1604 450 contrariorum
1640 403 1903 462 contraria,
1938 403 2012 452 in·

354 481 510 547 telligi
544 481 811 542 nequeunt3
855 476 1019 526 facere
1054 483 1217 527 autem
1252 476 1383 526 idem
1417 494 1559 529 nemo
1591 487 1782 547 potest,
1819 483 1901 548 qui
1935 483 2013 531 vel

354 560 622 626 paullulum
669 557 735 605 sit
780 557 1053 605 honestatis
1099 557 1377 622 particeps,
1438 559 1527 607 sed
1572 558 1789 625 ipsorum
1841 577 2014 611 caussa

353 638 691 705 cognoscenda
739 642 876 695 sunt,
929 651 991 685 ne
1037 636 1143 700 quis
1196 653 1287 700 per
1331 638 1650 700 ignorantiam
1696 641 1826 691 ultro
1865 642 2016 690 faciat

353 720 581 782 dicatque
615 732 739 780 quae
773 715 872 764 sint
903 715 1120 765 ridenda.
1189 716 1519 777 Quamobrem
1566 719 1718 767 servis
1751 726 1837 769 aut
1869 736 2013 784 pere-

351 799 505 865 grinis
541 795 870 857 mercenariis,
906 801 957 844 ut
992 795 1105 844 talia
1138 795 1404 858 imitentur,
1439 796 1777 860 imperandum
1811 803 1903 858 est,
1939 798 2013 846 in-

349 891 615 944 genuorum
652 882 813 923 autem
849 875 1098 924 hominum
1135 890 1277 922 nemo
1312 891 1540 940 unquam,
1575 892 1734 939 neque
1761 875 1834 924 vir
1855 891 2016 939 neque

351 956 549 1015 femina,
587 970 785 1018 operam
821 954 878 1001 iis
914 955 1030 1002 dare
1067 970 1226 1018 neque
1251 954 1505 1004 addiscere
1525 951 1735 1015 debet;'’
1769 954 1835 1003 cf.
1864 954 2015 1019 Legg.

349 1034 452 1084 Vll.
474 1051 521 1098 p.
547 1036 659 1080 816.
684 1033 741 1081 Ε.
794 1033 929 1081 Idem
965 1034 1011 1081 in
1035 1031 1160 1096 Rep.
1187 1033 1267 1080 111.
1295 1050 1340 1096 p.
1365 1037 1474 1083 395.
1501 1037 1579 1094 A.,
1616 1050 1726 1083 cum
1750 1033 2017 1081 Aristotele

350 1113 678 1169 consentiens,
713 1127 837 1175 quae
872 1114 1109 1174 cuiusque
1144 1121 1345 1160 naturae
1379 1129 1591 1176 congrua
1627 1117 1810 1171 essent,
1842 1112 2015 1160 eadem

349 1207 743 1256 unumquemque
777 1192 896 1240 dicit
930 1192 1132 1250 imitari,
1182 1207 1354 1255 graves
1391 1192 1587 1255 quidem
1620 1191 1811 1256 gravia,
1846 1195 2016 1255 turpes

350 1276 514 1320 autem
550 1271 736 1335 turpia:
776 1272 1091 1332 quamobrem
1129 1270 1237 1318 fleri
1269 1269 1403 1318 nullo
1427 1272 1574 1319 modo
1602 1286 1765 1335 posse,
1801 1275 1856 1319 nt
1886 1270 2014 1318 idem

348 1356 495 1414 poeta
541 1349 815 1411 tragoedias
860 1354 913 1397 et·
958 1349 1237 1396 comoedias
1285 1355 1562 1413 componat.
1632 1350 1833 1398 Planum
1870 1349 2017 1412 igitur

349 1434 427 1477 est
461 1427 739 1486 Socratem,
790 1429 872 1493 qui
907 1433 984 1476 est
1015 1428 1063 1477 in
1098 1429 1348 1492 symposio
1385 1428 1629 1489 Platonis,
1666 1445 1776 1477 cum
1813 1433 2015 1492 cogeret

349 1507 724 1572 Aristophanem
759 1509 821 1556 ad
857 1508 1248 1568 concedendum,
1297 1507 1478 1555 debere
1527 1525 1677 1557 unum
1722 1511 1918 1571 poetam
1963 1510 2016 1554 et

348 1587 614 1650 tragoediis
669 1590 719 1635 et
773 1587 1042 1634 comoediis
1093 1586 1367 1635 scribendis
1418 1588 1649 1636 idoneum
1711 1602 1852 1646 esse,
1919 1585 2016 1634 hoc

349 1666 540 1728 egisse,
575 1670 659 1724 ut,
700 1665 924 1714 damnata
961 1665 1121 1729 prisca
1157 1665 1427 1722 comoedia,
1462 1666 1672 1715 formam
1707 1682 1831 1728 eam,
1868 1680 2013 1728 quam

347 1744 610 1808 postmodo
647 1743 916 1792 Menander
961 1744 1201 1802 excoluit,
1250 1743 1404 1792 solam
1454 1745 1749 1808 probandam
1796 1759 1908 1794 esse
1942 1742 2014 1791 illi

348 1822 684 1887 persuaderet.
754 1823 838 1872 Sic
883 1838 976 1872 non
1015 1823 1050 1871 ii
1085 1823 1206 1882 soli,
1243 1824 1325 1887 qui
1362 1823 1422 1870 ab
1455 1824 1648 1886 ingenio
1683 1824 1882 1883 saeculi,
1917 1836 2015 1885 quo

348 1902 514 1950 floruit
547 1903 742 1964 antiqua
779 1902 1056 1961 comoedia,
1091 1903 1234 1950 alieni
1271 1907 1440 1961 erant,
1475 1903 1562 1951 sed
1598 1904 1691 1967 ipsi
1728 1900 2014 1966 Aristopha-

348 1982 424 2029 nis
457 1980 687 2043 aequales
734 1987 784 2030 et
819 1981 1102 2044 aequissimi
1149 1982 1331 2045 quique
1376 1982 1566 2031 iudices
1610 1989 1758 2046 atque
1792 1982 2015 2045 pruden-

349 2059 527 2108 tissimi
563 2061 850 2108 sententiam
886 2061 1176 2108 confirmant
1204 2062 1451 2110 Plutarchi
1486 2063 1723 2111 breviario
1758 2076 2013 2126 compara-

348 2138 494 2187 tionis
531 2138 875 2201 Aristophanis
909 2156 1019 2188 cum
1057 2139 1331 2189 Menandro
1366 2141 1566 2205 copiose
1600 2141 1905 2206 expositam3
1948 2138 2014 2188 ef.

348 2215 599 2267 Plutarch.
637 2232 750 2281 opp.
787 2217 848 2264 T.
882 2218 938 2265 ll.
979 2235 1027 2282 p.
1059 2221 1172 2269 853.
1212 2219 1385 2285 (446.).
1464 2220 1508 2267 ls
1556 2223 1720 2267 autem
1767 2235 1877 2267 cum
1920 2217 2015 2265 alia

348 2301 451 2344 tum
487 2295 607 2343 illud
641 2300 776 2344 recte
811 2295 990 2344 effatus
1026 2303 1130 2356 est,
1175 2296 1416 2344 vafritiam
1452 2298 1582 2346 illius
1616 2313 1712 2346 non
1747 2314 1859 2346 esse
1893 2295 2014 2345 civi-

348 2374 462 2434 lem,
497 2375 584 2422 sed
620 2375 896 2439 malignam,
932 2377 1254 2424 rusticitatem
1290 2391 1385 2424 non
1424 2376 1839 2441 simplicem,÷²sed
1877 2375 2012 2424 stoli·

350 2452 479 2513 dam,
517 2453 668 2501 risum
696 2470 793 2502 non
815 2453 1063 2516 festivum,
1096 2456 1184 2504 sed
1209 2471 1486 2520 procacem,
1521 2471 1713 2504 amores
1732 2472 1826 2505 non
1848 2469 2012 2503 amoe-

349 2547 456 2591 nos,
491 2532 581 2580 sed
614 2531 851 2594 lascivos,
885 2549 1044 2597 neque
1067 2536 1293 2598 cuiquam
1323 2535 1458 2583 illum
1484 2535 1708 2583 modesto
1733 2532 2012 2597 scripsisse,

349 2610 437 2659 sed
471 2610 618 2659 foeda
653 2612 846 2675 quidem
881 2618 931 2660 et
964 2614 1204 2661 obscoena
1240 2615 1512 2676 protervis,
1548 2613 1810 2677 opprobria
1845 2618 2009 2661 autem

350 2695 403 2737 et
433 2689 692 2738 maledicta
724 2691 898 2738 invidis
932 2698 1076 2754 atque
1109 2692 1344 2754 malignis.
1428 2693 1563 2742 ldem
1605 2691 1876 2750 Lucienus,
1912 2692 2010 2740 Ae-

349 2768 505 2816 lianus
549 2769 725 2833 aliique
769 2770 1073 2830 iudicarunt3
1125 2770 1188 2819 cf.
1225 2769 1286 2818 T.
1323 2771 1356 2820 l.
1391 2788 1440 2835 p.
1477 2773 1587 2821 239.
1656 2771 1891 2820 Horatius
1925 2785 2011 2819 au·

351 2851 476 2908 tem,
511 2848 731 2910 quamvis
765 2850 1138 2913 Aristophanem
1187 2850 1237 2897 in
1273 2851 1547 2899 scribendis
1583 2851 1761 2914 satyris
1795 2850 2010 2898 imitare-

350 2927 456 2985 tur,
504 2930 668 2975 tamen
701 2928 994 2992 improbavit
1025 2929 1276 2977 hominum
1312 2931 1451 2994 quasi
1487 2930 1629 2979 trivio
1664 2934 2007 2993 conceptorum

350 3006 401 3050 et
433 3004 750 3055 educaturum
785 3015 1003 3056 stercore
1034 3023 1198 3056 mores
1244 3023 1355 3056 cum
1390 3009 1536 3058 dictis
1570 3008 1830 3057 immundis
1864 3012 2009 3069 atque

350 3080 686 3144 ignominiosis
699 3102 713 3132 ε

476 3162 860 3230 „offendantur
895 3167 1045 3226 enim,
1079 3167 1258 3232 quibus
1294 3175 1370 3218 est
1402 3184 1558 3235 equus
1584 3173 1634 3216 et
1654 3167 1809 3232 pater
1836 3170 1886 3212 et
1909 3180 2008 3225 rea,

483 3240 614 3302 Nec,
648 3244 695 3290 si
726 3244 849 3309 quid
868 3247 1026 3309 fricti
1058 3247 1240 3294 ciceris
1267 3248 1451 3313 probat
1488 3254 1539 3296 et
1573 3246 1717 3295 nucis
1752 3249 1964 3308 emptor,

478 3321 673 3387 Aequis
707 3325 970 3389 accipiunt
1006 3325 1189 3373 animis
1224 3324 1481 3376 donantve
1516 3324 1753 3375 corona.”

351 3397 530 3448 Nostra
578 3400 775 3449 demum
819 3407 1010 3463 aetate,
1058 3403 1380 3466 plurimorum
1425 3410 1749 3455 monstrorum
1783 3404 2005 3465 parente,
