2124 3860
909 259 1031 316 309

134 406 458 474 plurimarum
494 405 777 472 opinionum
811 408 1108 471 pravitatem
1143 404 1343 455 sustulit
1378 412 1447 469 et,
1483 422 1592 456 cum
1623 407 1817 473 profer-

133 494 213 538 ret
254 488 409 549 fines,
474 488 650 550 quibus
709 487 984 552 priscorum
1034 486 1285 535 hominum
1336 488 1551 552 cognitio
1597 489 1817 540 circum-

134 569 475 625 scribebatur‚
523 567 584 614 ad
629 568 874 616 veriorem
920 567 1185 615 doctrinam
1234 567 1575 631 accipiendam
1626 570 1816 619 animos

130 650 458 715 praeparavit.
530 647 766 712 Receptis
800 653 960 694 autem
996 645 1279 710 hospitibus
1316 647 1542 707 Electra,
1588 650 1817 712 quoniam

132 731 294 791 deest,
331 729 463 776 unde
498 728 674 793 epulae
709 732 961 792 parentur,
998 727 1059 775 ad
1095 727 1344 776 alumnum
1380 728 1555 791 patris,
1592 729 1676 791 qui
1713 729 1816 778 eie-

133 819 243 859 ctus
278 810 403 858 urbe
452 822 629 872 greges
664 807 712 855 in
758 807 982 855 confiniis
1033 808 1219 872 pascit,
1270 808 1533 870 maritum,
1581 816 1636 856 ut
1671 808 1817 857 simul

133 891 266 939 laeto
316 889 484 937 nuntio
533 903 701 935 senem
751 886 990 935 laetificet
1038 887 1186 936 simul
1234 896 1456 951 moneat,
1504 896 1558 938 ut
1592 889 1690 937 huc
1724 889 1816 936 ali-

133 971 248 1034 quid
284 970 333 1017 in
370 984 570 1017 coenam
607 966 811 1026 afferat,
864 969 1111 1031 proficisci
1146 969 1300 1019 iubet.
1372 969 1483 1017 Hoc
1518 970 1816 1032 colloquium

133 1050 386 1115 aptissima
420 1048 590 1096 finitur
614 1048 878 1111 sententia,
914 1049 1194 1098 divitiarum
1221 1049 1464 1113 quodnam
1492 1050 1557 1098 sit
1579 1050 1812 1115 pretium,

132 1129 429 1178 declarante.

269 1209 524 1269 Carmine,
569 1209 700 1272 quod
737 1211 982 1274 sequitur,
1031 1211 1320 1260 circuitione
1353 1211 1562 1275 quadam
1600 1212 1813 1274 Agame-

131 1290 323 1339 mnonis
358 1289 515 1354 gloria
550 1289 807 1338 extollitur
839 1290 936 1338 hoc
972 1292 1204 1350 consilio,
1246 1297 1298 1339 ut
1333 1292 1534 1340 caedem
1570 1308 1662 1357 per
1694 1305 1813 1338 uxo-

129 1386 236 1420 rem
271 1368 454 1417 factam
488 1368 645 1430 magis
678 1368 1004 1433 indignemur.
1074 1370 1367 1420 ostenditur
1401 1373 1558 1430 enim,
1595 1370 1814 1436 qualium

128 1449 215 1498 ille
260 1450 478 1498 virorum
524 1449 624 1497 dux
681 1448 862 1513 fuerit,
913 1457 966 1500 et
1013 1452 1122 1500 loco
1170 1453 1385 1501 omnium
1432 1452 1653 1501 Achilles
1700 1456 1814 1499 ante

127 1530 297 1580 oculos
346 1529 560 1595 ponitur.
641 1528 803 1579 Huius
865 1538 1029 1580 autem
1085 1533 1241 1580 virtus
1293 1537 1346 1579 et
1392 1533 1678 1598 magnitudo
1718 1531 1814 1579 hac

127 1610 341 1660 maxime
376 1626 431 1658 re
467 1609 850 1670 demonstratur,
891 1612 1022 1676 quod
1056 1628 1191 1659 arma
1225 1628 1252 1659 a
1287 1612 1512 1662 Vulcano
1547 1613 1673 1661 mira
1706 1614 1814 1658 arte

129 1690 262 1739 facta
296 1707 323 1738 a
351 1690 650 1738 Nereidibus
686 1692 730 1737 ei
753 1689 957 1738 Troiam
982 1692 1318 1755 proficiscenti
1342 1692 1501 1740 oblata
1537 1693 1650 1750 sint,
1686 1706 1814 1753 quae

127 1787 262 1819 arma
309 1786 404 1817 non
449 1770 638 1829 minus,
683 1785 830 1831 quam
865 1770 1046 1828 altera,
1092 1787 1216 1834 qnae
1263 1770 1494 1819 Patroclo
1542 1771 1813 1821 interfecto

130 1851 443 1915 spoliatoque
491 1849 624 1896 idem
675 1848 925 1898 Vulcanus
961 1849 1164 1899 Thetidi
1199 1850 1425 1914 donavit,
1472 1853 1621 1901 variis
1657 1851 1811 1916 aptis-

128 1946 227 1995 que
261 1929 416 1990 signis
450 1928 679 1977 distincta
713 1928 931 1978 suerunt.

261 2007 413 2058 Venit
456 2024 638 2069 senex,
690 2025 916 2073 magnum
974 2027 1140 2060 rerum
1199 2011 1423 2062 facturus
1484 2015 1809 2061 momentum.

129 2088 255 2139 Nam
301 2089 383 2152 qui
417 2095 470 2138 et
505 2090 919 2153 Agamemnonem
967 2098 1017 2140 et
1064 2092 1246 2140 liberos
1292 2094 1395 2141 eius
1443 2093 1679 2151 nutrivit,
1725 2090 1810 2154 qui

128 2170 360 2218 Orestem
410 2169 650 2228 servavit,
702 2171 831 2218 idem
883 2171 982 2220 dux
1032 2172 1230 2221 futurus
1279 2179 1355 2221 est
1400 2174 1461 2221 ad
1510 2173 1810 2220 interficien-

125 2250 218 2300 dos
253 2264 357 2304 eos,
393 2266 421 2297 a
455 2250 631 2313 quibus
667 2249 752 2297 ille
787 2251 1078 2300 interfectus
1115 2257 1208 2300 est.
1276 2253 1342 2300 Et
1377 2253 1543 2301 statim
1589 2252 1809 2315 quidem,

125 2337 383 2396 postquam
415 2328 642 2378 Orestem
679 2332 956 2395 conspexit,
993 2347 1052 2380 ex
1083 2333 1314 2380 cicatrice
1342 2334 1550 2398 quadam
1578 2331 1811 2396 agnoscit.

127 2410 270 2472 Quod
316 2410 603 2473 priusquam
640 2411 756 2466 fiat,
795 2411 1023 2460 acerbius
1059 2413 1296 2476 Aeschyli
1332 2421 1504 2476 stupor
1539 2413 1810 2475 reprehen-

126 2491 289 2552 ditur,
335 2491 399 2538 de
435 2507 529 2553 qua
563 2490 928 2555 vituperatione
963 2508 1111 2556 supra
1149 2493 1487 2542 disseruimus.
1556 2491 1813 2539 Refutavit

128 2570 327 2618 easdem
376 2570 687 2619 coniecturas
736 2570 1040 2634 Sophocles,
1090 2572 1179 2621 sed
1229 2574 1334 2621 sirie
1380 2572 1705 2632 contumelia,
1757 2574 1812 2619 ut

129 2650 211 2712 qui
247 2650 448 2707 iisdem,
485 2651 660 2712 quibus
696 2651 1003 2716 AescliyluS,
1039 2653 1088 2700 in
1125 2653 1380 2716 republica
1414 2653 1637 2715 partibus
1671 2651 1812 2698 save-

125 2735 232 2787 ret,
280 2746 440 2794 neque
486 2746 682 2792 eorum,
731 2732 816 2795 qui
851 2732 1022 2780 insano
1058 2734 1222 2781 studio
1258 2734 1391 2781 hunc
1425 2732 1810 2793 admirabantur,
1846 2770 1857 2779 .

126 2808 296 2871 iniquo
345 2809 525 2857 iudicio
571 2818 898 2874 premeretur.
985 2813 1221 2862 Ceterum
1267 2813 1366 2861 hoc
1413 2812 1711 2876 colloquium
1760 2815 1812 2859 et

128 2888 247 2937 satis
306 2890 454 2937 rebus
502 2891 828 2953 personisque
891 2894 1120 2941 com-enit
1175 2908 1334 2956 neque
1381 2892 1634 2956 tragoedia
1681 2890 1812 2939 indi-

127 2984 274 3032 guum
311 2975 417 3026 est,
459 2970 551 3016 nisi
585 2969 719 3018 sorte
754 2971 986 3036 Aeschyli
1021 2973 1178 3037 ipsius
1215 2973 1410 3020 inventa
1444 2972 1641 3035 indigna
1678 2975 1810 3019 sunt.

128 3049 208 3098 Ad
254 3064 422 3096 senem
459 3049 590 3097 enim
638 3066 667 3098 a
699 3050 893 3112 yirgine
939 3053 1282 3101 credulitatem
1327 3051 1580 3100 transtulit
1616 3051 1813 3115 Euripi-

128 3129 252 3188 deS,
288 3124 434 3176 illum
486 3146 586 3187 ,.ex
620 3131 750 3178 vanis
785 3133 933 3180 rebus
967 3148 1105 3196 spem
1144 3129 1378 3196 captare''
1429 3134 1618 3191 minus,
1667 3147 1811 3194 quam

130 3208 285 3256 filiam
324 3209 718 3273 Agamemnonis,
755 3210 998 3261 dedecere
1022 3214 1295 3272 arbitrans3
1330 3212 1456 3260 banc
1484 3213 1670 3260 maiore
1698 3226 1811 3258 esse

129 3289 279 3337 animi
327 3291 600 3337 constantia
646 3290 825 3350 voluit,
878 3309 1022 3356 quam
1069 3298 1123 3340 ut
1167 3307 1227 3339 ex
1277 3292 1501 3341 sutilibus
1546 3291 1700 3356 signis
1733 3288 1812 3335 vel

130 3369 296 3431 potius
330 3369 476 3418 nullis
512 3369 575 3418 de
610 3386 666 3418 re
699 3371 984 3435 gravissima
1018 3373 1066 3421 ei
1100 3372 1502 3436 persuaderetur.
1573 3371 1809 3418 Ceterum

133 3462 429 3512 cognoscere
460 3450 538 3499 vel
572 3465 634 3500 ex
667 3450 764 3500 hoc
800 3452 1033 3517 exemplo>
1054 3452 1187 3514 licet,
1225 3455 1456 3516 quantum
1482 3449 1680 3501 utilitati
1710 3447 1812 3495 Eu-
