2170 3866
901 302 1024 362 571

105 460 211 505 tem
233 453 297 504 in
330 451 622 503 servitutem
656 449 875 502 vendere
905 450 1108 512 vellent,
1150 447 1286 499 forte
1319 448 1567 499 Phocensi
1597 448 1814 515 quodam

103 535 240 586 inter
293 548 499 586 coenam
545 533 744 583 illorum
789 530 1033 597 parodum
1077 545 1145 580 ex
1183 529 1440 596 Euripidis
1475 528 1682 580 Electra
1727 546 1813 580 ca-

106 620 293 672 nente,
346 613 499 664 fracti
549 619 666 663 sunt
712 627 885 661 omnes
932 609 1280 660 misericordia
1331 613 1384 658 et
1428 626 1576 659 saeva
1618 610 1681 659 iis
1713 626 1814 660 *res

109 709 226 745 esse
260 694 363 743 visa
400 699 478 742 est
512 699 611 742 tam
647 693 831 742 claram
866 692 1116 740 civitatem
1151 695 1402 739 tantorum
1446 690 1664 741 virorum
1695 707 1814 756 pro-

110 775 408 825 creatricem
445 774 632 825 delere.
700 773 834 822 Fere
867 777 1033 820 autem
1071 786 1246 819 omnes
1282 777 1333 819 et
1366 770 1503 819 docti
1539 778 1592 820 et
1626 772 1816 821 indocti

108 856 422 905 nobilissima
457 871 684 920 quaeque
720 869 783 902 ex
800 852 1051 917 Euripidis
1075 851 1374 900 carminibus
1402 852 1643 935 memoria
1676 860 1815 901 tene-

109 936 231 985 bant
272 951 332 984 ac
379 936 497 984 data
543 935 916 1000 opportunitate
965 932 1268 992 recitabant,
1316 932 1451 981 velut
1484 931 1646 993 Plato,
1701 949 1816 983 cum

106 1015 399 1081 Aristippus
435 1017 569 1080 apud
590 1012 895 1078 Dionysium,
933 1013 1134 1062 Siciliae
1170 1018 1450 1076 tyrannum,
1485 1012 1618 1062 inter
1640 1018 1816 1077 potum

107 1096 238 1146 stola
275 1102 480 1145 ornatus
518 1111 769 1160 purpurea
803 1095 1028 1154 saltaret,
1066 1093 1231 1142 iussus
1269 1092 1479 1142 eandem
1515 1099 1707 1143 vestem
1739 1093 1816 1144 in-

110 1177 287 1238 duere,
329 1176 454 1225 dixit
486 1175 570 1226 illa
606 1178 671 1225 de
704 1175 943 1224 Bacchis:

246 1255 350 1307 οὐκ
383 1253 452 1306 ἂν
487 1255 760 1321 δυναίμην
793 1256 975 1322 θῆλυν
1008 1248 1232 1304 ἐνδῦναι
1265 1249 1462 1319 στολὴν

137 1399 140 1403 ,
246 1333 426 1402 ἄῤῥην
458 1334 714 1401 πεφυκὼς
748 1334 838 1388 καὶ
871 1331 1068 1400 γένους
1101 1331 1154 1396 ἐξ
1187 1330 1442 1398 ἄρῤενοςε

112 1422 221 1466 tum
256 1418 544 1483 Aristippus
578 1418 750 1467 ridens
785 1433 915 1482 quae
947 1418 1132 1467 ibidem
1168 1418 1360 1482 scripta
1399 1418 1517 1466 sunt
1547 1413 1821 1481 paullulum

113 1496 379 1548 immutata
416 1499 710 1563 respondit:

251 1606 318 1616 -—-
384 1574 475 1628 καὶ
509 1576 615 1642 γὰρ
652 1574 711 1628 ἐν
747 1575 1111 1644 βακχεύμασιν

249 1654 282 1708 ὁ
313 1661 450 1718 νοῦς
484 1656 515 1710 ὁ
550 1658 787 1724 σώφρων
822 1656 889 1709 οὐ
924 1653 1367 1723 διαφθαρήσεται.

248 1736 444 1788 Passim
495 1740 546 1789 in
593 1740 795 1805 scriptis
847 1740 951 1788 suis
994 1738 1254 1802 Euripidis
1300 1735 1527 1786 versibus
1573 1751 1701 1787 usus
1741 1741 1824 1787 est

111 1816 259 1867 Plato
308 1824 358 1867 et
404 1836 653 1870 summum
703 1820 1003 1885 tragicorum
1051 1835 1162 1867 eum
1200 1818 1425 1866 habitum
1456 1825 1577 1866 'esse
1609 1823 1822 1868 testatus

112 1902 194 1948 est
237 1899 365 1964 Rep.
407 1899 538 1949 Vlll.
576 1918 623 1965 p.
655 1903 767 1949 568.
813 1902 873 1948 A.
954 1899 1169 1961 „Nonne
1214 1915 1326 1948 cum
1363 1899 1593 1947 universe
1626 1904 1822 1965 tragoe-

114 1978 196 2027 dia
231 1980 376 2044 plena
413 1996 526 2029 esse
562 1982 802 2045 sapientia
847 1979 1041 2028 videtur
1086 1987 1191 2028 tum
1236 1979 1506 2044 Euripides
1553 1979 1604 2028 in
1638 1996 1698 2029 ea
1733 1982 1822 2028 ex-

119 2059 309 2109 cellens
324 2060 384 2109 ‘3²’
421 2061 776 2120 Anaxarchus,
819 2076 931 2108 cum
967 2061 1253 2109 Alexander
1287 2060 1418 2108 mala
1453 2059 1503 2109 in
1538 2076 1652 2109 eum
1689 2056 1824 2109 inter

115 2155 325 2190 coenam
370 2142 661 2202 conficeret,
711 2155 920 2203 surgens
958 2141 1230 2203 dicensque
1266 2157 1469 2189 versum
1505 2141 1570 2189 de
1606 2139 1820 2190 Oreste:

253 2219 568 2287 βεβλήσεταί
601 2237 679 2279 τις
714 2221 860 2270 θεῶν
897 2219 1155 2287 βροτησίᾳ
1189 2219 1316 2285 χερί,

110 2315 322 2365 pomum
357 2302 550 2350 reiecit.
620 2302 874 2353 Plutarch.
913 2303 1086 2366 Symp.
1123 2302 1207 2362 lX,
1245 2304 1293 2359 1,
1319 2305 1365 2350 2.
1395 2318 1445 2366 p.
1474 2304 1588 2353 73⁷.
1618 2301 1826 2368 Diogen.v

115 2379 287 2432 Laert.
321 2380 404 2440 lx,
430 2384 514 2429 60.
583 2381 709 2429 Item
747 2381 907 2430 Clitus
945 2397 1005 2429 ex
1042 2382 1260 2440 triclinio
1297 2384 1357 2430 ab
1392 2382 1564 2431 amicis
1600 2390 1824 2435 remotus

117 2475 231 2508 cum
266 2461 473 2521 rediret,
511 2461 770 2524 Euripidis
807 2461 1039 2510 recitavit
1071 2462 1153 2509 illa
1190 2464 1254 2511 de
1288 2462 1670 2513 Andromacha:

254 2537 417 2604 οἴμοι,
452 2541 578 2590 καθ’
607 2533 815 2592 Ἑλλάδ’
850 2540 920 2601 ὡς
954 2541 1133 2600 κακῶς
1166 2540 1432 2607 νομίζεται
1465 2544 1572 2594 κτλ.

115 2618 231 2686 Ipse
263 2627 430 2670 autem
456 2623 738 2671 Alexander
764 2624 1009 2686 quondam
1042 2627 1202 2671 totum
1231 2624 1509 2688 episodinm
1534 2641 1595 2674 ex
1624 2625 1822 2676 Andro-

115 2701 281 2761 meda,
308 2703 530 2766 quamvis
552 2709 691 2752 esset
718 2705 903 2766 ebrius,
932 2704 1163 2752 recitavit
1190 2701 1392 2768 (Athen.
1407 2704 1513 2755 XII.
1529 2704 1746 2773 p.538.)-,
1774 2712 1828 2756 et

119 2781 379 2830 sententiis
412 2798 472 2830 ex
492 2783 670 2832 eodem
698 2790 849 2849 poeta
875 2785 1153 2849 depromtis
1178 2785 1395 2847 qualibet
1418 2787 1682 2835 occasione
1702 2802 1825 2837 usus

120 2866 230 2923 est3
267 2861 334 2911 cf.
362 2862 618 2912 Plutarch.
639 2865 724 2913 vit.
744 2865 888 2917 Alex.
911 2882 951 2913 c.
971 2867 1053 2915 53.
1113 2863 1292 2928 Neque
1317 2867 1449 2915 enim
1478 2867 1688 2916 Homeri
1712 2875 1824 2917 tan-

116 2948 244 3006 tum,
283 2943 375 2992 sed
415 2942 672 3008 Euripidis
696 2961 896 3011 quoque
927 2945 1292 3009 Sophoclisque
1324 2951 1376 2995 et
1403 2948 1640 3012 Aeschyli
1669 2963 1826 3013 opera

117 3038 290 3072 secum
325 3024 559 3087 gerebat3
595 3024 662 3076 cf.
698 3025 828 3074 Plut.
858 3043 903 3077 c.
929 3029 975 3075 8.
1045 3025 1193 3074 Hunc
1239 3026 1347 3076 sine
1382 3028 1531 3076 dubio
1566 3028 1824 3078 hominum

119 3104 431 3153 eruditorum
477 3120 670 3153 morem
714 3107 993 3172 respiciens
1039 3106 1287 3156 Lucienus
1334 3107 1499 3156 Iovem
1546 3109 1737 3159 inducit
1771 3113 1826 3159 et

119 3183 400 3234 Minervam
438 3184 683 3249 colloquia
724 3202 785 3234 ex
824 3188 974 3235 meris
1011 3188 1159 3236 huius
1194 3193 1375 3252 poetae
1407 3189 1668 3238 versiculis
1705 3205 1825 3239 con-

119 3269 365 3325 texenteS,
401 3273 459 3314 ut
492 3267 781 3323 universum
815 3284 975 3332 paene
995 3268 1287 3331 Euripidem
1324 3268 1595 3318 devorasse
1619 3270 1824 3319 videan-

117 3349 203 3394 tur
237 3341 359 3411 (τὸν
394 3343 699 3412 Εὐριπίδην
733 3344 864 3398 ὅλον
897 3347 1367 3414 καταπεπώκαμεν,
1402 3349 1520 3398 Luc.
1557 3349 1657 3401 Iov,
1693 3355 1822 3413 trag.

122 3439 166 3476 c.
202 3426 294 3491 1.).
363 3427 443 3477 Ad
486 3427 615 3475 hanc
663 3433 829 3477 autem
876 3429 1150 3493 augendam
1186 3428 1673 3493 confirmandamque
1713 3443 1825 3478 car-

122 3505 312 3558 minum
332 3507 678 3572 'cognitionem
714 3507 983 3574 plurimum
1018 3510 1247 3560 valebant
1278 3510 1578 3560 histrionum
1616 3508 1823 3561 nobilis-
