2170 3866
1117 266 1244 328 456

461 407 580 462 οὐδ’
614 405 722 462 ὑπὸ
756 413 1097 480 θυρσομανεῖ
1128 416 1394 486 νεβρίδων
1432 418 1562 485 μέτα

461 488 703 555 δινεύεις,
744 488 804 543 ἐν
839 491 887 544 δ’

459 569 660 638 ἅρμασι
693 570 785 624 καὶ
816 573 1030 637 ψαλίοις
1062 577 1434 646 τετραβάμονα

457 652 680 719 μώνυχα
718 655 917 718 πῶλον,

450 728 706 801 Ἰσμήνου
743 737 788 786 τ’
825 733 909 787 ἐπὶ
942 738 1164 804 χεύμασι
1199 739 1404 806 βαίνων

457 813 714 867 ἱππείαισι
744 817 973 879 θοάζεις,

449 889 706 962 ’Λργείοις
745 894 1064 959 ἐπιπνεύσας

456 979 731 1042 Σπαρτῶν
766 977 980 1045 γένναν,

459 1057 909 1125 ἀσπιδοφέρμονα
942 1059 1157 1126 θίασον,
1195 1063 1443 1127 εὔοπλον,

456 1137 750 1192 ἀντίπαλον
785 1140 920 1193 κατὰ
954 1142 1110 1193 λάϊνα
1143 1143 1325 1210 τείχεα.

323 1217 654 1287 Comparatur
688 1225 1038 1295 proeliantium
1074 1241 1345 1276 concursus
1381 1241 1493 1275 cum
1534 1224 1877 1276 bacchantium
1913 1227 2024 1278 dis-

323 1316 476 1350 cursu
523 1307 577 1351 et
622 1303 835 1352 telorum
889 1306 1129 1354 coniectio
1167 1323 1277 1355 cum
1313 1307 1600 1370 thyrsorum
1648 1306 1924 1357 vibratione
1969 1314 2023 1358 et

320 1382 556 1430 tubarum
593 1385 832 1448 strepitus
869 1401 979 1434 cum
1016 1385 1252 1434 tibiarum
1296 1393 1440 1435 cantu
1476 1392 1526 1434 et
1560 1387 1609 1433 in
1647 1386 1753 1435 acie
1787 1403 2020 1450 grassan-

321 1459 444 1510 tium
480 1465 688 1511 saevitia
724 1480 834 1513 cum
873 1467 1164 1515 maenadum
1211 1465 1381 1515 furore
1416 1472 1465 1514 et
1497 1465 1788 1531 ungularum
1824 1468 2018 1518 sonitus

321 1555 432 1589 cum
482 1542 762 1593 saltantium
807 1545 1057 1609 tripudio,
1108 1546 1324 1610 denique
1372 1546 1490 1594 belli
1536 1547 1778 1595 tumultus
1824 1548 1914 1595 sic
1929 1549 2018 1597 de·

305 1622 571 1712 pingitur
623 1632 675 1672 ut
723 1626 870 1675 simul
916 1627 1052 1690 pacis
1100 1625 1403 1675 desiderium
1454 1627 1773 1690 exprimatur.
1840 1625 2020 1676 Drama

305 1692 509 1765 ’Ἄρεως
542 1702 736 1768 μεστὸν
781 1722 1080 1771 componere
1114 1706 1314 1755 nolebat
1349 1706 1641 1771 Euripides,
1686 1723 1749 1755 ne
1783 1705 2021 1772 fatigaret

321 1790 633 1847 spectatores
678 1786 834 1851 pluris
882 1787 1185 1836 decernendi
1230 1787 1470 1836 rationem
1522 1803 1671 1851 quam
1726 1787 2020 1836 decertandi

320 1862 666 1914 fortitudinem
717 1866 960 1916 facientes
1006 1873 1056 1916 et
1107 1867 1315 1916 meliora
1361 1867 1579 1916 scientes
1631 1883 1775 1931 quam
1823 1867 1876 1916 in
1910 1868 2019 1917 acie

319 1944 508 1993 versari
555 1951 605 1994 et
651 1963 798 1995 mauu
841 1964 954 1996 cum
1003 1948 1232 1997 hostibus
1279 1948 1579 2012 confligere,
1635 1949 1766 2012 quod
1801 1948 2019 1998 immane

320 2039 434 2072 esse
469 2030 522 2073 et
557 2026 831 2076 belluarum
868 2030 1031 2078 simile
1067 2030 1245 2078 Cicero
1279 2035 1420 2078 recte
1465 2028 1712 2086 decrevit3
1761 2034 2022 2094 praeterea

319 2103 405 2153 ille
438 2105 612 2154 inutile
659 2123 774 2156 esse
823 2108 1041 2159 ducebat
1072 2110 1373 2158 alacritatem
1409 2108 1525 2157 belli
1558 2108 1763 2172 gerendi
1795 2109 2020 2158 inserere

321 2184 501 2233 civium
539 2186 719 2235 animis
758 2205 818 2236 eo
852 2197 1112 2253 tempore,
1149 2205 1248 2253 quo
1284 2189 1521 2252 quicquid
1554 2189 1652 2236 vita
1686 2189 1900 2237 humana
1931 2204 2017 2236 ve·

316 2265 451 2312 nusti
484 2264 638 2312 habet
674 2267 722 2314 in
759 2269 924 2331 patria
959 2268 1282 2316 diuturnitate
1318 2268 1433 2315 belli
1468 2268 1725 2315 laborante
1758 2267 2018 2316 imminue-

317 2345 478 2394 batur.
548 2344 649 2393 Sed
686 2347 1007 2411 praedicabat
1042 2347 1171 2394 bella
1204 2353 1253 2395 et
1281 2346 1601 2410 pugnantium
1640 2345 1897 2407 ferociam,
1932 2347 2017 2396 ubi

317 2439 443 2489 opus
478 2429 601 2474 erat.
668 2426 781 2473 Non
815 2425 979 2473 minus
1028 2426 1318 2490 splendidae
1365 2432 1482 2473 sunt
1525 2425 1747 2488 reliquae
1780 2426 2016 2476 carminis

316 2511 508 2568 partes·
577 2505 814 2568 „Utinam
850 2522 914 2554 ne
949 2512 1173 2554 servatus
1220 2508 1356 2553 esset
1391 2503 1642 2568 Oedipus,
1690 2505 1802 2554 neci
1849 2505 1900 2554 in
1936 2505 2017 2556 Gi-

316 2584 561 2635 thaerone
586 2587 880 2645 destinatus,
912 2584 1096 2633 utinam
1123 2601 1187 2634 ne
1205 2584 1416 2649 Sphinx,
1443 2591 1718 2633 monstrum
1743 2585 2016 2647 funestum,

316 2665 565 2726 venisset,
615 2666 756 2715 cuius
792 2666 957 2715 soluto
992 2665 1273 2730 aenigmate
1306 2664 1392 2713 ille
1426 2666 1475 2712 in
1512 2666 1760 2714 civitatem
1795 2666 2017 2716 invectus

315 2744 507 2795 liberos
543 2761 605 2795 ex
639 2747 844 2795 incestis
879 2745 1067 2811 nuptiis
1113 2744 1343 2803 sustulit,
1392 2746 1475 2808 qui
1523 2745 1620 2794 iam
1668 2744 1854 2794 infelici
1899 2745 2017 2796 odio

318 2831 371 2875 et
405 2827 604 2875 domum
642 2843 780 2875 suam
826 2833 876 2875 et
920 2826 1277 2890 rempublicam
1313 2831 1522 2874 vastant.
1591 2824 1853 2889 Nunquam
1886 2827 2016 2877 enim

317 2906 493 2971 pulcra
527 2923 588 2955 ex
623 2906 904 2955 inhonestis
956 2907 1201 2955 eveniunt.
1267 2905 1356 2953 Illa
1391 2909 1555 2954 autem
1593 2906 1794 2966 civitas,
1828 2906 1909 2955 cui
1940 2907 2016 2956 iu-

318 2986 457 3034 colae
508 3003 582 3035 ex-
620 2986 850 3036 draconis
897 2987 1129 3035 dentibus
1166 2991 1282 3034 sunt
1316 2986 1664 3051 gloriosissimi
1700 2986 1830 3046 nati,
1881 2986 2015 3038 illius

316 3066 409 3114 viri
443 3067 727 3131 progenies,
765 3067 907 3115 cuius
942 3065 1003 3115 ad
1039 3066 1234 3131 nuptias
1269 3066 1337 3114 dii
1373 3066 1618 3115 coelestes
1640 3070 1897 3128 venerunt,
1933 3065 2016 3115 illa

316 3146 467 3204 urbs,
517 3147 658 3195 cuius
705 3147 902 3196 moenia
937 3153 1115 3212 sponte
1160 3152 1509 3209 surrexerunt,
1563 3146 2016 3211 Amphione-inter

317 3226 700 3275 amoenissimos
737 3226 913 3276 Dircae
948 3227 1229 3291 Ismenique
1264 3227 1397 3276 rivos
1433 3243 1551 3275 saxa
1586 3242 1707 3274 sono
1744 3226 1877 3291 lyrae
1905 3241 2013 3274 mo·

315 3314 478 3367 vente,
513 3307 598 3356 ille
633 3307 865 3373 populus,
903 3308 1042 3357 cuius
1079 3322 1141 3356 ex
1173 3306 1289 3356 lone
1320 3306 1573 3372 procreati
1602 3311 1716 3355 sunt
1736 3321 1902 3370 reges,
1937 3306 2014 3355 in-

316 3387 655 3437 numerabiles
688 3388 897 3437 virtutes
934 3388 1053 3436 alias
1089 3402 1239 3452 super
1273 3386 1395 3434 alias
1431 3392 1691 3450 praestans
1724 3386 1773 3434 in
1819 3401 2015 3434 summo

242 3514 247 3522 k
315 3465 417 3516 iam
477 3467 689 3518 bellicae
737 3466 926 3533 gloriae
969 3466 1168 3532 fastigio
1214 3462 1487 3517 constitit.’'
1569 3464 1893 3516 Commodius
1940 3464 2015 3515 sic
