2170 3866
1103 289 1230 346 408

338 455 517 491 sarum.
586 436 750 498 ldem,
785 441 1045 502 postquam
1079 436 1142 485 ad
1176 436 1570 502 Tissaphernem
1607 454 1662 489 se
1697 438 1919 500 contulit,
1955 454 2019 489 ne

339 518 513 568 classis
548 516 813 566 Phoenicia
841 516 1216 582 Peloponnesiis
1252 517 1434 566 auxilio
1462 518 1654 567 veniret
1680 534 1804 569 neve
1830 519 2018 584 stipen-

338 599 471 647 dium
520 597 778 646 classiariis
813 596 1016 662 plenum
1053 597 1355 659 solveretur,
1390 597 1663 662 prohibuit.
1730 599 1889 649 Etiam
1926 599 2015 648 do-

337 677 533 727 mestici
567 677 757 725 dissidii
793 683 843 725 et
889 677 1189 741 reipublicae
1234 680 1339 725 tum
1390 677 1710 742 optimatibus
1751 679 2019 728 tradendae

337 762 445 806 tum
480 756 661 822 populo
696 757 1032 805 restituendae
1067 756 1198 804 idem
1233 756 1330 806 fuit
1354 756 1575 807 effector.
1633 757 1860 822 Denique
1884 774 2019 808 sum-

339 852 450 886 mae
485 836 725 885 victoriae
759 837 904 884 huius
938 836 1147 884 maxime
1182 852 1332 899 opera
1365 842 1650 901 reportatae
1672 844 1829 887 erant.
1880 837 2020 887 Haec

340 921 505 965 autem
554 917 713 965 omnia
761 916 882 964 fecit
927 916 1105 980 partim
1139 916 1375 978 regnandi
1411 917 1684 981 cupiditate
1717 916 1899 981 partim
1933 933 2021 981 pa-

338 996 466 1045 triae
500 995 749 1045 desiderio
785 1001 1075 1045 commotus.
1143 995 1269 1043 Nam
1317 1013 1467 1060 quum
1503 998 1552 1046 in
1586 996 1794 1063 patriam
1841 1012 1896 1045 se
1938 1012 2020 1045 re-

339 1075 476 1124 stitui
512 1075 945 1124 vehementissime
981 1079 1215 1139 cuperet,
1252 1081 1353 1124 tum
1390 1076 1557 1136 aliter,
1594 1093 1738 1141 quam
1774 1081 1858 1125 aut
1893 1076 2021 1126 victa

339 1160 425 1205 aut
459 1156 793 1220 triumphante
827 1171 916 1220 per
951 1170 1006 1203 se
1041 1155 1219 1220 patria,
1253 1156 1419 1204 redire
1453 1156 1664 1204 nolebat.

475 1234 778 1284 Simillimam
829 1250 942 1283 esse
989 1234 1236 1298 Polynicis
1292 1243 1440 1298 atque
1486 1234 1754 1284 Alcibiadis
1797 1249 2019 1285 caussam

340 1314 489 1364 facile
522 1315 824 1378 intelligitur.
894 1316 1050 1378 Argos
1086 1313 1360 1362 habitatum
1411 1315 1494 1362 hic
1530 1331 1728 1378 quoque
1763 1330 2020 1363 concesse-

339 1399 419 1444 rat
454 1394 723 1458 (Plutarch.
761 1394 844 1442 vit.
883 1394 988 1442 Alc.
1024 1409 1067 1441 c.
1103 1395 1229 1453 23.)‚
1263 1394 1453 1457 pridem
1491 1394 1776 1456 Argivorum
1809 1394 2023 1442 amicitia

340 1489 478 1533 usuS‚
515 1489 576 1523 ex
610 1489 700 1521 sua
732 1479 897 1522 autem
931 1473 1127 1520 civitate
1161 1473 1341 1521 iniuste
1377 1473 1578 1521 eiectus.
1632 1473 1882 1522 Societate
1909 1489 2020 1522 cum

340 1553 567 1602 hostibus
610 1554 775 1601 iuncta
826 1553 997 1617 ingens
1052 1553 1240 1615 patriae
1286 1552 1467 1601 bellum
1517 1557 1726 1616 uterque
1778 1553 2021 1613 conflavit,

340 1647 433 1680 nec
480 1633 667 1680 minore
711 1631 789 1679 vel
835 1633 1070 1695 regnandi
1120 1632 1388 1696 cupiditate
1421 1631 1500 1679 vel
1546 1632 1731 1680 reditus
1776 1632 2023 1681 desiderio

341 1711 630 1775 PolyniceS,
678 1728 821 1775 quam
859 1712 1169 1773 Alcibiades,
1215 1712 1456 1777 impulsus
1507 1710 1568 1758 ad
1603 1712 1853 1760 interitum
1889 1713 2021 1760 cives

345 1790 593 1840 adducere
629 1790 850 1855 fingitur.
922 1792 1146 1852 Accedit,
1183 1791 1311 1855 quod
1350 1807 1535 1849 eorum,
1573 1806 1696 1854 quae
1732 1791 1791 1838 ab
1825 1791 1908 1839 illo
1946 1791 2021 1839 di·-

346 1875 552 1928 cuntur,
605 1871 846 1932 quaedam
891 1886 1002 1918 cum
1037 1871 1308 1919 Alcibiadis
1357 1870 1434 1919 vel
1469 1870 1630 1918 verbis
1665 1870 1743 1919 vel
1776 1871 1920 1919 factis
1954 1872 2023 1920 ita

345 1955 637 2014 congruunt,
676 1954 733 1998 ut
770 1949 965 2010 fuerint,
1003 1951 1182 2013 quibus
1219 1951 1336 1999 huic
1369 1951 1526 2016 magis
1562 1965 1705 2013 quam
1740 1950 1812 1999 illi
1843 1966 2022 2000 conve-

344 2029 450 2079 nire
482 2029 766 2078 viderentur
780 2028 849 2093 *),
883 2030 1019 2079 velut
1052 2032 1267 2080 haeccez

474 2135 540 2144 --
708 2137 770 2147 -
938 2137 1004 2145 —-
1170 2107 1474 2174 ἀναγκαίως
1507 2106 1607 2174 ἔχει

476 2186 732 2250 πατρίδος
769 2185 896 2251 ἐρᾶν
931 2187 1196 2249 ἅπαντας·
1233 2186 1291 2249 ὃς
1325 2188 1373 2240 δ’
1407 2191 1577 2249 ἄλλως
1610 2187 1746 2254 λέγει

479 2267 684 2332 λόγοισι
716 2266 899 2332 χαίρει,
934 2267 1028 2317 τὸν
1064 2266 1120 2319 δὲ
1153 2273 1290 2319 νοῦν
1328 2266 1482 2318 §.naid
1519 2268 1633 2332 ἔχει.

345 2347 583 2397 Exsulum
619 2349 747 2397 mala
780 2347 929 2408 idem,
967 2364 1094 2411 quae
1128 2350 1344 2397 omnium
1381 2348 1503 2396 dicit
1536 2348 1744 2396 maxima
1778 2362 1906 2409 esse,
1941 2363 2021 2396 re-

345 2443 550 2478 censens
587 2428 712 2476 haec
746 2427 876 2475 inter
909 2427 1004 2476 alia
1037 2428 1278 2488 nominat,
1315 2428 1446 2491 quod
1483 2433 1679 2476 careant
1711 2429 2022 2490 ingenuitate,

347 2507 482 2571 quod
531 2507 717 2556 servire
760 2508 1041 2569 potentibus
1087 2523 1356 2572 eorumque
1399 2514 1505 2556 tum
1541 2507 1879 2571 stupiditatem
1918 2513 2021 2555 tum

347 2588 726 2651 perversitatem
777 2585 911 2635 ferre
953 2587 1013 2634 iis
1062 2602 1266 2636 necesse
1318 2587 1396 2635 sit.
1466 2587 1606 2648 Quae
1641 2587 1893 2635 audientes
1925 2602 2022 2636 non

350 2682 615 2731 possumus
650 2682 748 2715 non
784 2666 1036 2716 recordari
1069 2683 1257 2725 eorum,
1294 2683 1419 2729 quae
1453 2667 1750 2728 Alcibiades,
1783 2667 1842 2715 ab
1879 2682 2020 2714 exer-

352 2747 454 2795 citu
483 2746 762 2802 restitutus,
797 2746 960 2794 fertur
994 2762 1156 2795 coram
1190 2746 1428 2795 militibus
1464 2747 1677 2805 dixisse,
1713 2763 1825 2795 cum
1861 2745 2022 2795 exsilii

350 2826 676 2875 acerbitatem
713 2825 996 2890 deploraret
1030 2824 1211 2886 (Tliuc.
1235 2824 1360 2885 Vm,
1388 2829 1478 2875 81:
1512 2822 1610 2891 τὴν
1643 2824 1784 2876 ἰδίαν
1818 2824 2020 2890 ξυμφο·

349 2902 449 2968 ραν
499 2906 592 2971 τῆς
641 2906 817 2971 φυγῆς
863 2903 1170 2971 ἐπῃτιάσατο
1217 2902 1306 2954 καὶ
1353 2904 1779 2971 ἄνωλοφύρατο).
1847 2906 2022 2970 Neque

357 2985 524 3034 omisit
559 2985 787 3048 scriptor,
823 3002 1052 3048 quorsum
1087 2986 1208 3033 haec
1243 2986 1400 3035 omnia
1435 2988 1669 3047 valerent,
1703 2988 1812 3050 ipse
1827 2984 2021 3048 *signifi-

359 3078 500 3112 care:
537 3064 721 3112 etenim
749 3063 968 3114 Tiresias
999 3066 1100 3123 ille,
1138 3065 1219 3128 qui
1248 3067 1503 3116 materiem
1528 3081 1848 3128 caussamque
1873 3062 2020 3111 malo-

350 3159 463 3191 rum
495 3159 522 3191 e
556 3144 747 3191 civitate
776 3145 1036 3207 egerendO,
1073 3159 1164 3207 qua
1189 3146 1379 3194 ratione
1407 3147 1536 3195 salus
1557 3153 1606 3194 et
1629 3144 1830 3193 victoria
1860 3143 2022 3206 parari

350 3223 527 3286 possit,
559 3222 752 3283 edocet,
783 3224 912 3273 idem
938 3224 1083 3274 modo
1111 3225 1169 3273 ab
1201 3224 1582 3274 Atheniensibus
1608 3223 1869 3273 arcessitus
1893 3222 2020 3271 hanc

412 3403 460 3458 ⁵⁴²)
490 3403 559 3447 Cf.
590 3404 925 3447 Zirndorferum
952 3405 998 3448 in
1027 3407 1221 3448 chronol.
1251 3405 1344 3448 fab.
1375 3404 1529 3460 Eurip.
1559 3420 1603 3459 p.
1631 3402 1699 3445 82.
1729 3406 1772 3445 et
1800 3403 2021 3444 Herman-

496 3487 603 3518 num
643 3474 749 3518 huic
788 3489 919 3519 aures
946 3477 1234 3532 praebentem
1259 3475 1304 3518 in
1333 3475 1522 3530 praefat.
1552 3474 1653 3517 edit.
1681 3473 1849 3517 Phoen.
1879 3487 1923 3527 p.
1951 3469 2020 3514 15.
