2170 3866
1177 268 1300 325 432

420 413 714 472 exsiccavit,
761 413 908 463 simul
939 412 1035 462 hoc
1069 428 1218 477 agens
1252 413 1321 477 (v,
1355 412 1522 477 ’139.),
1571 418 1626 463 ut
1669 413 1913 465 beneficio
1946 430 2086 467 mon-

419 495 557 545 strati
597 493 745 543 fontis
791 493 1029 542 Adrastus
1074 510 1184 542 cum
1230 493 1462 542 universo
1508 494 1728 544 exercitu
1775 495 2085 561 Hypsipylae

415 575 730 638 obligaretur.
783 573 937 634 Haec,
971 573 1231 634 Thoantis,
1267 572 1578 623 Lemniorum
1614 573 1763 639 regis,
1796 573 1915 632 filia,
1953 575 2085 625 Bac-

419 655 501 704 chi
533 655 717 719 neptiS,
767 669 864 718 quo
905 659 1129 718 tempore
1163 652 1455 702 Lemniades
1499 669 1645 702 omne
1678 669 1832 720 genus
1865 655 2085 706 virorum

418 734 794 792 interficiebant,
830 733 931 781 sola
965 739 1151 796 patrem
1186 733 1445 781 adiuvante
1478 733 1675 782 Baccho
1711 733 1860 794 (Stat.
1887 733 1952 797 V,
1985 738 2083 786 265

418 813 580 880 seqq.)
616 813 841 864 servavit.
910 812 1236 873 Quamobrem
1270 811 1620 861 Lemniadibus
1665 819 1871 863 mortem
1909 815 1957 864 ei
1991 816 2085 863 mi-

416 894 644 944 nantibus
658 892 728 954 *)‚
765 909 793 942 e
826 892 984 956 patria
1017 892 1194 956 fugere
1229 897 1397 939 coacta
1429 897 1521 951 est,
1560 908 1652 955 qua
1678 892 1727 940 in
1753 892 1867 958 fuga
1890 909 1917 942 a
1945 910 2088 958 prae-

416 974 622 1023 donibus
658 978 800 1036 capta
832 971 1032 1020 Thebas
1069 973 1328 1036 deportata
1364 975 1440 1019 est
1473 987 1530 1020 ac
1563 971 1818 1038 Lycurgo,
1868 973 1950 1036 qui
1985 974 2086 1023 Ne-

415 1068 556 1102 meae
601 1052 866 1114 regnabat,
910 1051 959 1099 in
1005 1051 1259 1100 servitium
1307 1051 1517 1099 vendita.
1585 1051 1725 1099 Hanc
1771 1053 1915 1115 igitur
1949 1060 2004 1103 ut
2036 1053 2088 1102 in

415 1132 672 1199 pristinum
703 1137 885 1180 statum
922 1131 1150 1180 fortunae
1183 1131 1474 1179 restitueret
1507 1130 1647 1190 deus,
1681 1137 1783 1179 tum
1817 1131 1926 1192 illa,
1961 1148 2088 1196 quae

413 1212 641 1267 diximus,
678 1212 952 1274 composuit
971 1217 1074 1260 tum
1101 1210 1229 1258 filios
1257 1211 1498 1269 eiusdem,
1534 1226 1676 1275 quos,
1712 1227 1862 1274 quum
1885 1211 2085 1262 Lemni-

414 1291 559 1340 adum
604 1291 770 1353 regina
806 1294 968 1350 esset,
1015 1289 1238 1354 geminos
1275 1306 1334 1337 ex
1369 1290 1541 1339 Iasone
1577 1276 1800 1354 peperit,
1850 1291 2085 1341 educatos

414 1386 443 1420 a
474 1370 690 1434 Lycasta
704 1368 781 1431 **)
832 1369 979 1431 (Stat.
1014 1368 1075 1430 V,
1109 1367 1465 1435 464—467.),
1517 1371 1579 1418 ad
1616 1371 1945 1433 quaerendam
1981 1386 2085 1420 ma-

414 1456 541 1499 trem
586 1466 615 1497 e
662 1448 848 1497 Lemno
883 1455 1161 1512 opportune
1194 1449 1398 1498 adduxit
1441 1454 1593 1513 utque
1627 1465 1654 1498 a
1701 1465 1820 1514 rege
1863 1449 2083 1514 hospitio

414 1530 756 1594 exciperentur
790 1529 999 1576 curavitt
1037 1527 1162 1576 Stat.
1196 1527 1260 1587 V,
1296 1530 1426 1576 ⁷13:

547 1608 694 1670 „Qui
721 1609 950 1672 geminos
984 1609 1192 1657 iuvenes
1224 1606 1413 1656 Lemni
1444 1606 1510 1656 de
1542 1608 1718 1657 littore
1749 1615 1920 1658 vectos

549 1688 811 1738 Intuleras
840 1687 1073 1737 Nemeae
1103 1686 2084 1755 mirandaquefataparabas:

551 1767 808 1818 Caussa
842 1769 999 1817 viae
1042 1768 1373 1833 genitrix,
1418 1784 1536 1817 nec
1582 1768 1933 1834 inhospita
1980 1774 2084 1817 te-

1237 1854 1344 1896 cta
1390 1846 1694 1913 Lycurgi

554 1927 1026 1983 Praebuerant
1065 1927 1339 1977 aditus.''

412 2006 506 2056 His
565 2008 805 2073 expositis
850 2008 1072 2057 Bacchus
1115 2007 1379 2057 Adrastum
1437 2023 1548 2057 cum
1606 2006 1869 2057 comitibus
1917 2005 2086 2055 venire

411 2102 734 2150 praemonens
775 2087 998 2136 discedit.
1812 2136 1815 2138 ,

542 2166 782 2214 Adrastus
815 2168 873 2215 ab
909 2183 970 2215 ea
1002 2172 1169 2231 parte,
1213 2182 1306 2230 qua
1340 2167 1502 2216 solent
1547 2167 1630 2230 qui
1673 2181 1887 2231 peregre
1932 2163 2082 2213 adve-

411 2244 567 2304 niunt,
598 2244 815 2301 intrans,
851 2245 968 2292 dum
1002 2261 1092 2308 per
1125 2246 1360 2308 parodum
1396 2246 1642 2307 procedit,
1679 2244 1901 2308 queritur
1937 2257 2081 2291 exer-

413 2324 596 2380 citum,
646 2338 794 2386 quem
841 2328 1011 2371 contra
1046 2322 1246 2372 Thebas
1298 2322 1469 2383 ducat,
1523 2322 1605 2370 siti
1654 2323 1877 2370 laborare
1922 2336 2084 2385 neque

411 2419 643 2466 usquam,
689 2402 1081 2466 exploratoribus
1114 2417 1304 2465 quaqua
1336 2416 1507 2449 versus
1541 2402 1735 2461 missis,
1773 2417 1932 2466 aquae
1968 2400 2080 2451 fon-

411 2488 514 2532 tem
561 2483 812 2530 detectum
856 2497 969 2530 esse
1015 2480 1112 2545 (V,
1152 2483 1248 2529 “154
1283 2497 1418 2544 seqq.
1455 2481 1611 2543 ⁷34).
1691 2481 1775 2529 Sic
1820 2486 2079 2545 postquam

411 2562 476 2611 ad
521 2562 731 2610 mediam
781 2576 975 2610 scenam
1011 2562 1260 2625 pervenit,
1325 2560 1567 2624 conspicit
1610 2560 1921 2625 Hypsipylen
1968 2576 2080 2608 cum

411 2641 615 2706 parvulo
649 2639 882 2704 Ophelte,
914 2641 1044 2703 regis
1077 2640 1203 2699 filio,
1237 2639 1375 2687 cuius
1409 2646 1518 2688 erat
1551 2641 1732 2698 nutrix,
1769 2646 1907 2688 extra
1942 2639 2076 2690 urbis

414 2721 610 2772 moenia
640 2734 950 2783 progressam
986 2719 1134 2782 (Stat.
1170 2717 1255 2774 IV,
1291 2717 1456 2777 7390:

545 2798 818 2862 „Tandem
850 2801 987 2849 inter
1019 2801 1175 2848 silvas
1209 2798 1306 2860 (sic
1338 2797 1506 2846 Evius
1541 2799 1651 2864 ipse
1679 2797 1930 2864 parabat)

543 2879 804 2929 Errantes
836 2880 1054 2929 subitam
1084 2878 1264 2945 pulcro
1298 2878 1353 2926 in
1386 2893 1612 2927 moerore
1645 2883 1857 2926 tuentur
1942 2929 1945 2931 ,

470 3100 519 3154 ⁹⁶)
556 3101 658 3143 Huc
688 3102 878 3157 pertinet
903 3103 1068 3160 fragm.
1099 3102 1187 3146 XV.
1220 3101 1410 3158 ἐκδημία
1436 3115 1517 3158 pro
1548 3095 1785 3155 ἀποδημία
1814 3099 1991 3141 dictum.

442 3170 520 3226 *ἢ
557 3172 689 3212 Ηοῐιι.
720 3173 770 3214 Il.
814 3173 920 3224 vn,
958 3171 1056 3216 468.
1117 3173 1225 3216 Stat.
1267 3175 1347 3227 vl,
1385 3171 1493 3216 342:
1536 3172 1734 3224 „Nomen
1779 3182 1864 3211 avo
1906 3166 2076 3225 gentile

555 3242 785 3295 Thoas,
830 3248 961 3297 atque
1007 3242 1150 3286 omine
1197 3244 1338 3285 dictus
1388 3245 1606 3284 Euneos
1646 3241 1806 3296 Argoo.
1878 3238 2076 3280 Geminis

554 3311 712 3353 eadem
742 3313 911 3365 omnia,
954 3315 1123 3366 vultus,
1164 3327 1340 3365 currus,
1391 3312 1517 3366 equi,
1553 3315 1699 3354 vestes
1729 3308 1838 3351 etc.”
1900 3309 1950 3351 ln
1978 3321 2076 3350 am-

554 3382 699 3436 phora
725 3381 842 3425 infra
869 3383 1052 3440 Dionysi
1079 3382 1322 3439 imaginem
1357 3381 1578 3438 imagines
1602 3378 1772 3436 positae
1800 3381 1900 3422 sunt
1926 3375 2076 3435 gemi-

553 3463 725 3505 norum,
750 3453 1098 3509 inscriptumque
1125 3466 1285 3496 nomen
1314 3447 1512 3503 Eiae'vsms·
