2170 3848
947 275 1029 335 35

144 428 299 479 vides.
368 425 493 476 Nam
528 428 582 474 et
616 430 873 490 antequam
911 425 1050 474 furor
1079 425 1367 485 bacchetur,
1401 424 1544 473 favor
1578 430 1629 475 et
1658 425 1831 477 salutis

143 509 359 558 studium
399 506 691 555 conciliatur
725 506 811 566 iis,
857 507 905 552 in
942 520 1064 568 quos
1099 509 1416 567 grassaturus
1453 510 1557 566 est,
1606 510 1659 554 et
1691 512 1830 572 post-

143 605 289 654 quam
325 587 517 636 saevire
552 586 719 646 desiit,
755 583 1090 633 misericordia
1128 583 1369 633 excitatur
1392 585 1516 646 eius,
1553 587 1634 649 qui
1663 587 1832 637 furore

143 655 404 733 correptus
439 666 549 715 fuit.
618 665 695 714 Ad
741 665 880 712 cuius
917 664 1132 712 animum
1170 664 1440 712 sanandum
1476 665 1832 731 levandamque

142 748 498 812 aegritudinem
526 743 747 794 remedia
771 743 1135 808 philosophiae,
1156 760 1252 792 non
1276 744 1506 807 vulgaris,
1524 771 1526 773 >
1543 746 1631 794 sed
1660 763 1831 796 recon-

143 829 356 890 ditioris,
393 827 703 885 adhibentur,
739 830 810 884 ut,
849 823 1262 887 quemadmodum
1301 824 1535 874 Herculis
1569 826 1734 889 ipsius.
1760 827 1831 876 la·

144 909 346 959 boribus
395 907 528 955 orbis
575 911 823 954 terrarum
869 904 1142 952 terroribus
1189 910 1423 970 purgatus
1475 911 1577 967 est,
1625 907 1695 955 sic
1737 908 1833 956 hac

143 987 394 1051 tragoedia
431 986 581 1034 animi
614 985 867 1033 hominum
904 990 1047 1047 peste
1082 1001 1329 1045 errorum,
1368 985 1545 1049 quibus
1588 987 1683 1036 vita
1718 1003 1833 1053 per-

144 1069 383 1129 turbatur,
419 1066 706 1116 liberentur.

273 1145 502 1195 Theseus
537 1146 702 1211 igitur,
737 1160 885 1208 quum
925 1145 1107 1198 certior
1140 1144 1304 1193 factus
1341 1152 1476 1195 esset
1512 1148 1574 1196 de
1599 1146 1723 1211 Lyci
1755 1148 1832 1197 in-

142 1228 282 1276 iuriis
317 1226 478 1290 deque
512 1226 769 1291 periculo,
812 1227 941 1288 quod
977 1225 1183 1273 Herculi
1219 1226 1446 1275 redeunti
1481 1227 1834 1278 Thebanorum

143 1308 324 1357 seditio
354 1308 657 1368 intentabat,
706 1306 812 1355 sine
848 1322 1014 1367 mora,
1062 1310 1117 1353 ut
1162 1306 1368 1369 gratiam
1406 1308 1566 1356 amico
1601 1309 1833 1371 referret,

142 1387 518 1438 Atheniensium
569 1403 716 1435 manu
765 1393 933 1434 coacta
982 1387 1165 1435 auxilio
1200 1387 1348 1435 venit.
1420 1387 1703 1453 Conspecta
1738 1389 1835 1439 do-

142 1484 254 1516 mus
287 1466 562 1516 vastatione
597 1473 647 1515 et
682 1472 848 1530 strage
882 1482 1151 1530 puerorum
1190 1473 1340 1530 atque
1375 1469 1561 1531 uxoris,
1586 1471 1832 1525 „edoctus-

143 1564 241 1612 que
274 1548 334 1595 ab
369 1547 730 1611 Amphitruone
765 1548 828 1595 de
862 1546 1013 1595 caede
1047 1547 1327 1596 miseranda
1361 1564 1453 1612 per
1487 1549 1710 1598 furorem
1744 1568 1832 1615 pa-

141 1632 286 1688 trata,
319 1634 477 1691 rogat,
513 1634 568 1676 ut
600 1627 872 1693 opitulandi
893 1628 987 1676 sibi
1009 1628 1219 1676 facultas
1246 1628 1348 1685 fiat,
1385 1644 1483 1676 non
1503 1629 1701 1695 fugiens
1728 1631 1833 1695 pia·

142 1707 241 1757 culi
277 1707 582 1756 societatem.
651 1709 822 1772 ltaque
855 1714 997 1772 pater
1044 1708 1349 1772 supplicibus
1384 1710 1646 1772 precibuS‚
1694 1711 1834 1776 geni-

142 1789 241 1838 bus
269 1787 590 1850 manibusque
623 1788 713 1835 filii
748 1788 1033 1847 advolutus,
1083 1804 1194 1837 cum
1229 1788 1445 1836 lacrimis
1481 1794 1620 1850 orat,
1656 1796 1710 1839 ut
1744 1791 1833 1840 ob-

144 1867 382 1916 stinatum
415 1868 626 1916 animum
661 1867 826 1915 vincat
859 1873 1132 1932 apertoque
1165 1868 1300 1915 vultu
1335 1869 1615 1917 amicorum
1643 1886 1834 1920 sermo-

145 1962 234 1997 nes
270 1947 524 1996 admittat:
576 1949 666 1996 sed
711 1946 912 1995 frustra.
980 1945 1108 1995 Tum
1146 1946 1376 1996 Theseus
1413 1949 1523 2013 ipse
1558 1950 1619 1998 ad
1654 1967 1833 2015 preces

143 2041 200 2076 se
248 2027 518 2087 convertit,
570 2031 760 2075 testans
810 2042 866 2074 se
916 2043 1080 2090 neque
1124 2027 1309 2093 piaculi
1371 2045 1533 2092 neque
1581 2030 1834 2083 infortunii

143 2106 543 2155 communitatem
577 2107 752 2165 vitare,
788 2107 878 2155 sed
916 2107 1066 2167 velle,
1105 2124 1215 2156 cum
1251 2108 1361 2173 ipse
1394 2111 1445 2157 in
1481 2114 1591 2159 tuto
1627 2113 1719 2174 sit,
1755 2114 1832 2163 in-

141 2185 302 2235 vicem
336 2187 576 2247 amicum,
623 2203 651 2236 a
682 2203 779 2250 quo
814 2193 1038 2236 servatus
1088 2194 1138 2236 et
1170 2189 1219 2237 in
1253 2189 1415 2238 lucem
1450 2191 1711 2240 restitutus
1748 2194 1831 2254 sit,

142 2266 403 2326 adiuvare,
438 2284 623 2330 negans
658 2268 786 2316 ullas
822 2269 1050 2316 tenebras
1085 2273 1247 2317 tantas
1284 2285 1426 2331 esse,
1478 2288 1607 2334 quae
1640 2275 1835 2338 possint

140 2347 272 2396 illius
295 2347 629 2396 calamitatem
654 2349 976 2406 abscondere,
1013 2364 1216 2397 monens
1245 2350 1427 2399 decere
1464 2352 1667 2402 deorum
1702 2355 1832 2404 iniu-

142 2427 243 2476 rias
281 2427 398 2476 forti
422 2429 584 2476 animo
611 2428 839 2487 tolerare,
876 2438 1129 2493 postremo
1154 2430 1374 2478 velamen
1411 2431 1474 2479 de
1500 2434 1660 2497 capite
1688 2435 1833 2485 amici

143 2507 274 2556 ultro
309 2509 595 2557 detrahens.
657 2507 751 2556 ‘Sic
787 2510 1002 2568 tandem,
1038 2517 1092 2558 ut
1127 2509 1377 2571 Hercules
1404 2513 1717 2577 colloquendi
1756 2514 1830 2564 fa-

143 2587 376 2636 cultatem
427 2588 604 2649 faciat,
651 2590 908 2652 pervincit.
978 2589 1136 2653 Negat
1181 2591 1240 2639 ab
1289 2591 1387 2639 ullo
1441 2593 1642 2642 homine
1692 2595 1832 2644 divos

143 2667 299 2731 pollui
335 2661 427 2727 aut*⁸
451 2670 677 2733 contagio
713 2671 993 2728 amicorum,
1017 2671 1204 2719 amicos
1239 2671 1400 2733 infici,
1453 2681 1602 2737 negat
1636 2675 1831 2725 Hercu-

143 2747 270 2808 lem,
323 2750 407 2812 qui
454 2756 616 2798 tantos
651 2749 844 2799 labores
881 2751 1193 2813 toleraverit,
1242 2753 1324 2815 qui
1359 2754 1638 2802 universum
1676 2771 1830 2819 genus

142 2827 411 2877 humanum
447 2830 703 2878 beneficiis
734 2830 984 2891 affecerit,
1024 2848 1167 2896 quem
1205 2832 1417 2882 Graecia
1451 2836 1704 2899 respiciat,
1742 2837 1830 2885 de—

144 2924 260 2958 cere
293 2910 507 2973 vulgaris
540 2911 754 2959 hominis
782 2928 922 2960 more
951 2913 1090 2960 malis
1118 2913 1297 2976 frangi,
1332 2914 1547 2978 denique
1579 2925 1727 2980 negat
1753 2933 1831 2966 sa-

143 2987 328 3053 pientis
375 3006 490 3038 esse
537 2991 819 3054 praefracto
874 2994 1064 3053 animo,
1118 2993 1258 3058 quasi
1304 3010 1430 3043 nova
1477 2996 1619 3060 plaga
1662 2997 1829 3046 locum

143 3084 239 3117 non
274 3070 339 3118 sit
372 3070 616 3131 habitura,
652 3087 763 3120 cum
798 3073 892 3121 diis
929 3075 1245 3123 contendere.
1301 3075 1460 3124 Huius
1495 3077 1700 3124 diverbii
1728 3078 1830 3125 sin·

143 3148 286 3212 gulae
321 3153 590 3200 sententiae
617 3153 854 3217 gravitate
882 3169 994 3202 cum
1024 3154 1321 3203 testimoniis
1339 3162 1545 3204 certant.
1596 3157 1833 3205 Laudavit

145 3228 397 3293 Longinus
432 3231 723 3296 simpliciter
756 3234 887 3281 idem
922 3250 980 3281 ae
1016 3235 1226 3282 sublime
1262 3234 1448 3284 dictum
1481 3233 1623 3301 γέμω
1652 3237 1833 3287 κακῶν

144 3304 212 3374 δὴ
246 3307 450 3360 κούκέτ’
489 3308 603 3360 ἔσθ’
641 3308 742 3376 ὅπη
775 3315 931 3378 τεθῇ,
966 3314 1199 3379 idemque
1235 3315 1438 3365 Ovidius
1475 3334 1538 3366 ex
1571 3319 1714 3366 Pont.
1742 3318 1830 3377 IV,

146 3391 225 3448 16,
254 3393 332 3439 51.
367 3392 588 3441 imitatus
624 3399 717 3442 est.
766 3393 1034 3458 Egregium
1069 3397 1215 3444 etiam
1243 3396 1365 3445 illud
1395 3403 1501 3446 est:
1539 3397 1775 3458 αὔθαδες
1800 3397 1831 3449 ὁ

145 3468 288 3533 θεός,
321 3469 454 3535 πρὸς
488 3469 557 3523 δὲ·
577 3465 704 3533 τοὺς
729 3466 894 3534 θεοὺς
927 3469 1042 3539 ἐγώ.
1093 3473 1351 3526 Neminem
1380 3471 1509 3538 novi,
1547 3481 1628 3543 qui
1652 3479 1740 3543 sic,
1776 3486 1832 3532 ut

1431 3558 1504 3605 3*
