2170 3866
926 264 1052 322 449

145 411 424 479 significat!
475 426 623 477 quam
666 410 853 475 dolet,·
881 413 1016 478 quod
1062 425 1228 477 neque
1271 411 1497 462 tristibus
1547 410 1657 462 eius
1691 426 1854 478 neque

145 493 289 545 laetis
323 493 475 543 rebus
510 493 822 544 interfuerit!
871 492 1124 559 Oedipum
1161 508 1360 558 quoque
1405 509 1503 543 non
1550 493 1729 543 minori
1763 491 1853 553 ait,

144 590 293 641 quam
338 573 530 639 ipsam,
579 574 668 622 filii
716 573 969 623 desiderio
1018 573 1183 623 teneri
1230 579 1283 623 et
1329 590 1491 639 paene
1541 573 1601 621 ad
1638 579 1854 623 mortem

143 654 454 722 poenitentia
488 655 890 704 exsecrationum
926 655 1157 703 adactum
1196 670 1326 706 esse.
1397 654 1546 704 Hunc
1581 655 1712 703 enim
1748 654 1853 704 sin-

143 734 307 802 gulari
341 735 462 796 fide,
496 735 719 801 diligenti
755 750 890 792 cura,
928 734 1144 783 sollicito
1180 751 1352 784 amore
1386 735 1567 783 mulier
1591 741 1853 800 praestan-

145 814 338 865 tissima
382 830 554 865 senem
602 815 846 864 afflictum
884 815 1032 876 colit,
1075 816 1366 864 consolatur
1401 822 1550 879 atque
1585 820 1851 864 sustentat.

145 895 339 945 Eadem
374 896 793 960 sapientissimam
830 911 886 944 se
930 902 1154 961 praestat
1193 896 1472 957 mulierem,
1508 895 1641 959 quod
1678 911 1854 946 sanare

146 976 366 1026 {iliorum
402 976 702 1026 discordiam
740 977 941 1039 studet,
989 983 1040 1025 et
1074 978 1254 1026 merito
1290 992 1467 1041 magno
1503 991 1672 1024 amore
1705 976 1852 1024 ambo

145 1062 203 1106 ut
235 1057 368 1106 viros
405 1057 863 1122 praestantissimos
910 1055 1088 1123 (ἄνδρ’
1123 1055 1323 1121 ἀρίστω
1359 1073 1403 1106 v,
1441 1054 1614 1121 126⁷.)
1660 1054 1877 1122 ample-q

147 1136 306 1186 ctitur
340 1153 402 1188 eo
438 1137 546 1186 solo
582 1138 702 1186 vitio
738 1138 1050 1198 laborantes,
1097 1139 1260 1203 quod,
1307 1144 1363 1188 ut
1399 1138 1580 1187 Cicero
1616 1137 1767 1199 dicit,
1802 1137 1854 1187 in

146 1217 376 1267 maximis
414 1218 591 1267 animis
627 1217 1150 1285 splendidissimisque
1189 1218 1396 1282 ingeniis
1433 1218 1731 1282 plerumque
1765 1232 1855 1266 ex-

145 1297 308 1355 sistit,
354 1298 504 1347 nimia
538 1299 844 1363 principatus
882 1301 1130 1363 cupidine.
1198 1299 1348 1347 Hunc
1380 1313 1600 1346 amorem
1638 1296 1859 1346 declarat

145 1392 237 1438 eo,
283 1378 419 1441 quod
469 1377 698 1429 omnibus
746 1377 999 1442 Polynicis
1045 1379 1303 1428 doloribus
1350 1384 1582 1443 tanquam
1634 1378 1855 1443 propriis

144 1457 367 1506 aflicitur
401 1457 635 1522 quodque
670 1457 735 1506 de
769 1459 957 1508 exsulis
994 1459 1181 1509 misera
1217 1461 1506 1509 conditione
1541 1464 1591 1507 et
1615 1458 1856 1522 quicquid

142 1537 223 1587 vel
255 1537 370 1587 boni
402 1538 482 1587 vel
518 1539 634 1587 mali
659 1544 908 1604 tempore,
945 1555 1042 1605 quo
1070 1540 1230 1605 patria
1255 1540 1498 1605 profugus
1524 1539 1701 1596 caruit,
1738 1554 1856 1603 per-

145 1618 360 1684 ceperit,
398 1619 624 1668 studiose
659 1619 945 1669 sciscitatur
958 1618 1029 1683 *).
1101 1621 1224 1683 Quis
1259 1636 1475 1685 unquam
1512 1619 1591 1668 vel
1625 1622 1856 1668 veterum

143 1699 226 1748 vel
287 1699 564 1749 recentium
617 1705 876 1763 poetarum
941 1700 1222 1749 verioribus
1273 1701 1524 1748 coloribus
1574 1705 1855 1749 maternum

145 1795 370 1828 amorem
419 1779 679 1845 depinxit?
738 1779 1027 1844 Polynicem
1073 1786 1243 1828 noster
1290 1795 1463 1828 amore
1509 1778 1703 1843 patriae
1736 1779 1856 1828 insi·

145 1874 293 1923 gnem
330 1874 445 1908 esse
480 1860 668 1919 voluit,
719 1859 949 1924 quigaras
992 1859 1201 1908 deorum
1238 1860 1545 1925 patriorum,
1581 1859 1855 1924 gymnasia,

144 1939 197 1988 in
242 1938 427 2003 quibus
460 1939 702 1999 adolevit,
756 1938 934 1988 Dircae
969 1955 1147 2003 aquam
1185 1945 1236 1988 et
1269 1940 1407 1989 urbis
1454 1946 1589 1988 tecta
1633 1940 1856 1990 salutans

143 2019 322 2068 horum
360 2035 416 2069 se
451 2019 916 2086 conspiciendorum
951 2019 1206 2069 desiderio
1234 2027 1425 2070 motum
1457 2036 1571 2070 esse
1607 2020 1747 2081 dicit,
1783 2025 1856 2083 ut,

147 2100 374 2163 quamvis
411 2106 548 2150 metu
584 2116 767 2165 pavens
804 2117 1082 2165 verensque
1106 2101 1328 2161 insidias,
1365 2102 1413 2149 in
1440 2100 1605 2149 media
1631 2100 1855 2150 bostium

145 2195 286 2229 arma
323 2196 380 2230 se
415 2181 735 2241 demitteret3
773 2188 826 2230 et
860 2182 1088 2231 lacrimas
1126 2182 1174 2230 ei
1210 2197 1308 2230 non
1347 2182 1511 2230 minus
1545 2181 1723 2230 horum
1761 2181 1859 2230 sibi

143 2266 432 2325 ereptorum
482 2278 628 2325 quam
688 2263 865 2310 matris
922 2263 1145 2310 afflictae
1201 2261 1526 2324 lngubrisque
1585 2261 1858 2326 adspectus

144 2339 298 2391 elicit.
349 2341 525 2390 Exsilii
562 2341 742 2390 deinde
777 2341 923 2401 mala,
958 2346 1119 2390 matre
1155 2342 1410 2401 invitante,
1446 2342 1685 2400 ostendit,
1723 2341 1858 2407 quod

143 2421 498 2487 ingenuitatem
535 2422 748 2482 auferat,
787 2423 920 2486 quod
958 2422 1239 2488 potentium
1273 2423 1598 2471 stoliditatem
1635 2422 1858 2472 tolerare

148 2505 203 2550 et
238 2503 427 2550 servire
471 2503 678 2551 utilitati
724 2508 900 2568 cogat,
952 2502 1086 2567 qnod
1132 2518 1196 2550 ne
1243 2503 1350 2567 spei
1386 2502 1587 2566 quidem
1623 2501 1857 2552 solatium

147 2580 350 2630 miseris
385 2582 650 2646 relinquat,
692 2584 823 2647 quod
860 2583 1013 2633 fidem
1049 2582 1304 2646 hospitum
1339 2598 1450 2630 cum
1486 2581 1685 2631 fortuna
1721 2598 1858 2631 com-

147 2667 336 2720 mutet,
384 2662 518 2727 quod
569 2662 917 2712 deficientibus
954 2662 1132 2728 opibus
1168 2662 1403 2710 nobilitas
1439 2661 1638 2726 generis
1672 2679 1732 2711 ac
1767 2663 1859 2711 de-

150 2756 240 2791 cus
275 2741 547 2806 iaceat**).
607 2742 764 2794 Casus
802 2743 984 2792 deinde
1018 2759 1138 2792 suos
1174 2742 1394 2808 exponit.
1449 2741 1665 2792 Oraculo
1690 2743 1857 2793 iussus

205 2912 256 2968 *)
284 2912 454 2956 Morati
494 2914 714 2956 sermonis
751 2915 1009 2969 exemplum
1052 2916 1118 2955 est
1158 2912 1248 2954 hoc
1297 2911 1598 2968 colloquium,
1648 2912 1696 2956 id
1738 2914 1858 2968 quod

292 2989 414 3026 recte
454 2983 625 3026 notavit
653 2984 796 3026 schol.
826 2999 870 3027 v.
901 2983 998 3027 388.
1059 2984 1186 3025 ldem
1214 2984 1336 3025 male
1373 2984 1690 3038 reprehendit,
1737 2985 1858 3040 quod

287 3055 438 3097 alieno
492 3061 697 3109 tempore
747 3054 977 3098 sententiis
1024 3058 1172 3096 utatur
1219 3053 1459 3109 Euripides
1515 3055 1857 3110 (γνωμολογεῖ).

290 3125 428 3168 Nulla
472 3126 673 3180 pericula
714 3130 836 3168 tanta
878 3140 976 3168 esse
1017 3129 1220 3180 possunt,
1264 3129 1312 3168 ut
1350 3132 1543 3168 matrem
1569 3126 1857 3182 prohibeant,

289 3210 378 3251 quo
420 3195 565 3238 minus
605 3196 700 3239 vim
740 3195 907 3238 amoris
947 3195 1015 3237 sui
1055 3195 1154 3238 filio
1197 3200 1296 3250 post
1335 3197 1522 3253 longum
1564 3203 1742 3252 tempus
1779 3210 1857 3239 re-

293 3273 424 3323 cepto
456 3269 667 3310 declaret.
729 3267 782 3308 G.
814 3268 1126 3309 Her-mannum
1168 3280 1270 3308 cum
1314 3265 1407 3309 alia
1435 3269 1581 3311 multa
1610 3272 1707 3310 tum
1735 3267 1856 3309 hunc

288 3353 544 3381 sermonem
575 3337 883 3392 imprudenter
912 3338 1201 3381 cavillantem
1233 3337 1404 3380 omitto.

178 3407 261 3464 *Ὃ
289 3410 444 3454 Schol.
469 3425 512 3453 v.
535 3408 616 3450 71:
651 3400 789 3459 οὗτος
819 3402 845 3452 ὁ
874 3407 1019 3459 τόπος
1048 3408 1113 3459 εἰς
1141 3404 1450 3464 οἷσυμφωνίαν
1470 3403 1573 3463 ἄγει
1591 3404 1644 3452 τὸ
1676 3406 1854 3464 δρᾶμα·

290 3478 386 3525 ἔδει
414 3478 502 3539 γὰρ
531 3477 734 3534 ἐξέλασιν
762 3476 1036 3526 ὑποθέσθαι
1062 3478 1147 3524 τοῦ
1177 3480 1507 3532 Πολυνείκους,
1545 3478 1624 3523 ἴνα
1654 3475 1734 3523 διὰ
1762 3477 1858 3522 τῶν

210 3548 276 3601 Τ.
311 3551 376 3602 11.
1451 3552 1520 3600 29
