2170 3866
1122 239 1249 297 416

370 385 487 436 lonii
520 381 604 445 lV,
649 384 793 434 1090.
845 388 897 433 et
941 382 1207 448 paullulum
1255 383 1565 434 immutatum
1607 385 1754 436 etiam
1789 402 1817 436 a
1853 384 2037 451 Georg-

370 465 596 515 Cedreno
631 462 764 511 Hist.
801 479 960 528 comp.
994 481 1041 528 p.
1076 466 1158 515 24.
1203 468 1255 512 et
1301 480 1329 511 a
1363 462 1543 512 Malaia
1577 452 1849 531 chronogr.
1885 466 1948 514 11.
1984 483 2035 531 p.

369 547 449 592 55.
483 543 719 602 refertur,
755 558 862 590 cnm
900 543 1076 606 quibus
1103 547 1373 607 congruunt
1396 561 1523 607 quae
1552 543 1727 593 Suidas
1744 545 1893 594 habet
1923 562 1964 597 ε.
1992 561 2038 596 v.

362 615 609 688 Ἀντιόπη
653 639 699 686 p.
735 624 848 681 478,
884 627 930 670 ὅ.
1011 622 1229 687 Denique
1275 623 1563 687 Propertius
1623 640 1819 688 quoque
1866 625 1947 686 ΠΙ,
1989 627 2037 675 3.

367 703 657 768 Euripidem
693 702 910 750 imitatus
945 707 1039 753 est.
1110 703 1318 752 Accedit
1360 702 1750 765 fragmentorum
1785 703 1916 752 haud
1951 719 2037 753 ex·-

368 783 509 848 iguus
556 797 818 841 numerus,
868 797 896 828 a
942 782 1056 829 viris
1096 783 1257 831 doctis
1293 782 1528 831 collectus
1564 789 1711 846 atque
1747 782 2038 846 explicatus.

500 862 815 926 Conspicitur
847 860 895 908 in
931 876 1078 910 scena
1112 863 1226 910 villa
1259 861 1441 910 rustica
1475 863 1706 927 pastoris,
1741 862 1824 925 qui
1861 862 2041 911 crede-

367 944 512 993 batur
543 946 685 1006 pater
716 956 828 988 esse
860 941 1160 1003 geminorum
1198 941 1486 1006 Amphionis
1534 958 1592 990 ac
1636 941 1800 990 Zethi.
1869 941 2039 990 Prodit

366 1028 532 1071 autem
566 1021 625 1069 ad
665 1036 769 1068 rem
805 1021 1142 1085 exponendam
1162 1020 1443 1070 Mercurius
1471 1022 1576 1070 sive
1602 1021 1710 1086 quis
1746 1021 1870 1069 alius
1897 1021 2040 1078 dem,

365 1102 491 1151 haec
524 1100 633 1148 fere
666 1098 919 1147 referens:
1763 1117 1765 1119 r

501 1180 695 1244 Nyctei,
715 1179 842 1242 regis
862 1180 908 1227 in
929 1179 1147 1239 Boeotia,
1173 1181 1254 1244 qui
1271 1181 1442 1245 Hysiis
1463 1172 1723 1243 (’Τσίαισι,
1739 1180 1914 1246 fragm.
1930 1179 2037 1243 Ill.)

364 1260 632 1319 habitabat,
665 1258 761 1306 fuit
794 1259 896 1306 filia
931 1259 1153 1322 Antiopa,
1191 1261 1328 1309 cuins
1364 1261 1553 1309 formae
1587 1266 1847 1309 venustate
1871 1261 2038 1325 luppi-

364 1344 443 1389 ter
476 1338 718 1387 adductns
754 1337 804 1386 in
836 1337 1066 1401 Satyrum
1109 1355 1372 1388 conversus
1403 1341 1651 1404 gravidam
1688 1357 1799 1388 eam
1832 1337 2038 1405 fecit*),

365 1419 526 1482 Quam
567 1423 708 1481 pater
757 1433 866 1465 cnm
915 1418 1090 1481 punire
1122 1418 1271 1467 vellet
1303 1425 1510 1483 propter
1544 1426 1793 1484 stuprum,
1839 1419 2037 1483 pericu-

363 1499 464 1547 lum
498 1497 714 1560 Antiopa
750 1495 936 1562 effugit.
1009 1497 1139 1545 Casu
1172 1497 1222 1546 in
1258 1498 1442 1547 eodem‘
1467 1499 1606 1558 loco,
1653 1514 1749 1562 quo
1794 1498 1876 1546 illa
1923 1515 2038 1563 per-

363 1582 581 1638 venerat,
616 1575 851 1640 Epopeus
887 1575 1148 1640 Sicyonius
1183 1578 1369 1638 stabat3
1414 1578 1457 1626 is
1492 1580 1750 1627 mulierem
1783 1579 2037 1627 advectam

363 1658 562 1707 domum
607 1656 918 1704 matrimonio
967 1656 1059 1705 sibi
1095 1657 1284 1705 iunxit:
1329 1659 1458 1720 quod
1505 1657 1725 1722 Nycteus
1769 1673 1915 1719 aegre
1959 1657 2038 1706 fe·

361 1752 503 1796 renS,
552 1751 661 1784 cum
698 1735 864 1799 Lyco,
913 1736 1053 1784 fratri
1101 1752 1219 1797 suo,
1257 1737 1336 1786 cui
1370 1750 1574 1800 regnum
1610 1737 1876 1786 relicturus
1912 1743 2037 1797 erat,

360 1833 452 1882 per
486 1815 866 1864 obtestationem
902 1816 1208 1876 mandasset,
1261 1822 1314 1865 ut
1357 1817 1408 1866 in
1443 1816 1702 1882 Epopeum
1749 1816 2037 1881 Antiopam-

360 1912 457 1961 qne
502 1895 947 1953 animadverteret,
993 1905 1202 1943 mortem
1251 1896 1344 1944 sibi
1387 1896 1495 1959 ipse
1539 1897 1791 1946 conscivit.
1870 1896 2038 1961 Lycus

360 1976 538 2041 igitur,
585 1974 847 2038 Sicyonem
883 1992 994 2023 cum
1031 1976 1247 2025 exercitu
1283 1976 1566 2040 profectus,
1601 1980 1878 2041 expugnata
1912 1979 2036 2028 urbe

357 2054 725 2117 interfectoque
775 2055 981 2121 Epopeo
1026 2056 1286 2119 Antiopam
1331 2056 1534 2105 abduxit
1569 2058 1828 2120 captivam.
1898 2057 2037 2119 Quae

360 2150 509 2199 quum
545 2135 898 2196 abduceretur,
946 2136 994 2183 in
1027 2136 1227 2195 itinere,
1275 2153 1421 2199 quum
1472 2143 1762 2199 perventum
1806 2142 1942 2185 esset
1974 2135 2036 2184 ad

360 2213 736 2271 Cithaeronem,
772 2213 903 2261 haud
939 2215 1109 2276 procul
1144 2217 1202 2262 ab
1235 2215 1547 2271 Eleutheris,
1583 2217 1778 2277 peperit
1811 2215 2032 2277 geminos

359 2297 411 2342 et
458 2291 641 2339 ibidem
675 2292 893 2354 reliquit.
963 2292 1098 2353 Quos
1144 2294 1363 2340 inventos
1412 2297 1581 2355 pastor
1632 2293 1786 2342 Oenei
1822 2293 2033 2341 Pandio-

357 2373 503 2421 nidae
538 2372 737 2419 domum
775 2372 837 2420 ad
871 2387 1075 2420 uxorem
1110 2371 1222 2419 tulit
1257 2376 1306 2419 et
1338 2386 1430 2435 pro
1466 2372 1566 2418 suis
1593 2370 1928 2435 educavit**),
1965 2372 2034 2421 al-

357 2457 518 2502 terum
555 2451 789 2509 Zethum,
825 2450 1033 2500 alterum
1069 2450 1396 2515 Amphionem
1434 2452 1713 2501 nominans:

941 2566 951 2578 .
1087 2569 1098 2581 .
1395 2527 1560 2595 Οἰνόῃ

489 2607 753 2676 σύγχορτα
786 2607 1074 2673 ναίων***)
1108 2608 1261 2660 πεδία
1293 2611 1408 2669 ταῖς
1440 2611 1484 2659 τ’
1512 2602 1881 2676 Ἐλευθεραῖς·

412 2873 461 2926 ἤ)
494 2871 623 2915 ovid.
656 2873 765 2915 Met.
796 2872 877 2924 vl,
914 2869 1024 2913 1092
1072 2875 1152 2923 „ut
1191 2871 1341 2927 Satyri
1383 2874 1552 2915 celatus
1590 2873 1789 2930 imagine
1827 2876 2033 2929 pulcram

493 2942 692 2997 Iuppiter
719 2942 919 2997 implerit
945 2941 1125 2999 gemino
1143 2941 1359 2997 Nycteida
1391 2943 1559 2985 foetu.''
1602 2944 1657 2987 G.
1678 2944 1902 2987 cedrenus
1918 2947 1953 2987 1.
1976 2946 2031 2988 l.':

497 3009 523 3056 ὁ
557 3010 639 3067 μὲν
660 3009 915 3070 Εὐριπίδης
944 3013 1006 3071 τῷ
1036 3011 1133 3055 ἔθει
1162 3013 1254 3054 τῶν
1284 3014 1489 3068 ποιητῶν
1515 3014 1793 3068 μυθολογῶν
1827 3011 1912 3058 τὸν
1940 3015 2033 3057 Δία

496 3082 639 3136 φησὶν
668 3083 731 3133 εἰς
759 3080 971 3140 Σάτυρον
998 3080 1346 3140 μεταβληθέντα
1374 3082 1460 3139 τὴν
1479 3080 1711 3138 Ἀντιόπην
1740 3086 1951 3142 φθεῖραι,
1985 3082 2033 3138 ἐξ

492 3145 551 3208 ἧς
574 3148 768 3207 Ἀμφίων
806 3153 884 3196 καὶ
917 3154 1073 3208 Ζῆθος
1101 3151 1144 3195 02
1172 3153 1395 3207 μουσικοί.
1454 3154 1675 3197 Malalas:
1723 3150 1748 3196 ὁ
1787 3150 1895 3210 γὰρ
1935 3167 2033 3197 σο-

494 3220 767 3277 φώτατος
796 3218 1132 3280 Εὐριπίδης
1158 3224 1410 3277 ποιητικῶς
1440 3221 1623 3276 ἐξέθετο
1654 3219 1706 3267 τὸ
1738 3223 1916 3279 δρᾶμα,
1956 3238 2030 3266 cc-

491 3296 589 3335 tera
618 3293 834 3337 similiter.

381 3363 458 3417 *ἢ
485 3363 570 3405 Dio
599 3364 827 3419 Chrysost.
859 3376 921 3404 or.
954 3364 1045 3406 XV.
1082 3377 1124 3417 p.
1155 3360 1253 3403 2:37.
1284 3362 1335 3404 B.
1368 3363 1437 3404 ed.
1479 3362 1656 3407 Morell.
1732 3361 1903 3405 Nomen
1944 3375 2027 3418 pa-

496 3434 626 3475 storis
651 3431 849 3490 ’Ogdt‘cov
878 3433 1015 3476 fuisse
1044 3432 1279 3487 perhibent
1308 3433 1533 3474 Cedrenus
1563 3436 1608 3476 et
1635 3432 1846 3475 Malalas.

356 3500 466 3556 mx)
495 3502 679 3560 Fragm.
709 3503 786 3546 IX.
817 3504 851 3545 Ι.
882 3504 939 3546 ΙΙ.
1000 3503 1142 3559 Vulgo
1173 3503 1290 3546 ναίω
1321 3515 1403 3558 pro
1432 3504 1591 3546 ναίων.
