<?xml version="1.0" encoding="UTF-8"?>
<!DOCTYPE html PUBLIC "-//W3C//DTD XHTML 1.0 Transitional//EN"
    "http://www.w3.org/TR/xhtml1/DTD/xhtml1-transitional.dtd">
<html xmlns="http://www.w3.org/1999/xhtml" xml:lang="en" lang="en">
 <head>
  <title>
</title>
<meta http-equiv="Content-Type" content="text/html;charset=utf-8" />
  <meta name='ocr-system' content='tesseract 3.04.00' />
  <meta name='ocr-capabilities' content='ocr_page ocr_carea ocr_par ocr_line ocrx_word'/>
</head>
<body>
  <div class='ocr_page' id='page_1' title='image "./euripidesrestitu02hartuoft_0422.png"; bbox 0 0 2170 3866; ppageno 0'>
   <div class='ocr_carea' id='block_1_1' title="bbox 1113 284 1237 339">
    <p class='ocr_par' dir='ltr' id='par_1_1' title="bbox 1113 284 1237 339">
     <span class='ocr_line' id='line_1_1' title="bbox 1113 284 1237 339; baseline 0.008 -1"><span class='ocrx_word' id='word_1_1' title='bbox 1113 284 1237 339; x_wconf 82' lang='lat'><strong>41⁰</strong></span> 
     </span>
    </p>
   </div>
   <div class='ocr_carea' id='block_1_2' title="bbox 331 425 2002 893">
    <p class='ocr_par' dir='ltr' id='par_1_2' title="bbox 331 425 2002 893">
     <span class='ocr_line' id='line_1_2' title="bbox 335 425 2002 496; baseline 0 -16"><span class='ocrx_word' id='word_1_2' title='bbox 335 429 572 496; x_wconf 84' lang='lat' dir='ltr'><strong>appellari</strong></span> <span class='ocrx_word' id='word_1_3' title='bbox 607 425 910 493; x_wconf 77' lang='grc' dir='ltr'><em>(κάλλιστον</em></span> <span class='ocrx_word' id='word_1_4' title='bbox 933 426 1221 493; x_wconf 79' lang='grc' dir='ltr'><em>κελάδημα)</em></span> <span class='ocrx_word' id='word_1_5' title='bbox 1247 433 1441 478; x_wconf 84' lang='lat' dir='ltr'><strong>ventum</strong></span> <span class='ocrx_word' id='word_1_6' title='bbox 1468 432 1802 494; x_wconf 76' lang='lat' dir='ltr'><strong>navigantibus</strong></span> <span class='ocrx_word' id='word_1_7' title='bbox 1828 433 2002 480; x_wconf 86' lang='lat' dir='ltr'><strong>adver-</strong></span> 
     </span>
     <span class='ocr_line' id='line_1_3' title="bbox 333 509 2002 574; baseline 0 -15"><span class='ocrx_word' id='word_1_8' title='bbox 333 526 471 570; x_wconf 72' lang='lat' dir='ltr'><strong>sum,</strong></span> <span class='ocrx_word' id='word_1_9' title='bbox 507 523 602 571; x_wconf 89' lang='lat' dir='ltr'><strong>quo</strong></span> <span class='ocrx_word' id='word_1_10' title='bbox 636 509 863 557; x_wconf 84' lang='lat' dir='ltr'><strong>obstante</strong></span> <span class='ocrx_word' id='word_1_11' title='bbox 898 525 1093 557; x_wconf 88' lang='lat' dir='ltr'><strong>cursum</strong></span> <span class='ocrx_word' id='word_1_12' title='bbox 1129 515 1300 558; x_wconf 90' lang='lat' dir='ltr'><strong>tenere</strong></span> <span class='ocrx_word' id='word_1_13' title='bbox 1335 511 1459 558; x_wconf 85' lang='lat' dir='ltr'><strong>adeo</strong></span> <span class='ocrx_word' id='word_1_14' title='bbox 1493 527 1588 559; x_wconf 92' lang='lat' dir='ltr'><strong>non</strong></span> <span class='ocrx_word' id='word_1_15' title='bbox 1622 511 1910 574; x_wconf 63' lang='lat' dir='ltr'><strong>potuerint,⁴</strong></span> <span class='ocrx_word' id='word_1_16' title='bbox 1947 517 2002 559; x_wconf 89' lang='lat' dir='ltr'><strong>ut</strong></span> 
     </span>
     <span class='ocr_line' id='line_1_4' title="bbox 331 588 1999 653; baseline 0.001 -16"><span class='ocrx_word' id='word_1_17' title='bbox 331 590 381 637; x_wconf 90' lang='lat' dir='ltr'><strong>in</strong></span> <span class='ocrx_word' id='word_1_18' title='bbox 425 588 534 635; x_wconf 87' lang='lat' dir='ltr'><strong>loca</strong></span> <span class='ocrx_word' id='word_1_19' title='bbox 568 588 861 637; x_wconf 86' lang='lat' dir='ltr'><strong>alienissima</strong></span> <span class='ocrx_word' id='word_1_20' title='bbox 897 588 1225 637; x_wconf 82' lang='lat' dir='ltr'><strong>deferrentur.</strong></span> <span class='ocrx_word' id='word_1_21' title='bbox 1303 590 1393 638; x_wconf 87' lang='lat' dir='ltr'><strong>His</strong></span> <span class='ocrx_word' id='word_1_22' title='bbox 1428 591 1686 653; x_wconf 80' lang='lat' dir='ltr'>perpensis</span> <span class='ocrx_word' id='word_1_23' title='bbox 1721 595 1803 639; x_wconf 87' lang='lat' dir='ltr'><strong>aut</strong></span> <span class='ocrx_word' id='word_1_24' title='bbox 1837 591 1999 640; x_wconf 85' lang='lat' dir='ltr'><strong>faten-</strong></span> 
     </span>
     <span class='ocr_line' id='line_1_5' title="bbox 331 669 2000 734; baseline 0.001 -18"><span class='ocrx_word' id='word_1_25' title='bbox 331 669 446 716; x_wconf 89' lang='lat' dir='ltr'><strong>dum</strong></span> <span class='ocrx_word' id='word_1_26' title='bbox 483 669 577 716; x_wconf 88' lang='lat' dir='ltr'><strong>erit</strong></span> <span class='ocrx_word' id='word_1_27' title='bbox 624 669 880 716; x_wconf 86' lang='lat' dir='ltr'><strong>obscurata</strong></span> <span class='ocrx_word' id='word_1_28' title='bbox 927 684 1039 716; x_wconf 89' lang='lat' dir='ltr'><strong>esse</strong></span> <span class='ocrx_word' id='word_1_29' title='bbox 1072 669 1218 716; x_wconf 84' lang='lat' dir='ltr'><strong>verba</strong></span> <span class='ocrx_word' id='word_1_30' title='bbox 1253 671 1312 717; x_wconf 91' lang='lat' dir='ltr'><strong>ab</strong></span> <span class='ocrx_word' id='word_1_31' title='bbox 1350 669 1615 733; x_wconf 71' lang='lat' dir='ltr'><strong>Euripide,</strong></span> <span class='ocrx_word' id='word_1_32' title='bbox 1659 671 1797 734; x_wconf 85' lang='lat' dir='ltr'><strong>quasi</strong></span> <span class='ocrx_word' id='word_1_33' title='bbox 1832 670 1894 718; x_wconf 87' lang='lat' dir='ltr'><strong>de</strong></span> <span class='ocrx_word' id='word_1_34' title='bbox 1925 671 2000 718; x_wconf 81' lang='lat' dir='ltr'><strong>in-</strong></span> 
     </span>
     <span class='ocr_line' id='line_1_6' title="bbox 331 746 2002 813; baseline 0.002 -18"><span class='ocrx_word' id='word_1_35' title='bbox 331 746 518 795; x_wconf 86' lang='lat' dir='ltr'><strong>dustria</strong></span> <span class='ocrx_word' id='word_1_36' title='bbox 553 747 795 811; x_wconf 88' lang='lat' dir='ltr'><strong>copulatis</strong></span> <span class='ocrx_word' id='word_1_37' title='bbox 829 749 975 796; x_wconf 88' lang='lat' dir='ltr'><strong>rebus</strong></span> <span class='ocrx_word' id='word_1_38' title='bbox 1010 749 1412 813; x_wconf 69' lang='lat' dir='ltr'><strong>repugnantibus,</strong></span> <span class='ocrx_word' id='word_1_39' title='bbox 1448 756 1531 797; x_wconf 88' lang='lat' dir='ltr'><strong>aut</strong></span> <span class='ocrx_word' id='word_1_40' title='bbox 1564 749 1882 812; x_wconf 86' lang='lat' dir='ltr'><strong>relinquenda</strong></span> <span class='ocrx_word' id='word_1_41' title='bbox 1915 766 2002 798; x_wconf 78' lang='lat' dir='ltr'><strong>sua</strong></span> 
     </span>
     <span class='ocr_line' id='line_1_7' title="bbox 331 827 2000 893; baseline 0 -17"><span class='ocrx_word' id='word_1_42' title='bbox 331 828 510 892; x_wconf 90' lang='lat' dir='ltr'><strong>cuique</strong></span> <span class='ocrx_word' id='word_1_43' title='bbox 543 828 779 876; x_wconf 88' lang='lat' dir='ltr'><strong>vocabulo</strong></span> <span class='ocrx_word' id='word_1_44' title='bbox 816 827 888 875; x_wconf 74' lang='lat' dir='ltr'><strong>vis</strong></span> <span class='ocrx_word' id='word_1_45' title='bbox 917 835 968 876; x_wconf 93' lang='lat' dir='ltr'><strong>et</strong></span> <span class='ocrx_word' id='word_1_46' title='bbox 990 829 1282 893; x_wconf 86' lang='lat' dir='ltr'><strong>simpliciter</strong></span> <span class='ocrx_word' id='word_1_47' title='bbox 1309 829 1746 893; x_wconf 81' lang='lat' dir='ltr'><strong>interpretandum,</strong></span> <span class='ocrx_word' id='word_1_48' title='bbox 1782 846 1810 876; x_wconf 90' lang='lat' dir='ltr'><strong>a</strong></span> <span class='ocrx_word' id='word_1_49' title='bbox 1843 828 2000 876; x_wconf 91' lang='lat' dir='ltr'><strong>Poe-</strong></span> 
     </span>
    </p>
   </div>
   <div class='ocr_carea' id='block_1_3' title="bbox 331 907 2073 972">
    <p class='ocr_par' dir='ltr' id='par_1_3' title="bbox 331 907 2073 972">
     <span class='ocr_line' id='line_1_8' title="bbox 331 907 2073 972; baseline -0.001 -15"><span class='ocrx_word' id='word_1_50' title='bbox 331 923 552 957; x_wconf 88' lang='lat' dir='ltr'><strong>norum</strong></span> <span class='ocrx_word' id='word_1_51' title='bbox 589 912 769 956; x_wconf 85' lang='lat' dir='ltr'><strong>terra</strong></span> <span class='ocrx_word' id='word_1_52' title='bbox 805 907 912 954; x_wconf 90' lang='lat' dir='ltr'><strong>illas</strong></span> <span class='ocrx_word' id='word_1_53' title='bbox 948 909 1153 956; x_wconf 85' lang='lat' dir='ltr'><strong>solvisse</strong></span> <span class='ocrx_word' id='word_1_54' title='bbox 1189 915 1238 956; x_wconf 86' lang='lat' dir='ltr'><strong>et</strong></span> <span class='ocrx_word' id='word_1_55' title='bbox 1264 908 1477 956; x_wconf 88' lang='lat' dir='ltr'><strong>Siciliam</strong></span> <span class='ocrx_word' id='word_1_56' title='bbox 1511 916 1875 972; x_wconf 79' lang='lat' dir='ltr'><strong>praetervectas</strong></span> <span class='ocrx_word' id='word_1_57' title='bbox 1909 924 2000 972; x_wconf 86' lang='lat' dir='ltr'><strong>per</strong></span> <span class='ocrx_word' id='word_1_58' title='bbox 2067 931 2073 934; x_wconf 90' lang='lat'>·</span> 
     </span>
    </p>
   </div>
   <div class='ocr_carea' id='block_1_4' title="bbox 324 987 2053 3290">
    <p class='ocr_par' dir='ltr' id='par_1_4' title="bbox 325 987 2053 1930">
     <span class='ocr_line' id='line_1_9' title="bbox 329 987 2002 1049; baseline 0 -14"><span class='ocrx_word' id='word_1_59' title='bbox 329 987 517 1036; x_wconf 82' lang='lat' dir='ltr'><strong>Ionium</strong></span> <span class='ocrx_word' id='word_1_60' title='bbox 564 1003 699 1034; x_wconf 87' lang='lat' dir='ltr'><strong>mare</strong></span> <span class='ocrx_word' id='word_1_61' title='bbox 745 988 962 1035; x_wconf 87' lang='lat' dir='ltr'><strong>secundo</strong></span> <span class='ocrx_word' id='word_1_62' title='bbox 1008 995 1154 1035; x_wconf 87' lang='lat' dir='ltr'><strong>vento</strong></span> <span class='ocrx_word' id='word_1_63' title='bbox 1193 987 1403 1035; x_wconf 85' lang='lat' dir='ltr'><strong>Favonio</strong></span> <span class='ocrx_word' id='word_1_64' title='bbox 1450 989 1498 1037; x_wconf 89' lang='lat' dir='ltr'><strong>in</strong></span> <span class='ocrx_word' id='word_1_65' title='bbox 1546 988 1804 1037; x_wconf 81' lang='lat' dir='ltr'><strong>Graeciam</strong></span> <span class='ocrx_word' id='word_1_66' title='bbox 1852 994 2002 1049; x_wconf 87' lang='lat' dir='ltr'><strong>atque</strong></span> 
     </span>
     <span class='ocr_line' id='line_1_10' title="bbox 330 1063 1999 1116; baseline 0.001 -1"><span class='ocrx_word' id='word_1_67' title='bbox 330 1066 531 1115; x_wconf 84' lang='lat' dir='ltr'><strong>Thebas</strong></span> <span class='ocrx_word' id='word_1_68' title='bbox 565 1067 754 1115; x_wconf 89' lang='lat' dir='ltr'><strong>delatas</strong></span> <span class='ocrx_word' id='word_1_69' title='bbox 789 1082 916 1114; x_wconf 88' lang='lat' dir='ltr'><strong>esse.</strong></span> <span class='ocrx_word' id='word_1_70' title='bbox 969 1066 1174 1114; x_wconf 88' lang='lat' dir='ltr'><strong>Poeni</strong></span> <span class='ocrx_word' id='word_1_71' title='bbox 1207 1073 1369 1114; x_wconf 88' lang='lat' dir='ltr'><strong>autem</strong></span> <span class='ocrx_word' id='word_1_72' title='bbox 1398 1068 1589 1116; x_wconf 86' lang='lat' dir='ltr'><strong>Graeco</strong></span> <span class='ocrx_word' id='word_1_73' title='bbox 1615 1084 1841 1116; x_wconf 82' lang='lat' dir='ltr'><strong>sermone</strong></span> <span class='ocrx_word' id='word_1_74' title='bbox 1874 1063 1999 1116; x_wconf 91' lang='grc' dir='ltr'><em>Φοί-</em></span> 
     </span>
     <span class='ocr_line' id='line_1_11' title="bbox 328 1144 1999 1206; baseline -0.001 -9"><span class='ocrx_word' id='word_1_75' title='bbox 328 1161 471 1205; x_wconf 84' lang='grc' dir='ltr'><em>νικες</em></span> <span class='ocrx_word' id='word_1_76' title='bbox 516 1153 628 1195; x_wconf 88' lang='lat' dir='ltr'><strong>suut</strong></span> <span class='ocrx_word' id='word_1_77' title='bbox 663 1152 712 1194; x_wconf 91' lang='lat' dir='ltr'><strong>et</strong></span> <span class='ocrx_word' id='word_1_78' title='bbox 746 1151 879 1194; x_wconf 84' lang='lat' dir='ltr'><strong>terra</strong></span> <span class='ocrx_word' id='word_1_79' title='bbox 913 1162 1085 1194; x_wconf 91' lang='lat' dir='ltr'><strong>eorum</strong></span> <span class='ocrx_word' id='word_1_80' title='bbox 1126 1144 1384 1196; x_wconf 79' lang='grc' dir='ltr'><em>Φοίνισσα</em></span> <span class='ocrx_word' id='word_1_81' title='bbox 1398 1145 1476 1206; x_wconf 87' lang='grc'><strong>*);</strong></span> <span class='ocrx_word' id='word_1_82' title='bbox 1521 1149 1671 1196; x_wconf 89' lang='lat' dir='ltr'><strong>iidem</strong></span> <span class='ocrx_word' id='word_1_83' title='bbox 1707 1148 1904 1196; x_wconf 89' lang='lat' dir='ltr'><strong>nomine</strong></span> <span class='ocrx_word' id='word_1_84' title='bbox 1938 1148 1999 1195; x_wconf 89' lang='lat' dir='ltr'><strong>ab</strong></span> 
     </span>
     <span class='ocr_line' id='line_1_12' title="bbox 327 1226 2000 1292; baseline 0 -17"><span class='ocrx_word' id='word_1_85' title='bbox 327 1227 611 1275; x_wconf 87' lang='lat' dir='ltr'><strong>auctoribus</strong></span> <span class='ocrx_word' id='word_1_86' title='bbox 665 1226 826 1287; x_wconf 83' lang='lat' dir='ltr'><strong>gentis</strong></span> <span class='ocrx_word' id='word_1_87' title='bbox 877 1226 1025 1274; x_wconf 89' lang='lat' dir='ltr'><strong>ducto</strong></span> <span class='ocrx_word' id='word_1_88' title='bbox 1078 1226 1268 1288; x_wconf 81' lang='grc' dir='ltr'><em>Τύριοι</em></span> <span class='ocrx_word' id='word_1_89' title='bbox 1325 1228 1561 1292; x_wconf 86' lang='lat' dir='ltr'><strong>appellari</strong></span> <span class='ocrx_word' id='word_1_90' title='bbox 1621 1232 1889 1292; x_wconf 87' lang='lat' dir='ltr'><strong>potuerunt</strong></span> <span class='ocrx_word' id='word_1_91' title='bbox 1931 1232 2000 1275; x_wconf 53' lang='lat' dir='ltr'><strong>fet</strong></span> 
     </span>
     <span class='ocr_line' id='line_1_13' title="bbox 333 1298 2000 1370; baseline -0.002 -13"><span class='ocrx_word' id='word_1_92' title='bbox 333 1307 533 1370; x_wconf 83' lang='grc' dir='ltr'><strong><em>Τύριον</em></strong></span> <span class='ocrx_word' id='word_1_93' title='bbox 566 1298 728 1367; x_wconf 84' lang='grc' dir='ltr'><em>οἶδμα</em></span> <span class='ocrx_word' id='word_1_94' title='bbox 763 1321 898 1353; x_wconf 90' lang='lat' dir='ltr'><strong>mare</strong></span> <span class='ocrx_word' id='word_1_95' title='bbox 934 1305 1217 1370; x_wconf 82' lang='lat' dir='ltr'>Carthagini</span> <span class='ocrx_word' id='word_1_96' title='bbox 1250 1308 1478 1355; x_wconf 87' lang='lat' dir='ltr'><strong>vicinum.</strong></span> <span class='ocrx_word' id='word_1_97' title='bbox 1546 1308 1683 1369; x_wconf 74' lang='lat' dir='ltr'><strong>Quae</strong></span> <span class='ocrx_word' id='word_1_98' title='bbox 1714 1308 1832 1356; x_wconf 89' lang='lat' dir='ltr'><strong>urbs</strong></span> <span class='ocrx_word' id='word_1_99' title='bbox 1866 1311 1920 1354; x_wconf 90' lang='lat' dir='ltr'><strong>ut</strong></span> <span class='ocrx_word' id='word_1_100' title='bbox 1950 1306 2000 1354; x_wconf 87' lang='lat' dir='ltr'><strong>in</strong></span> 
     </span>
     <span class='ocr_line' id='line_1_14' title="bbox 326 1386 2053 1452; baseline -0.002 -16"><span class='ocrx_word' id='word_1_101' title='bbox 326 1388 487 1436; x_wconf 89' lang='lat' dir='ltr'><strong>insula</strong></span> <span class='ocrx_word' id='word_1_102' title='bbox 531 1387 624 1434; x_wconf 88' lang='lat' dir='ltr'><strong>sita</strong></span> <span class='ocrx_word' id='word_1_103' title='bbox 657 1392 942 1450; x_wconf 84' lang='lat' dir='ltr'><strong>putaretur,</strong></span> <span class='ocrx_word' id='word_1_104' title='bbox 991 1386 1082 1432; x_wconf 85' lang='lat' dir='ltr'><strong>nisi</strong></span> <span class='ocrx_word' id='word_1_105' title='bbox 1117 1386 1249 1434; x_wconf 83' lang='lat' dir='ltr'><strong>forte</strong></span> <span class='ocrx_word' id='word_1_106' title='bbox 1283 1388 1446 1452; x_wconf 84' lang='grc' dir='ltr'><em>νῆσος</em></span> <span class='ocrx_word' id='word_1_107' title='bbox 1481 1387 1826 1450; x_wconf 57' lang='lat' dir='ltr'><strong>paeninsulam&gt;</strong></span> <span class='ocrx_word' id='word_1_108' title='bbox 1847 1386 1998 1450; x_wconf 81' lang='lat' dir='ltr'><strong>signi-</strong></span> <span class='ocrx_word' id='word_1_109' title='bbox 2047 1436 2053 1452; x_wconf 31' lang='grc' dir='ltr'><strong>ι</strong></span> 
     </span>
     <span class='ocr_line' id='line_1_15' title="bbox 325 1464 1998 1528; baseline -0.002 -12"><span class='ocrx_word' id='word_1_110' title='bbox 325 1468 456 1526; x_wconf 71' lang='lat' dir='ltr'><strong>ficat,</strong></span> <span class='ocrx_word' id='word_1_111' title='bbox 490 1466 675 1528; x_wconf 80' lang='lat' dir='ltr'><strong>vulgari</strong></span> <span class='ocrx_word' id='word_1_112' title='bbox 709 1481 878 1514; x_wconf 90' lang='lat' dir='ltr'><strong>errore</strong></span> <span class='ocrx_word' id='word_1_113' title='bbox 913 1464 1096 1513; x_wconf 88' lang='lat' dir='ltr'><strong>factum</strong></span> <span class='ocrx_word' id='word_1_114' title='bbox 1130 1466 1342 1515; x_wconf 78' lang='lat' dir='ltr'><strong>videtur.</strong></span> <span class='ocrx_word' id='word_1_115' title='bbox 1412 1466 1488 1514; x_wconf 85' lang='lat' dir='ltr'><strong>Ex</strong></span> <span class='ocrx_word' id='word_1_116' title='bbox 1515 1466 1650 1514; x_wconf 87' lang='lat' dir='ltr'><strong>Ionio</strong></span> <span class='ocrx_word' id='word_1_117' title='bbox 1681 1472 1846 1513; x_wconf 87' lang='lat' dir='ltr'><strong>autem</strong></span> <span class='ocrx_word' id='word_1_118' title='bbox 1876 1466 1998 1513; x_wconf 88' lang='lat' dir='ltr'><strong>mari</strong></span> 
     </span>
     <span class='ocr_line' id='line_1_16' title="bbox 325 1546 1997 1612; baseline -0.001 -17"><span class='ocrx_word' id='word_1_119' title='bbox 325 1563 418 1612; x_wconf 86' lang='lat' dir='ltr'><strong>per</strong></span> <span class='ocrx_word' id='word_1_120' title='bbox 453 1547 610 1594; x_wconf 90' lang='lat' dir='ltr'><strong>sinum</strong></span> <span class='ocrx_word' id='word_1_121' title='bbox 650 1546 960 1606; x_wconf 88' lang='lat' dir='ltr'><strong>Crissaeum,</strong></span> <span class='ocrx_word' id='word_1_122' title='bbox 1013 1551 1147 1608; x_wconf 79' lang='lat' dir='ltr'><strong>puto,</strong></span> <span class='ocrx_word' id='word_1_123' title='bbox 1188 1554 1355 1593; x_wconf 88' lang='lat' dir='ltr'><strong>vectae</strong></span> <span class='ocrx_word' id='word_1_124' title='bbox 1389 1547 1598 1609; x_wconf 79' lang='lat' dir='ltr'><strong>virgines</strong></span> <span class='ocrx_word' id='word_1_125' title='bbox 1633 1561 1727 1592; x_wconf 93' lang='lat' dir='ltr'><strong>non</strong></span> <span class='ocrx_word' id='word_1_126' title='bbox 1763 1551 1997 1609; x_wconf 84' lang='lat' dir='ltr'><strong>protenus</strong></span> 
     </span>
     <span class='ocr_line' id='line_1_17' title="bbox 325 1625 1996 1692; baseline -0.001 -16"><span class='ocrx_word' id='word_1_127' title='bbox 325 1627 547 1692; x_wconf 84' lang='lat' dir='ltr'><strong>Delphos</strong></span> <span class='ocrx_word' id='word_1_128' title='bbox 583 1641 637 1673; x_wconf 85' lang='lat' dir='ltr'><strong>se</strong></span> <span class='ocrx_word' id='word_1_129' title='bbox 673 1626 994 1685; x_wconf 74' lang='lat' dir='ltr'><strong>contulerant,</strong></span> <span class='ocrx_word' id='word_1_130' title='bbox 1027 1626 1163 1689; x_wconf 84' lang='lat' dir='ltr'><strong>prius</strong></span> <span class='ocrx_word' id='word_1_131' title='bbox 1192 1626 1482 1674; x_wconf 87' lang='lat' dir='ltr'><strong>Thebanum</strong></span> <span class='ocrx_word' id='word_1_132' title='bbox 1519 1625 1754 1689; x_wconf 87' lang='lat' dir='ltr'><strong>populum</strong></span> <span class='ocrx_word' id='word_1_133' title='bbox 1791 1641 1996 1674; x_wconf 88' lang='lat' dir='ltr'><strong>consan-</strong></span> 
     </span>
     <span class='ocr_line' id='line_1_18' title="bbox 325 1704 1996 1771; baseline -0.002 -16"><span class='ocrx_word' id='word_1_134' title='bbox 325 1708 553 1771; x_wconf 84' lang='lat' dir='ltr'><strong>guineum</strong></span> <span class='ocrx_word' id='word_1_135' title='bbox 607 1706 743 1752; x_wconf 89' lang='lat' dir='ltr'><strong>adire</strong></span> <span class='ocrx_word' id='word_1_136' title='bbox 791 1706 981 1764; x_wconf 75' lang='lat' dir='ltr'><strong>iussae,</strong></span> <span class='ocrx_word' id='word_1_137' title='bbox 1033 1713 1084 1753; x_wconf 89' lang='lat' dir='ltr'><strong>nt</strong></span> <span class='ocrx_word' id='word_1_138' title='bbox 1135 1722 1225 1769; x_wconf 89' lang='lat' dir='ltr'><strong>per</strong></span> <span class='ocrx_word' id='word_1_139' title='bbox 1257 1706 1403 1753; x_wconf 91' lang='lat' dir='ltr'><strong>huius</strong></span> <span class='ocrx_word' id='word_1_140' title='bbox 1439 1705 1647 1753; x_wconf 81' lang='lat' dir='ltr'><strong>civitatis</strong></span> <span class='ocrx_word' id='word_1_141' title='bbox 1682 1704 1867 1769; x_wconf 80' lang='lat' dir='ltr'><strong>legatos</strong></span> <span class='ocrx_word' id='word_1_142' title='bbox 1902 1705 1996 1753; x_wconf 90' lang='lat' dir='ltr'><strong>deo</strong></span> 
     </span>
     <span class='ocr_line' id='line_1_19' title="bbox 326 1785 1998 1849; baseline -0.001 -13"><span class='ocrx_word' id='word_1_143' title='bbox 326 1787 537 1836; x_wconf 78' lang='lat' dir='ltr'><strong>traditae</strong></span> <span class='ocrx_word' id='word_1_144' title='bbox 583 1792 732 1848; x_wconf 82' lang='lat' dir='ltr'><strong>atque</strong></span> <span class='ocrx_word' id='word_1_145' title='bbox 782 1786 1154 1833; x_wconf 80' lang='lat' dir='ltr'><strong>commendatae</strong></span> <span class='ocrx_word' id='word_1_146' title='bbox 1200 1802 1296 1834; x_wconf 90' lang='lat' dir='ltr'><strong>non</strong></span> <span class='ocrx_word' id='word_1_147' title='bbox 1333 1786 1619 1849; x_wconf 80' lang='lat' dir='ltr'><strong>peregrinae</strong></span> <span class='ocrx_word' id='word_1_148' title='bbox 1651 1785 1728 1832; x_wconf 90' lang='lat' dir='ltr'><strong>vel</strong></span> <span class='ocrx_word' id='word_1_149' title='bbox 1763 1785 1998 1834; x_wconf 87' lang='lat' dir='ltr'><strong>barbarae</strong></span> 
     </span>
     <span class='ocr_line' id='line_1_20' title="bbox 326 1866 1705 1930; baseline -0.004 -14"><span class='ocrx_word' id='word_1_150' title='bbox 326 1883 455 1927; x_wconf 72' lang='lat' dir='ltr'><strong>esne,</strong></span> <span class='ocrx_word' id='word_1_151' title='bbox 491 1866 578 1914; x_wconf 86' lang='lat' dir='ltr'><strong>sed</strong></span> <span class='ocrx_word' id='word_1_152' title='bbox 616 1866 919 1930; x_wconf 85' lang='lat' dir='ltr'><strong>propinquae</strong></span> <span class='ocrx_word' id='word_1_153' title='bbox 955 1874 1101 1927; x_wconf 86' lang='lat' dir='ltr'><strong>atque</strong></span> <span class='ocrx_word' id='word_1_154' title='bbox 1136 1873 1370 1930; x_wconf 79' lang='lat' dir='ltr'><strong>cognatae</strong></span> <span class='ocrx_word' id='word_1_155' title='bbox 1406 1866 1705 1913; x_wconf 88' lang='lat' dir='ltr'><strong>viderentur.</strong></span> 
     </span>
    </p>

    <p class='ocr_par' dir='ltr' id='par_1_5' title="bbox 324 1943 1997 3290">
     <span class='ocr_line' id='line_1_21' title="bbox 454 1943 1996 2008; baseline -0.002 -14"><span class='ocrx_word' id='word_1_156' title='bbox 454 1945 650 1994; x_wconf 90' lang='lat' dir='ltr'><strong>Poenos</strong></span> <span class='ocrx_word' id='word_1_157' title='bbox 683 1945 880 1993; x_wconf 86' lang='lat' dir='ltr'><strong>fabulae</strong></span> <span class='ocrx_word' id='word_1_158' title='bbox 916 1946 1225 1993; x_wconf 81' lang='lat' dir='ltr'><strong>immiscendi</strong></span> <span class='ocrx_word' id='word_1_159' title='bbox 1252 1962 1489 2008; x_wconf 89' lang='lat' dir='ltr'><strong>quaenam</strong></span> <span class='ocrx_word' id='word_1_160' title='bbox 1510 1961 1681 1993; x_wconf 83' lang='lat' dir='ltr'><strong>caussa</strong></span> <span class='ocrx_word' id='word_1_161' title='bbox 1707 1943 1870 2002; x_wconf 77' lang='lat' dir='ltr'><strong>fuerit,</strong></span> <span class='ocrx_word' id='word_1_162' title='bbox 1907 1959 1996 2007; x_wconf 87' lang='lat' dir='ltr'><strong>po-</strong></span> 
     </span>
     <span class='ocr_line' id='line_1_22' title="bbox 325 2025 1997 2090; baseline -0.003 -14"><span class='ocrx_word' id='word_1_163' title='bbox 325 2027 447 2077; x_wconf 82' lang='lat' dir='ltr'><strong>teris</strong></span> <span class='ocrx_word' id='word_1_164' title='bbox 482 2042 542 2074; x_wconf 85' lang='lat' dir='ltr'><strong>ex</strong></span> <span class='ocrx_word' id='word_1_165' title='bbox 573 2025 902 2090; x_wconf 84' lang='lat' dir='ltr'><strong>Xenophonte</strong></span> <span class='ocrx_word' id='word_1_166' title='bbox 950 2025 1212 2087; x_wconf 78' lang='lat' dir='ltr'><strong>colligere,</strong></span> <span class='ocrx_word' id='word_1_167' title='bbox 1262 2027 1373 2088; x_wconf 75' lang='lat' dir='ltr'><strong>qui,</strong></span> <span class='ocrx_word' id='word_1_168' title='bbox 1423 2025 1660 2088; x_wconf 86' lang='lat' dir='ltr'><strong>expositis</strong></span> <span class='ocrx_word' id='word_1_169' title='bbox 1710 2025 1860 2072; x_wconf 85' lang='lat' dir='ltr'><strong>rebus</strong></span> <span class='ocrx_word' id='word_1_170' title='bbox 1908 2039 1997 2087; x_wconf 88' lang='lat' dir='ltr'><strong>per</strong></span> 
     </span>
     <span class='ocr_line' id='line_1_23' title="bbox 324 2099 1995 2169; baseline -0.004 -12"><span class='ocrx_word' id='word_1_171' title='bbox 324 2108 410 2158; x_wconf 88' lang='lat' dir='ltr'><strong>illa</strong></span> <span class='ocrx_word' id='word_1_172' title='bbox 444 2111 668 2169; x_wconf 88' lang='lat' dir='ltr'><strong>tempora</strong></span> <span class='ocrx_word' id='word_1_173' title='bbox 704 2106 876 2169; x_wconf 80' lang='lat' dir='ltr'><strong>gestis,</strong></span> <span class='ocrx_word' id='word_1_174' title='bbox 911 2106 1097 2152; x_wconf 86' lang='lat' dir='ltr'><strong>haecce</strong></span> <span class='ocrx_word' id='word_1_175' title='bbox 1131 2105 1328 2152; x_wconf 87' lang='lat' dir='ltr'><strong>subdit:</strong></span> <span class='ocrx_word' id='word_1_176' title='bbox 1364 2100 1507 2154; x_wconf 83' lang='grc' dir='ltr'><em>καὶὸ</em></span> <span class='ocrx_word' id='word_1_177' title='bbox 1532 2101 1772 2162; x_wconf 81' lang='grc' dir='ltr'><em>ἐνιαυτὸς</em></span> <span class='ocrx_word' id='word_1_178' title='bbox 1798 2099 1995 2168; x_wconf 80' lang='grc' dir='ltr'><em>ἔληγεν,</em></span> 
     </span>
     <span class='ocr_line' id='line_1_24' title="bbox 325 2175 1995 2251; baseline -0.002 -16"><span class='ocrx_word' id='word_1_179' title='bbox 325 2184 385 2238; x_wconf 78' lang='grc' dir='ltr'><strong>ἐν</strong></span> <span class='ocrx_word' id='word_1_180' title='bbox 419 2175 461 2251; x_wconf 78' lang='grc' dir='ltr'><em>ᾧ</em></span> <span class='ocrx_word' id='word_1_181' title='bbox 497 2183 854 2249; x_wconf 84' lang='grc' dir='ltr'><strong>Καρχηδόνιοι</strong></span> <span class='ocrx_word' id='word_1_182' title='bbox 878 2176 1095 2247; x_wconf 85' lang='grc' dir='ltr'><em>Ἀννίβα</em></span> <span class='ocrx_word' id='word_1_183' title='bbox 1128 2182 1433 2249; x_wconf 78' lang='grc' dir='ltr'><em>ἡγουμένου</em></span> <span class='ocrx_word' id='word_1_184' title='bbox 1475 2183 1882 2248; x_wconf 81' lang='grc' dir='ltr'><em>στρατεύσαντες</em></span> <span class='ocrx_word' id='word_1_185' title='bbox 1915 2180 1995 2232; x_wconf 79' lang='grc' dir='ltr'><strong>ἐπὶ</strong></span> 
     </span>
     <span class='ocr_line' id='line_1_25' title="bbox 328 2260 1995 2327; baseline -0.004 -10"><span class='ocrx_word' id='word_1_186' title='bbox 328 2264 574 2318; x_wconf 84' lang='grc' dir='ltr'><em>Σικελίαν</em></span> <span class='ocrx_word' id='word_1_187' title='bbox 618 2262 744 2314; x_wconf 85' lang='grc' dir='ltr'><em>δέκα</em></span> <span class='ocrx_word' id='word_1_188' title='bbox 790 2264 1006 2325; x_wconf 81' lang='grc' dir='ltr'><em>μυριάσι</em></span> <span class='ocrx_word' id='word_1_189' title='bbox 1056 2269 1296 2327; x_wconf 75' lang='grc' dir='ltr'><em>στρατιᾶς</em></span> <span class='ocrx_word' id='word_1_190' title='bbox 1331 2263 1576 2327; x_wconf 79' lang='grc' dir='ltr'><em>αἱροῦσιν</em></span> <span class='ocrx_word' id='word_1_191' title='bbox 1608 2260 1665 2311; x_wconf 81' lang='grc' dir='ltr'><strong>ἐν</strong></span> <span class='ocrx_word' id='word_1_192' title='bbox 1698 2261 1835 2325; x_wconf 85' lang='grc' dir='ltr'><em>τρισὶ</em></span> <span class='ocrx_word' id='word_1_193' title='bbox 1867 2260 1995 2327; x_wconf 78' lang='grc' dir='ltr'><em>μησὶ</em></span> 
     </span>
     <span class='ocr_line' id='line_1_26' title="bbox 327 2333 1994 2408; baseline -0.005 -9"><span class='ocrx_word' id='word_1_194' title='bbox 327 2347 427 2399; x_wconf 87' lang='grc' dir='ltr'><strong>δύο</strong></span> <span class='ocrx_word' id='word_1_195' title='bbox 468 2345 642 2404; x_wconf 82' lang='grc' dir='ltr'><em>πόλεις</em></span> <span class='ocrx_word' id='word_1_196' title='bbox 675 2337 1008 2408; x_wconf 85' lang='grc' dir='ltr'><em>Ἑλληνίδας,</em></span> <span class='ocrx_word' id='word_1_197' title='bbox 1061 2344 1391 2392; x_wconf 78' lang='grc' dir='ltr'><em>Σελινοῦντα</em></span> <span class='ocrx_word' id='word_1_198' title='bbox 1437 2340 1524 2392; x_wconf 87' lang='grc' dir='ltr'><em>καὶ</em></span> <span class='ocrx_word' id='word_1_199' title='bbox 1563 2333 1783 2406; x_wconf 82' lang='grc' dir='ltr'><em>Ἱμέραν.</em></span> <span class='ocrx_word' id='word_1_200' title='bbox 1867 2342 1994 2391; x_wconf 86' lang='lat' dir='ltr'><strong>Vide</strong></span> 
     </span>
     <span class='ocr_line' id='line_1_27' title="bbox 327 2423 1993 2487; baseline -0.005 -9"><span class='ocrx_word' id='word_1_201' title='bbox 327 2430 597 2479; x_wconf 86' lang='lat' dir='ltr'><strong>Diodorum</strong></span> <span class='ocrx_word' id='word_1_202' title='bbox 634 2426 731 2473; x_wconf 87' lang='lat' dir='ltr'><strong>Sic.</strong></span> <span class='ocrx_word' id='word_1_203' title='bbox 775 2426 837 2472; x_wconf 89' lang='lat' dir='ltr'><strong>de</strong></span> <span class='ocrx_word' id='word_1_204' title='bbox 882 2425 1059 2471; x_wconf 90' lang='lat' dir='ltr'><strong>iisdem</strong></span> <span class='ocrx_word' id='word_1_205' title='bbox 1093 2424 1239 2471; x_wconf 86' lang='lat' dir='ltr'><strong>rebus</strong></span> <span class='ocrx_word' id='word_1_206' title='bbox 1276 2425 1471 2472; x_wconf 87' lang='lat' dir='ltr'><strong>uberius</strong></span> <span class='ocrx_word' id='word_1_207' title='bbox 1507 2427 1832 2487; x_wconf 86' lang='lat' dir='ltr'><strong>exponentem</strong></span> <span class='ocrx_word' id='word_1_208' title='bbox 1866 2423 1993 2483; x_wconf 79' lang='lat' dir='ltr'><strong>Xlll,</strong></span> 
     </span>
     <span class='ocr_line' id='line_1_28' title="bbox 326 2503 1995 2558; baseline -0.004 0"><span class='ocrx_word' id='word_1_209' title='bbox 326 2510 567 2558; x_wconf 80' lang='lat'>43—44.</span> <span class='ocrx_word' id='word_1_210' title='bbox 604 2513 654 2554; x_wconf 87' lang='lat' dir='ltr'><strong>et</strong></span> <span class='ocrx_word' id='word_1_211' title='bbox 687 2506 918 2553; x_wconf 79' lang='lat'>54-62,</span> <span class='ocrx_word' id='word_1_212' title='bbox 967 2503 1349 2552; x_wconf 87' lang='lat' dir='ltr'><strong>Atheniensibus</strong></span> <span class='ocrx_word' id='word_1_213' title='bbox 1399 2505 1445 2551; x_wconf 90' lang='lat' dir='ltr'><strong>in</strong></span> <span class='ocrx_word' id='word_1_214' title='bbox 1482 2503 1646 2550; x_wconf 86' lang='lat' dir='ltr'><strong>Sicilia</strong></span> <span class='ocrx_word' id='word_1_215' title='bbox 1684 2504 1742 2550; x_wconf 90' lang='lat' dir='ltr'><strong>ad</strong></span> <span class='ocrx_word' id='word_1_216' title='bbox 1779 2505 1995 2552; x_wconf 88' lang='lat' dir='ltr'><strong>interne-</strong></span> 
     </span>
     <span class='ocr_line' id='line_1_29' title="bbox 328 2581 1994 2646; baseline -0.005 -8"><span class='ocrx_word' id='word_1_217' title='bbox 328 2591 518 2639; x_wconf 89' lang='lat' dir='ltr'><strong>cionem</strong></span> <span class='ocrx_word' id='word_1_218' title='bbox 556 2586 788 2645; x_wconf 84' lang='lat' dir='ltr'><strong>redactis,</strong></span> <span class='ocrx_word' id='word_1_219' title='bbox 824 2589 1167 2632; x_wconf 82' lang='lat' dir='ltr'><strong>successerant</strong></span> <span class='ocrx_word' id='word_1_220' title='bbox 1202 2583 1368 2642; x_wconf 76' lang='lat' dir='ltr'><strong>Poeni,</strong></span> <span class='ocrx_word' id='word_1_221' title='bbox 1403 2591 1451 2631; x_wconf 89' lang='lat' dir='ltr'><strong>et</strong></span> <span class='ocrx_word' id='word_1_222' title='bbox 1485 2583 1580 2646; x_wconf 88' lang='lat' dir='ltr'><strong>ipsi</strong></span> <span class='ocrx_word' id='word_1_223' title='bbox 1615 2583 1674 2629; x_wconf 86' lang='lat' dir='ltr'><strong>ab</strong></span> <span class='ocrx_word' id='word_1_224' title='bbox 1710 2581 1994 2644; x_wconf 82' lang='lat' dir='ltr'><strong>Segestanis</strong></span> 
     </span>
     <span class='ocr_line' id='line_1_30' title="bbox 328 2662 1994 2726; baseline -0.005 -8"><span class='ocrx_word' id='word_1_225' title='bbox 328 2676 497 2719; x_wconf 89' lang='lat' dir='ltr'><strong>contra</strong></span> <span class='ocrx_word' id='word_1_226' title='bbox 533 2665 831 2714; x_wconf 86' lang='lat' dir='ltr'><strong>Selinuntios</strong></span> <span class='ocrx_word' id='word_1_227' title='bbox 877 2665 1125 2725; x_wconf 86' lang='lat' dir='ltr'><strong>arcessiti,</strong></span> <span class='ocrx_word' id='word_1_228' title='bbox 1174 2663 1305 2726; x_wconf 88' lang='lat' dir='ltr'><strong>iique</strong></span> <span class='ocrx_word' id='word_1_229' title='bbox 1339 2670 1541 2720; x_wconf 77' lang='lat' dir='ltr'><strong>conata,</strong></span> <span class='ocrx_word' id='word_1_230' title='bbox 1590 2678 1650 2710; x_wconf 87' lang='lat' dir='ltr'><strong>ex</strong></span> <span class='ocrx_word' id='word_1_231' title='bbox 1698 2663 1874 2725; x_wconf 88' lang='lat' dir='ltr'><strong>quibus</strong></span> <span class='ocrx_word' id='word_1_232' title='bbox 1923 2662 1994 2709; x_wconf 92' lang='lat' dir='ltr'><strong>illi</strong></span> 
     </span>
     <span class='ocr_line' id='line_1_31' title="bbox 330 2742 1995 2807; baseline -0.006 -9"><span class='ocrx_word' id='word_1_233' title='bbox 330 2748 632 2804; x_wconf 84' lang='lat' dir='ltr'><strong>exciderant,</strong></span> <span class='ocrx_word' id='word_1_234' title='bbox 659 2745 863 2793; x_wconf 88' lang='lat' dir='ltr'><strong>meliore</strong></span> <span class='ocrx_word' id='word_1_235' title='bbox 889 2759 1122 2791; x_wconf 83' lang='lat' dir='ltr'><strong>successu</strong></span> <span class='ocrx_word' id='word_1_236' title='bbox 1146 2743 1472 2807; x_wconf 85' lang='lat' dir='ltr'><strong>perfecerant.</strong></span> <span class='ocrx_word' id='word_1_237' title='bbox 1526 2742 1820 2789; x_wconf 86' lang='lat' dir='ltr'><strong>Communes</strong></span> <span class='ocrx_word' id='word_1_238' title='bbox 1846 2742 1995 2806; x_wconf 85' lang='lat' dir='ltr'><strong>igitur</strong></span> 
     </span>
     <span class='ocr_line' id='line_1_32' title="bbox 326 2822 1994 2884; baseline -0.005 -7"><span class='ocrx_word' id='word_1_239' title='bbox 326 2829 480 2878; x_wconf 90' lang='lat' dir='ltr'><strong>Poeni</strong></span> <span class='ocrx_word' id='word_1_240' title='bbox 536 2843 646 2875; x_wconf 90' lang='lat' dir='ltr'><strong>cum</strong></span> <span class='ocrx_word' id='word_1_241' title='bbox 695 2824 1074 2873; x_wconf 88' lang='lat' dir='ltr'><strong>Atheniensibus</strong></span> <span class='ocrx_word' id='word_1_242' title='bbox 1100 2862 1105 2866; x_wconf 81' lang='grc'>.</span> <span class='ocrx_word' id='word_1_243' title='bbox 1131 2822 1298 2869; x_wconf 84' lang='lat' dir='ltr'><strong>hostes</strong></span> <span class='ocrx_word' id='word_1_244' title='bbox 1337 2822 1595 2870; x_wconf 26' lang='lat' dir='ltr'><strong>»habebant</strong></span> <span class='ocrx_word' id='word_1_245' title='bbox 1643 2822 1994 2884; x_wconf 75' lang='lat' dir='ltr'><strong>Syracusanos,</strong></span> 
     </span>
     <span class='ocr_line' id='line_1_33' title="bbox 329 2900 1994 2971; baseline -0.005 -15"><span class='ocrx_word' id='word_1_246' title='bbox 329 2924 537 2971; x_wconf 87' lang='lat' dir='ltr'><strong>quorum</strong></span> <span class='ocrx_word' id='word_1_247' title='bbox 573 2909 679 2954; x_wconf 86' lang='lat' dir='ltr'><strong>erat</strong></span> <span class='ocrx_word' id='word_1_248' title='bbox 728 2904 897 2952; x_wconf 86' lang='lat' dir='ltr'><strong>classis</strong></span> <span class='ocrx_word' id='word_1_249' title='bbox 951 2902 1092 2965; x_wconf 61' lang='lat' dir='ltr'><strong>apud,</strong></span> <span class='ocrx_word' id='word_1_250' title='bbox 1125 2901 1524 2964; x_wconf 84' lang='lat' dir='ltr'><strong>Peloponnesios.</strong></span> <span class='ocrx_word' id='word_1_251' title='bbox 1602 2900 1866 2948; x_wconf 84' lang='lat' dir='ltr'><strong>Praeterea</strong></span> <span class='ocrx_word' id='word_1_252' title='bbox 1914 2901 1994 2948; x_wconf 85' lang='lat' dir='ltr'><strong>illa</strong></span> 
     </span>
     <span class='ocr_line' id='line_1_34' title="bbox 326 2981 1992 3053; baseline -0.004 -17"><span class='ocrx_word' id='word_1_253' title='bbox 326 3004 466 3053; x_wconf 81' lang='lat' dir='ltr'><strong>gens,</strong></span> <span class='ocrx_word' id='word_1_254' title='bbox 502 2987 678 3049; x_wconf 89' lang='lat' dir='ltr'><strong>opibus</strong></span> <span class='ocrx_word' id='word_1_255' title='bbox 714 2983 1052 3045; x_wconf 88' lang='lat' dir='ltr'><strong>classibusque</strong></span> <span class='ocrx_word' id='word_1_256' title='bbox 1084 2981 1290 3044; x_wconf 86' lang='lat' dir='ltr'><strong>pollens,</strong></span> <span class='ocrx_word' id='word_1_257' title='bbox 1329 2981 1534 3029; x_wconf 87' lang='lat' dir='ltr'><strong>foedere</strong></span> <span class='ocrx_word' id='word_1_258' title='bbox 1577 2996 1689 3028; x_wconf 90' lang='lat' dir='ltr'><strong>cum</strong></span> <span class='ocrx_word' id='word_1_259' title='bbox 1722 2981 1992 3031; x_wconf 88' lang='lat' dir='ltr'><strong>Athenien-</strong></span> 
     </span>
     <span class='ocr_line' id='line_1_35' title="bbox 330 3060 1990 3124; baseline -0.005 -9"><span class='ocrx_word' id='word_1_260' title='bbox 330 3068 467 3117; x_wconf 91' lang='lat' dir='ltr'><strong>sibus</strong></span> <span class='ocrx_word' id='word_1_261' title='bbox 502 3065 696 3123; x_wconf 81' lang='lat' dir='ltr'><strong>iuncto,</strong></span> <span class='ocrx_word' id='word_1_262' title='bbox 749 3063 1005 3111; x_wconf 87' lang='lat' dir='ltr'><strong>commoda</strong></span> <span class='ocrx_word' id='word_1_263' title='bbox 1051 3067 1101 3109; x_wconf 83' lang='lat' dir='ltr'><strong>et</strong></span> <span class='ocrx_word' id='word_1_264' title='bbox 1147 3067 1394 3124; x_wconf 82' lang='lat' dir='ltr'><strong>praestare</strong></span> <span class='ocrx_word' id='word_1_265' title='bbox 1440 3068 1490 3108; x_wconf 86' lang='lat' dir='ltr'><strong>et</strong></span> <span class='ocrx_word' id='word_1_266' title='bbox 1523 3060 1748 3123; x_wconf 90' lang='lat' dir='ltr'><strong>accipere</strong></span> <span class='ocrx_word' id='word_1_267' title='bbox 1782 3065 1990 3123; x_wconf 79' lang='lat' dir='ltr'><strong>poterat,</strong></span> 
     </span>
     <span class='ocr_line' id='line_1_36' title="bbox 329 3138 1988 3210; baseline -0.005 -15"><span class='ocrx_word' id='word_1_268' title='bbox 329 3161 490 3210; x_wconf 88' lang='lat' dir='ltr'><strong>neque</strong></span> <span class='ocrx_word' id='word_1_269' title='bbox 547 3144 723 3192; x_wconf 89' lang='lat' dir='ltr'><strong>horum</strong></span> <span class='ocrx_word' id='word_1_270' title='bbox 776 3141 1044 3190; x_wconf 88' lang='lat' dir='ltr'><strong>commodis</strong></span> <span class='ocrx_word' id='word_1_271' title='bbox 1094 3138 1404 3200; x_wconf 76' lang='lat' dir='ltr'><strong>officiebant,</strong></span> <span class='ocrx_word' id='word_1_272' title='bbox 1462 3141 1556 3204; x_wconf 88' lang='lat' dir='ltr'><strong>ipsi</strong></span> <span class='ocrx_word' id='word_1_273' title='bbox 1601 3141 1726 3187; x_wconf 88' lang='lat' dir='ltr'><strong>intra</strong></span> <span class='ocrx_word' id='word_1_274' title='bbox 1773 3138 1988 3187; x_wconf 87' lang='lat' dir='ltr'><strong>Siciliam</strong></span> 
     </span>
     <span class='ocr_line' id='line_1_37' title="bbox 330 3220 1991 3290; baseline -0.007 -14"><span class='ocrx_word' id='word_1_275' title='bbox 330 3225 719 3290; x_wconf 88' lang='lat' dir='ltr'><strong>Hispaniamque</strong></span> <span class='ocrx_word' id='word_1_276' title='bbox 764 3222 1090 3286; x_wconf 81' lang='lat' dir='ltr'><strong>imperantes,</strong></span> <span class='ocrx_word' id='word_1_277' title='bbox 1143 3220 1518 3271; x_wconf 86' lang='lat' dir='ltr'><strong>Atheniensibus</strong></span> <span class='ocrx_word' id='word_1_278' title='bbox 1564 3220 1813 3283; x_wconf 81' lang='lat' dir='ltr'><strong>Aegaeum</strong></span> <span class='ocrx_word' id='word_1_279' title='bbox 1858 3233 1991 3265; x_wconf 88' lang='lat' dir='ltr'><strong>mare</strong></span> 
     </span>
    </p>
   </div>
   <div class='ocr_carea' id='block_1_5' title="bbox 387 3388 1990 3522">
    <p class='ocr_par' dir='ltr' id='par_1_6' title="bbox 387 3388 1990 3522">
     <span class='ocr_line' id='line_1_38' title="bbox 387 3388 1990 3454; baseline -0.008 -11"><span class='ocrx_word' id='word_1_280' title='bbox 387 3401 438 3454; x_wconf 69' lang='lat'><strong>²¹²)</strong></span> <span class='ocrx_word' id='word_1_281' title='bbox 468 3399 538 3442; x_wconf 81' lang='lat' dir='ltr'><strong>Cf.</strong></span> <span class='ocrx_word' id='word_1_282' title='bbox 569 3395 722 3450; x_wconf 84' lang='lat' dir='ltr'><strong>Eurip.</strong></span> <span class='ocrx_word' id='word_1_283' title='bbox 753 3396 918 3438; x_wconf 81' lang='lat' dir='ltr'><strong>Troad.</strong></span> <span class='ocrx_word' id='word_1_284' title='bbox 948 3394 1051 3437; x_wconf 76' lang='lat'><strong>222:</strong></span> <span class='ocrx_word' id='word_1_285' title='bbox 1092 3391 1170 3437; x_wconf 82' lang='grc' dir='ltr'><em>καὶ</em></span> <span class='ocrx_word' id='word_1_286' title='bbox 1196 3388 1283 3437; x_wconf 80' lang='grc' dir='ltr'><strong>τὰν</strong></span> <span class='ocrx_word' id='word_1_287' title='bbox 1312 3393 1529 3437; x_wconf 84' lang='grc' dir='ltr'><em>Αἰτναίαν</em></span> <span class='ocrx_word' id='word_1_288' title='bbox 1552 3390 1803 3446; x_wconf 80' lang='grc' dir='ltr'><em>Ἡφαίστου</em></span> <span class='ocrx_word' id='word_1_289' title='bbox 1837 3389 1990 3432; x_wconf 84' lang='grc' dir='ltr'><em>Φοινί-</em></span> 
     </span>
     <span class='ocr_line' id='line_1_39' title="bbox 470 3460 1357 3522; baseline -0.011 -11"><span class='ocrx_word' id='word_1_290' title='bbox 470 3485 554 3519; x_wconf 83' lang='grc' dir='ltr'><em>κας</em></span> <span class='ocrx_word' id='word_1_291' title='bbox 581 3460 751 3522; x_wconf 70' lang='grc' dir='ltr'><em>ἀντήρη</em></span> <span class='ocrx_word' id='word_1_292' title='bbox 780 3462 945 3521; x_wconf 75' lang='grc' dir='ltr'><em>χώραν.</em></span> <span class='ocrx_word' id='word_1_293' title='bbox 1345 3471 1357 3478; x_wconf 57' lang='grc'><em>“</em></span> 
     </span>
    </p>
   </div>
  </div>
 </body>
</html>
