2170 3866
929 265 1056 324 517

143 414 276 480 ratio
309 415 517 474 eadem,
558 430 688 479 quae
720 413 987 465 Menandri
1020 410 1143 474 fuit,
1181 412 1267 478 qui
1302 412 1672 479 prosopopoeia
1704 414 1849 461 utens

129 489 403 563 '‘Eleyxov,
443 493 632 559 Φόβον
667 502 720 545 et
754 495 861 545 eius
895 494 1093 558 generis
1128 492 1247 541 alias
1278 507 1521 558 personas
1546 493 1610 541 ad
1635 491 1848 541 dicenda

141 578 395 643 prooemia
408 576 691 643 producere
718 574 910 625 solebat
926 591 941 632 3
965 573 1032 624 cf.
1055 572 1294 622 Meineke
1309 572 1441 622 Men.
1457 579 1509 621 et
1522 572 1651 621 Phil.
1666 571 1848 636 fragm.

142 675 194 725 p.
225 659 343 709 284.
412 656 753 720 Quamobrem
799 670 953 718 quum
989 668 1151 716 neque
1185 653 1246 700 ab
1282 652 1531 718 imperitia
1565 651 1689 700 illud
1725 667 1849 717 poe-

142 743 226 788 tae
259 738 541 787 institutum
563 752 728 800 neque
762 737 823 784 ab
849 734 1030 783 inertia
1062 732 1347 798 profectum
1372 737 1525 792 esset,
1562 732 1653 781 sed
1679 733 1847 798 potius

142 835 172 868 a
203 817 468 884 prudentia
490 822 641 881 atque
659 815 939 881 diligentia,
973 828 1071 863 non
1090 818 1200 863 erat
1235 814 1366 878 quod
1399 827 1615 877 unquam
1655 829 1684 860 a
1705 828 1849 862 more

143 902 383 948 consueto
410 896 681 962 Euripides
716 896 1007 955 recederet3
1044 899 1099 943 et
1133 894 1176 943 si
1208 893 1289 943 vel
1322 894 1538 942 maxime
1569 893 1621 943 in
1649 894 1746 943 hac
1769 893 1847 942 fa-

142 978 261 1028 bula
294 977 537 1027 recedere
566 976 858 1043 placuisset,
894 974 1151 1023 omisisset
1175 974 1507 1040 prooemium,
1541 990 1637 1023 non
1663 973 1714 1022 in
1740 990 1848 1023 me-

142 1059 279 1109 dium
326 1057 625 1122 colloquium
660 1064 854 1106 temere
900 1055 1208 1116 intrusisset,
1260 1071 1423 1118 neque
1474 1055 1688 1104 absurda
1723 1054 1847 1103 mix-

142 1139 279 1188 tione
329 1137 540 1188 alteram
575 1140 770 1203 partem
807 1136 857 1184 in
894 1135 1102 1184 alteram
1150 1135 1519 1199 discrepantem
1569 1135 1845 1185 abhorren-

142 1223 346 1284 temque
404 1218 692 1282 importune
747 1214 1015 1266 inserendo
1072 1216 1379 1280 corrupisset
1423 1218 1704 1280 utramque.
1781 1215 1848 1265 At

142 1314 391 1363 nunquam
426 1297 719 1361 Euripidem
756 1296 976 1345 instituti
1012 1295 1090 1343 sui
1120 1295 1395 1359 poenituit,
1442 1304 1692 1359 nunquam
1730 1309 1847 1359 pro-

141 1379 314 1427 oemiis
362 1378 588 1426 dramata
630 1377 886 1424 instruere
932 1375 1118 1424 omisit.
1196 1374 1508 1424 Documento
1554 1379 1632 1423 est
1675 1374 1848 1424 fabula

139 1457 483 1518 Baccharum,
539 1472 668 1520 quae
716 1472 809 1505 una
860 1472 971 1505 cum
1017 1456 1308 1521 Iphigeniae
1354 1455 1522 1503 fabula
1556 1456 1607 1504 in
1644 1471 1846 1505 scenam

141 1537 310 1587 delata
343 1540 436 1586 est.
505 1536 633 1586 Nam
668 1537 711 1585 si
745 1542 969 1586 extrema
1012 1541 1181 1585 aetate
1214 1535 1487 1600 Euripides
1534 1540 1619 1585 aut
1665 1533 1846 1584 defun-

142 1623 224 1667 cto
275 1632 338 1666 eo
382 1617 518 1666 filius
569 1617 678 1667 eius
713 1617 974 1683 prooemia
1020 1616 1353 1682 improbaret,
1402 1631 1492 1665 cur
1535 1617 1583 1664 in
1631 1615 1844 1664 Bacchis

142 1697 450 1762 relinqueret
461 1698 489 1747 ’Ξ

274 1777 446 1828 Altera
480 1792 629 1843 pars,
684 1792 829 1841 quam
866 1777 994 1840 dixi,
1029 1778 1351 1844 prologorum
1397 1777 1448 1826 in
1497 1777 1626 1827 lonis
1677 1776 1845 1827 fabula

143 1872 207 1908 ex
241 1857 436 1908 cantico
471 1858 594 1907 satis
628 1858 808 1920 longo,
857 1863 907 1907 et
942 1859 1073 1923 quod
1107 1863 1268 1908 totum
1316 1859 1365 1907 in
1399 1858 1552 1907 rebus
1589 1874 1843 1922 exponen-

143 1938 222 1987 dis
255 1942 512 2001 versetur,
563 1943 774 1990 constat.
842 1937 896 1986 In
934 1937 1146 1988 Bacchis
1182 1954 1301 1988 vero
1335 1939 1555 2003 parodus
1589 1940 1700 2003 ipsa
1732 1939 1844 1988 vice

141 2018 341 2085 prologi
383 2017 634 2084 fungitur3
681 2018 813 2067 idern
860 2017 920 2067 fit
957 2019 1009 2067 in
1043 2018 1364 2084 Supplicibus
1410 2025 1461 2068 et
1505 2020 1553 2067 in
1601 2019 1842 2084 Cyclope,

141 2101 192 2149 in
237 2099 417 2164 quibus
450 2098 636 2148 fabulis
671 2098 889 2161 chorus,
938 2100 1071 2163 quod
1115 2100 1320 2148 minime
1355 2099 1572 2148 otiosum
1607 2114 1663 2147 se
1694 2114 1841 2164 puae-

115 2185 361 2242 ,staturus
397 2186 476 2228 est
507 2183 863 2243 spectatorem,
898 2180 1165 2228 adveniens
1200 2181 1371 2228 statim
1404 2195 1554 2243 grave
1575 2179 1727 2228 affert
1757 2195 1842 2228 re-

139 2276 252 2310 rum
285 2265 608 2308 momentum.
678 2259 819 2321 Quae
856 2266 1022 2308 autem
1058 2260 1110 2308 in
1144 2261 1326 2308 ceteris
1361 2259 1547 2309 fabulis
1596 2260 1842 2323 colloquia

138 2341 270 2390 inter
301 2340 558 2405 prooemia
590 2345 644 2389 et
677 2340 893 2405 parodos
927 2340 1190 2389 interiecta
1226 2346 1368 2399 sunt,
1403 2340 1632 2389 iambicis
1667 2357 1842 2390 nume·

138 2422 210 2471 ris
242 2421 433 2470 inclusa
481 2424 598 2468 sunt
631 2420 795 2468 omnia
827 2426 1028 2484 praeter
1060 2420 1444 2471 Phoenissarum
1491 2421 1753 2486 prologum
1787 2425 1842 2470 et

139 2500 427 2566 iphigeniae
460 2499 598 2548 Aul:
632 2515 745 2548 nam
781 2502 866 2563 qui
893 2500 943 2549 in
967 2500 1226 2563 Hecubae,
1260 2502 1311 2552 in
1337 2500 1571 2561 Medeae,
1604 2502 1654 2550 in
1678 2499 1840 2549 Troa-

142 2582 288 2641 dum,
323 2581 371 2628 in
404 2579 752 2629 Andromedae
787 2580 970 2629 fabulis
1006 2581 1262 2630 trimetros
1298 2582 1552 2645 excipiunt
1586 2582 1840 2645 anapaesti

142 2661 371 2711 diversae
406 2664 524 2708 sunt
557 2660 883 2722 conditioniS‚
921 2677 1072 2725 quum
1108 2661 1323 2711 lamenta
1358 2661 1644 2711 contineant
1681 2660 1840 2710 canti-

143 2756 335 2802 corum,
370 2740 548 2804 quibus
584 2739 727 2790 chori
760 2741 1018 2807 ingressus
1053 2746 1399 2807 praeparatur,
1433 2746 1490 2792 ut
1522 2741 1697 2807 parodi
1721 2757 1839 2807 pars

143 2836 291 2885 quam
326 2819 519 2885 prologi
554 2821 718 2870 verius
753 2837 867 2870 esse
902 2822 1181 2872 videantur.

275 2899 658 2964 Agamemnonis
706 2902 920 2951 narratio
972 2902 1074 2951 alte
1108 2903 1296 2967 repetit
1330 2907 1495 2952 ortum
1528 2918 1728 2965 rerum,
1774 2903 1837 2952 ab

142 2980 369 3030 Helenae
405 2979 608 3043 nuptiis,
643 2983 875 3045 tanquam
899 2983 1053 3042 fonte,
1089 2983 1441 3048 proficiscens:
1478 2984 1562 3047 qui
1587 2999 1696 3032 mos
1718 2997 1837 3048 pro-

143 3061 418 3111 oemiorum
465 3074 493 3107 a
541 3058 830 3124 Loxopatre
871 3063 921 3113 in
967 3062 1115 3112 Rhet.
1152 3063 1256 3112 Att.
1290 3062 1351 3111 T.
1388 3063 1445 3123 ll,
1480 3065 1594 3112 228.
1638 3067 1837 3112 notatus

142 3146 254 3192 est:
291 3137 561 3202 σύντομον
592 3138 826 3206 ποιήσεις
858 3140 956 3209 τὴν
981 3142 1243 3210 διήγησιν,
1279 3140 1374 3194 ἐὰν
1395 3142 1523 3210 μήτε
1546 3140 1838 3208 πόρῤωθεν

140 3222 301 3289 ἄρχῃ,
347 3218 591 3284 καθάπερ
628 3218 687 3270 ἐν
719 3224 832 3282 τοῖς
863 3226 1078 3284 πολλοῖς
1114 3223 1236 3287 (scr.
1271 3224 1582 3290 προλόγοις)
1617 3222 1835 3289 πεποίη-

140 3317 234 3352 κεν
269 3299 568 3365 Εὐριπίδης
602 3302 708 3351 κτλ.
775 3303 916 3354 Haec
961 3306 1215 3370 diligentia
1249 3322 1423 3370 parum
1459 3306 1689 3371 congruit
1722 3320 1835 3353 cum

141 3381 465 3433 festinatione
498 3382 714 3431 hominis
747 3389 1058 3433 antevertere
1105 3386 1379 3449 cupientis,
1431 3402 1494 3435 ne
1526 3385 1630 3434 filia
1665 3385 1732 3432 in*
1752 3399 1835 3432 ca-

147 3466 250 3514 stra
280 3463 566 3528 perveniat,
616 3467 664 3513 et
715 3463 860 3528 plane
900 3465 1138 3514 abhorret
1173 3480 1201 3513 a
1235 3464 1598 3531 trepidatione,
1644 3465 1693 3514 in
1739 3479 1836 3526 qua
