2170 3866
1143 291 1266 347 406

365 458 463 507 que
496 444 661 490 autem
697 439 768 487 sic
802 437 1009 503 probat,
1058 438 1101 486 si
1135 437 1284 487 rebus
1320 443 1434 487 ante
1467 437 1594 486 actis
1638 437 1920 487 necessario
1963 435 2052 485 ad-

367 522 635 578 ducantur,
669 518 804 567 velut
838 533 1046 566 necesse
1079 517 1231 567 fuerit
1263 516 1525 582 epistolam
1559 516 1800 566 mandatis
1836 516 1952 566 addi
1987 518 2049 567 ab

368 598 648 664 Iphigenia,
683 613 890 647 necesse
924 602 1200 662 pastorem,
1239 599 1323 663 qui
1355 596 1595 646 infantem
1625 596 1953 661 exposuisset,
1990 598 2050 647 ab

371 678 631 742 Oedipode
666 678 912 726 arcessiri.

499 758 692 823 Duplex
725 773 879 821 genus
914 758 1043 806 idem
1080 756 1375 822 plerumque
1410 760 1656 804 moratum
1692 760 1772 804 eat
1792 754 1964 804 eadem
1990 756 2055 804 de

370 854 560 896 caussa,
598 855 692 902 qua
728 837 939 902 simplex
972 838 1278 903 patheticam
1316 836 1547 899 (Aristot.
1588 851 1631 886 c.
1663 836 1746 893 24,
1773 833 1866 899 2.),
1906 835 2054 883 idem-

371 936 467 984 que
503 919 564 967 ad
601 919 783 966 laetum
819 918 1109 981 plerumque
1144 917 1325 965 exitum
1361 915 1604 981 procedit,
1640 915 2053 978 quemadmodum

370 998 432 1046 ad
479 999 712 1046 miserum
761 997 988 1060 simplex.
1067 997 1227 1045 Multa
1283 997 1522 1058 cuiusque
1567 996 1763 1060 generis
1810 994 2053 1058 exempla,

369 1077 550 1141 partim
598 1093 724 1141 pura
759 1078 936 1141 partim
974 1077 1151 1135 mixta,
1190 1076 1239 1123 in
1275 1091 1479 1123 numero
1515 1075 1897 1138 tragoediarum,
1933 1090 2052 1137 quas

369 1157 633 1220 Euripides
682 1157 989 1220 composuit,
1027 1157 1272 1218 invenias,
1322 1159 1379 1203 ut
1413 1154 1608 1203 mireris
1644 1155 1838 1218 copiam
1871 1153 2054 1219 ingenii

370 1234 727 1297 felicissimam,
763 1253 857 1300 qua
892 1237 1172 1284 Aristotelis
1205 1236 1442 1284 voluntati
1477 1234 1623 1299 plane
1662 1234 1918 1293 satisfecit,
1953 1234 2052 1297 qui,

374 1312 652 1376 „Debent,’'
700 1316 884 1379 inquit,
936 1323 1155 1379 „poetae
1204 1317 1416 1363 maxime
1452 1314 1649 1378 quidem
1687 1314 1846 1362 omnia
1875 1328 2056 1377 genera

370 1400 580 1453 tentare,
616 1395 693 1442 sin
719 1396 897 1454 minus,
933 1395 1222 1460 gravissima
1247 1400 1297 1443 et
1325 1395 1551 1459 plurima,
1587 1393 1729 1441 aliter
1754 1398 1903 1455 atque
1927 1408 2056 1440 nunc
2138 1416 2140 1419 v

377 1474 641 1523 criminose
688 1474 750 1521 de
800 1475 961 1538 poetis
997 1475 1213 1522 iudicant
1258 1475 1363 1536 qui,
1399 1491 1547 1538 quum
1581 1474 1631 1520 in
1666 1471 1870 1535 singulis
1905 1487 2054 1534 gene-

370 1554 510 1603 ribus
557 1553 737 1618 singuli
784 1555 1158 1617 praestiterint,
1205 1553 1378 1601 volunt
1422 1552 1612 1615 singula
1648 1569 1676 1600 a
1711 1551 1910 1615 singuiis
1946 1555 2054 1599 tan-

371 1649 514 1696 quam
551 1634 749 1697 propria
786 1632 1135 1680 consummari.
1204 1632 1359 1680 Decet
1393 1637 1556 1680 autem
1583 1631 1903 1693 tragoediam,
1939 1646 2052 1678 cum

371 1712 435 1760 sit
474 1728 585 1769 una,
623 1713 829 1759 eandem
870 1712 1107 1759 diversam
1146 1728 1259 1760 esse
1293 1713 1462 1760 dicere
1489 1727 1582 1759 non
1617 1716 1902 1774 argumento
1932 1709 2055 1771 solo,

370 1793 419 1840 id
457 1799 534 1839 est
566 1792 900 1854 implicatione
938 1797 989 1839 et
1024 1791 1283 1840 solutione.
1353 1790 1506 1838 Multi
1538 1794 1734 1848 autem,
1781 1805 1894 1838 cum
1929 1789 2055 1837 bene

369 1871 638 1935 implicent,
674 1870 803 1918 male
840 1870 1061 1929 solvunt3
1098 1871 1241 1918 decet
1266 1876 1432 1918 autem
1457 1875 1719 1932 utrumque
1746 1885 1855 1918 cum
1880 1869 2055 1934 plausu

372 1966 570 2014 semper
606 1950 787 1997 bouum
824 1950 1016 2013 excipi''
1055 1949 1119 2011 (c.
1152 1952 1231 2006 18,
1257 1951 1289 1996 2
1317 1955 1368 1997 et
1390 1947 1473 2014 3..)

502 2027 694 2076 Orestis
730 2034 778 2075 et
812 2028 1191 2077 Phoenissarum
1230 2029 1502 2077 dramatum
1531 2044 1705 2076 caussa
1729 2028 1855 2076 haec
1881 2029 2052 2093 dispu-

372 2109 502 2158 tavi:
546 2124 669 2171 quae
703 2108 830 2155 inter
861 2125 931 2167 se,
967 2125 1117 2171 quum
1147 2109 1461 2168 docerentur,
1485 2124 1704 2156 connexa
1725 2108 1881 2156 fuisse
1905 2124 2057 2172 supra

371 2187 596 2245 ostendi;
645 2193 801 2234 restat
835 2188 1014 2250 igitur,
1049 2196 1104 2236 ut
1138 2204 1348 2250 quonam
1383 2194 1610 2251 tempore
1645 2188 1906 2236 commissa
1941 2188 2052 2246 sint,

370 2281 677 2330 quaeramus,
748 2266 893 2313 Brevi
943 2271 1172 2328 tempore
1220 2273 1481 2328 antequam
1518 2267 1861 2328 Aristophanis
1911 2266 2053 2314 exhi-

368 2347 606 2396 berentur
639 2344 807 2392 Ranae
855 2344 928 2406 (id
964 2345 1093 2407 quod
1126 2344 1316 2392 factum
1353 2360 1464 2392 esse
1501 2351 1692 2392 constat
1727 2343 1804 2395 Ol.
1840 2347 1923 2402 93,
1957 2344 2051 2407 4.)‚

372 2425 663 2473 commissas
713 2439 825 2472 esse
862 2422 1049 2472 fabulas
1087 2423 1418 2488 Hypsipyles,
1471 2423 1854 2472 Phoenissarum
1902 2430 2053 2487 atque

371 2505 607 2568 Antiopes
665 2503 934 2551 memoriae
979 2503 1230 2568 proditum
1275 2507 1358 2552 est
1402 2503 1601 2551 scholiis
1637 2503 1698 2551 ad
1734 2504 1858 2552 Ran.
1891 2518 1935 2551 v.
1970 2506 2050 2557 53.

375 2584 602 2647 scriptis:
655 2581 743 2633 διὰ
789 2580 839 2631 τί
872 2582 944 2648 μή
978 2599 1028 2633 τι
1073 2584 1201 2632 ἄλλο
1247 2583 1354 2632 τῶν
1395 2578 1528 2645 πρὸ
1576 2579 1814 2647 ὀλίγου
1861 2581 2050 2633 διδα-

370 2660 670 2728 χθέντων
703 2660 792 2714 καὶ
826 2664 1020 2726 καλῶν,
1047 2656 1358 2727 Ὑψιπύλης,
1398 2664 1718 2725 Φοινισσῶν,
1747 2655 2048 2729 'Ana-comm,-

371 2742 576 2809 Ἐπειδὴ
625 2742 690 2794 οὐ
738 2740 1077 2809 συκοφαντέα
1111 2737 1179 2809 ἦν
1211 2740 1276 2793 τὰ
1308 2747 1544 2793 τοιαῦτα.
1623 2744 1803 2794 Fuisse
1847 2746 2049 2793 easdem

371 2825 503 2873 inter
537 2840 592 2873 ae
627 2840 899 2885 connexas,
941 2841 1213 2890 quanquam
1250 2840 1346 2872 non
1381 2826 1613 2882 traditur,
1650 2829 1815 2873 tamen
1843 2830 1951 2873 «tum
1986 2839 2049 2873 ex

376 2903 486 2951 aliis
522 2904 814 2966 quibusdam
851 2905 1031 2971 signis,
1075 2920 1199 2968 quae
1233 2910 1404 2968 postea
1437 2905 1736 2953 indicaturus
1773 2920 1910 2964 sum,
1944 2909 2050 2952 tum

371 2998 432 3031 ex
481 2984 688 3032 materia
734 2985 980 3034 coniicere
1036 2985 1178 3033 licet:
1238 2984 1300 3032 ad
1344 2983 1606 3033 Thebanus
1653 2985 1782 3032 enim
1835 2984 2049 3046 antiqui-

372 3067 501 3111 tates
551 3078 722 3111 omnes
775 3065 1042 3128 pertinent.
1123 3064 1305 3112 Omisit
1354 3064 1652 3121 scholiasta,
1714 3063 1854 3111 cuius
1899 3062 2049 3111 verba

373 3143 788 3205 transcripsimus,
826 3143 1019 3193 Orestis
1056 3145 1222 3193 drama
1256 3144 1535 3202 nominare,
1572 3143 1762 3191 scilicet
1799 3142 1957 3190 minus
1991 3141 2048 3189 il-

376 3221 461 3272 lud
495 3223 678 3285 grande
711 3238 769 3270 ac
803 3224 1014 3272 sublime
1047 3225 1259 3283 habens,
1294 3224 1454 3272 minus
1491 3223 1719 3285 dignum,
1770 3220 1901 3284 quod
1936 3221 2048 3285 pul-

379 3302 474 3350 cris
510 3302 644 3366 (τοῖς
676 3299 878 3364 καλοῖς)
924 3307 1297 3362 accenseretur,
1345 3303 1598 3367 magisque
1644 3300 1929 3362 malignitati
1963 3315 2047 3348 co-

381 3380 499 3429 mici
532 3388 888 3447 opportunum,
943 3383 1070 3447 quod
1115 3387 1280 3431 tamen
1315 3381 1537 3431 eiusdem
1573 3380 1857 3442 tetralogiae
1889 3378 2048 3428 fuisse

381 3459 526 3511 allato
560 3462 842 3512 testimonio
887 3479 1034 3527 supra
1069 3461 1340 3512 docuimus.
1408 3461 1520 3510 Hoc
1555 3465 1720 3510 autem
1754 3459 1922 3509 drama
1956 3458 2047 3509 sub
