2170 3848
1167 260 1289 316 loo

530 391 686 459 οὗτος
718 399 766 451 δ’
801 398 905 451 α’πὸ
937 400 1152 454 πάντων
1183 401 1279 469 μὲν
1311 403 1458 469 φέρει
1487 409 1793 475 πορνιδίων,

527 479 752 531 σκολίων
786 480 1053 546 Μελήτου,
1090 484 1343 547 Καρικῶν
1378 485 1704 554 αὐλημάτων,

525 561 762 627 θρήνων,
794 560 1029 626 χορείων,

396 643 692 692 contrarium
740 644 971 692 iudicium
1019 637 1231 694 faciente
1274 647 1485 711 populo,
1531 648 1615 711 qui
1657 648 1796 698 chori
1837 664 2048 714 persona

395 727 807 786 repraesentatur,
845 739 886 770 v.
915 725 1067 771 1253:

524 799 621 851 τίν’
658 803 761 864 ἄρα
794 799 992 866 μέμψιν
1025 798 1218 853 ἐποίσει

522 878 678 944 ἀνδρὶ
707 882 782 951 τῷ
816 875 952 933 πολὺ
985 884 1196 933 πλεῖστα
1230 881 1296 949 δὴ

518 958 606 1013 καὶ
640 962 885 1011 κάλλιστα
918 961 1043 1028 μέλη
1077 963 1228 1029 ποιή-

522 1053 672 1092 σαντι
704 1042 810 1092 τῶν
846 1038 920 1093 ἔτι
951 1041 1076 1093 νυνί
1086 1063 1108 1103 ,·

387 1122 566 1184 Bonis,
613 1138 738 1186 quae
772 1123 944 1189 vulgus
992 1125 1265 1183 invenerat,
1313 1123 1385 1172 uti
1421 1124 1829 1188 praestantissimi
1864 1126 2044 1190 quique

386 1203 602 1252 omnium
651 1207 926 1266 temporum
975 1204 1284 1268 omniumque
1329 1204 1543 1267 gentium
1591 1211 1766 1267 poetae
1801 1221 1894 1253 non
1931 1211 2043 1254 sunt

383 1282 662 1345 dedignati:
725 1283 852 1345 quod
899 1283 1140 1332 facientes
1185 1299 1330 1346 quum
1378 1284 1603 1347 politiora
1646 1283 2043 1348 perfectioraque

384 1361 649 1409 redderent
707 1377 831 1424 quae
883 1362 1111 1422 horrida,
1158 1363 1340 1410 inculta
1390 1370 1441 1410 et
1483 1363 1695 1424 agrestia
1730 1369 2039 1426 acceperant,

382 1441 575 1504 penitus
609 1440 656 1488 in
705 1441 891 1489 animos
928 1442 1234 1505 popularium
1271 1442 1620 1489 descendentia
1655 1442 1870 1491 carmina
1905 1459 2038 1492 com-

379 1518 607 1585 ponendo
640 1525 742 1567 tum
789 1520 851 1568 de
886 1521 982 1568 illis
1018 1522 1198 1584 optime
1231 1526 1518 1569 meruerunt
1564 1526 1668 1569 tum
1705 1522 1797 1569 sibi
1831 1522 2037 1586 gloriam

378 1605 667 1664 perpetuam
706 1606 1005 1662 paraverunt.
1073 1599 1208 1648 Idem
1244 1601 1390 1664 igitur
1428 1600 1652 1666 Euripidi
1688 1601 1918 1665 contigit,
1952 1617 2036 1650 va-

378 1678 554 1727 rietate
588 1677 782 1727 Musam
819 1680 1014 1742 lyricam
1052 1681 1246 1742 augenti
1288 1679 1609 1741 (Ran.1325:
1645 1678 1747 1729 ἀνὰ
1780 1675 1839 1730 τὸ
1874 1678 2034 1731 δωδε-

375 1756 684 1823 καμήχανον
720 1758 974 1824 Κυρήνης
1006 1758 1350 1824 μελοποιῶν);
1386 1775 1482 1823 quo
1516 1760 1562 1807 in
1584 1775 1763 1819 genere
1797 1761 1901 1809 laus
1938 1761 2033 1809 Eu-

375 1840 548 1903 ripidis
574 1839 666 1886 fuit
695 1847 844 1898 tanta,
884 1849 1089 1904 quantae
1107 1842 1350 1905 parandae
1385 1841 1491 1903 ipse
1518 1838 1652 1887 solus
1669 1839 1747 1887 vix
1775 1839 2034 1889 suffecisse

374 1926 646 1983 putaretur.
723 1919 891 1981 ltaque
939 1927 988 1967 et
1033 1921 1092 1968 ab
1130 1920 1364 1985 lophonte
1398 1927 1446 1967 et
1480 1935 1507 1967 a
1540 1918 1823 1968 Timocrate
1855 1920 2033 1983 Argivo

376 2000 573 2047 adiutus
623 2014 734 2047 esse
781 1998 1030 2047 serebatur
1075 1998 1183 2062 (vit.
1221 1999 1328 2050 cod.
1368 1997 1540 2047 Vind.:
1594 1996 1647 2048 οἱ
1690 1995 1747 2047 δὲ
1791 1994 1856 2047 τὰ
1904 1996 2031 2064 μέλη

374 2077 516 2144 αὐτῷ
553 2087 715 2142 φασιν
747 2078 998 2142 Ἰοφῶντα
1031 2081 1202 2128 ποιεῖν
1234 2076 1267 2143 ἢ
1310 2076 1641 2141 Τιμοκράτην
1665 2070 1943 2142 Ἀργεῖον).

503 2158 680 2208 Filium
718 2158 989 2223 Euripidis,
1025 2159 1383 2208 Mnesilochum
1419 2160 1640 2220 nomine,
1691 2166 1904 2206 actorum
1940 2174 2027 2207 nu-

373 2254 512 2287 mero
536 2232 720 2286 clarum
746 2239 900 2286 fuisse
929 2240 1194 2287 memoriae
1218 2244 1297 2286 est
1326 2239 1573 2302 proditum
1601 2254 1629 2285 a
1655 2239 1783 2285 vitae
1815 2238 2028 2300 scripto-

379 2318 515 2367 ribus
568 2317 699 2381 (cod.
730 2316 959 2380 Mediol„
1011 2318 1185 2366 Thom.
1217 2319 1348 2381 Mag.
1378 2324 1427 2365 et
1451 2316 1640 2380 Suida).
1711 2316 1807 2378 Qui
1853 2332 2029 2366 vereor

373 2413 435 2446 ne
461 2398 596 2445 illum
625 2413 733 2445 cum
768 2413 858 2445 avo
892 2399 1165 2461 eodemque
1187 2398 1340 2462 patris
1367 2396 1516 2457 socio,
1553 2397 1631 2444 cui
1655 2403 1707 2445 et
1728 2395 1825 2459 ipsi
1849 2412 2027 2446 nomen

372 2476 670 2526 Mnesilochi
717 2477 836 2535 fuit,
887 2485 1221 2541 permutantes
1267 2477 1360 2524 hoc
1408 2476 1667 2524 commenti
1702 2477 1816 2526 sint.
1881 2475 2029 2524 Hunc

372 2556 500 2604 enim
535 2557 735 2619 agendis
769 2557 976 2618 fabulis,
1025 2556 1439 2621 quas-Euripides
1476 2556 1860 2620 composuisset,
1905 2571 2026 2619 ope-

372 2651 474 2683 ram
527 2636 729 2684 dedisse
762 2637 869 2686 inre
902 2638 1017 2685 mihi
1051 2637 1220 2684 videor
1255 2637 1489 2700 colligere
1525 2642 1623 2682 tum
1662 2650 1723 2683 ex
1756 2636 1845 2696 iis,
1899 2650 2026 2698 quae

370 2714 420 2763 in
455 2714 983 2780 Thesmophoriazusis
1019 2716 1370 2780 Aristophanes
1395 2715 1694 2763 facetissime
1727 2715 1883 2776 finxit,
1919 2719 2024 2762 tum

371 2810 432 2843 ex
467 2796 771 2859 opprobriis,
825 2797 999 2860 quibus
1035 2797 1108 2843 vir
1155 2796 1258 2843 sine
1301 2794 1449 2843 dubio
1484 2795 1641 2856 gravis
1677 2802 1823 2858 atque
1858 2793 2023 2842 erudi-

369 2873 503 2922 tione
537 2875 667 2922 haud
721 2876 908 2940 vulgari
942 2875 1210 2936 excellenS,
1262 2875 1491 2937 idemque
1526 2873 1776 2938 Euripidis
1811 2873 2022 2922 admira-

369 2955 475 3012 tor,
523 2953 683 3001 laesns
719 2971 747 3001 a
782 2956 967 3003 comico
1002 2963 1078 3003 est
1125 2954 1535 3018 frequentissime.
1603 2953 1834 3008 Accedit,
1885 2957 1938 2999 ut
1971 2955 2021 2998 et

367 3031 473 3094 ipse
522 3048 753 3095 generum
799 3050 937 3082 suum
985 3035 1033 3084 in
1081 3033 1424 3098 componendis
1459 3032 1639 3082 fabulis
1672 3031 1912 3080 adiuvisse
1944 3029 2018 3078 fe-

367 3119 528 3169 ratur3
564 3112 628 3160 cf.
659 3114 743 3161 vit.
775 3114 882 3164 cod.
906 3115 1109 3165 Mediol.
1138 3114 1245 3162 coll.
1276 3114 1499 3163 Ambros.
1532 3120 1583 3161 et
1607 3112 1717 3159 vide
1740 3125 1870 3172 ⁴quae
1889 3108 1952 3157 Τ.
1976 3109 2014 3156 Ι.

368 3205 416 3253 p.
445 3191 552 3237 1:32.
588 3191 922 3241 disseruimus.

496 3268 746 3318 Defunctis
782 3273 972 3336 poetis,
1007 3278 1135 3321 teste
1169 3271 1463 3332 Aristotele,
1498 3270 1607 3334 plus
1641 3275 1834 3317 actores
1869 3283 2015 3331 quam

366 3352 591 3397 auctores
637 3350 909 3400 fabularum
955 3352 1193 3401 valebant.
1262 3351 1427 3414 ltaque
1469 3349 1703 3413 quaedam
1736 3363 1825 3412 per
1869 3347 2014 3396 insci-

366 3427 483 3477 tiam
517 3432 913 3494 corrumpebant,
962 3431 1198 3496 quaedam
1243 3432 1464 3481 consulto
1511 3430 1856 3488 immutabant;
1901 3430 2014 3476 sunt
