2170 3848
918 211 1041 269 187

158 367 214 412 ut
243 362 422 411 librum
469 358 838 421 conscriberet,
888 374 985 422 quo
1040 355 1364 420 eloquentiam
1413 371 1523 405 cum
1557 353 1814 405 histrionia

160 440 522 505 compararet-'²
591 441 779 503 Aperte
824 437 1114 486 Trachinins
1161 434 1417 498 Sophoclis
1466 435 1675 485 fabulam
1718 434 1816 483 sal-

157 526 305 570 tatam
342 537 454 570 esse
484 520 723 568 Aruobius
749 519 856 566 adv.
887 522 1018 580 gent.
1050 514 1133 564 1V.
1159 514 1236 561 ed.
1265 514 1419 577 Lugd.
1452 531 1503 576 p.
1524 518 1634 566 151.
1665 504 1819 564 testa-

156 607 239 650 tur
254 600 319 662 *).
388 601 526 649 Alius
561 598 810 647 cuiusdam
839 595 1151 658 tragoediae,
1205 610 1329 657 quae
1365 586 1568 658 Cinyras
1602 595 1821 660 appella-

156 679 327 739 batur,
377 680 674 727 mentionem
710 675 972 725 Suetonius
1004 674 1157 739 Calig.
1181 678 1258 722 5¹1.
1297 673 1416 722 fecit
1458 677 1596 723 hisce
1630 676 1821 723 verbis:

161 758 530 821 „Pantomimus
566 757 784 805 Mnestes
805 754 1103 817 tragoediam
1131 754 1339 811 saltavit,
1376 771 1519 817 quam
1549 755 1661 801 olim
1688 753 1822 802 Neo-

158 837 404 903 ptolemus
431 835 693 899 tragoedus
721 833 864 890 ludis,
903 835 1079 898 quibus
1104 850 1190 882 rex
1215 833 1823 898 Macedonum.Pl1ilippus

160 917 351 966 occisus
386 922 478 972 est,
515 913 730 976 egerat.''
799 914 990 963 Saltare
1032 921 1195 962 autem
1245 930 1368 963 nnus
1402 914 1705 979 tragoediam
1741 912 1824 961 di-

158 996 358 1044 cebatur
393 993 466 1054 is,
515 996 651 1042 cuius
687 994 926 1058 plurImae
972 1002 1113 1043 erant
1147 1010 1388 1057 personae
1422 998 1687 1058 partesque
1723 992 1824 1055 pri·

158 1073 369 1121 mariaez
404 1074 557 1121 ternis
592 1075 721 1122 enim
757 1075 1006 1122 actoribus
1053 1090 1291 1139 personas
1329 1090 1441 1122 esse
1476 1089 1645 1122 omnes
1681 1072 1826 1122 fabu-

155 1153 314 1202 larum
366 1154 566 1202 attribui
615 1155 781 1203 solitas
827 1160 994 1202 notum
1057 1160 1149 1202 est.
1222 1154 1364 1202 Hunc
1411 1169 1598 1201 morem
1633 1152 1824 1217 siguifi-

159 1250 273 1282 care
306 1233 532 1282 videntur
567 1235 711 1282 verba
747 1234 951 1282 Luciaui
985 1234 1196 1282 haecce:
1258 1233 1551 1295 „Summum
1584 1231 1828 1280 saltationi

159 1319 210 1362 et
246 1314 357 1362 finis
393 1320 472 1362 est
505 1313 633 1360 actio
669 1310 1020 1377 (ὑπόκρισις),
1073 1315 1150 1362 cni
1186 1329 1383 1378 operam
1420 1313 1537 1360 dant
1570 1319 1675 1361 tum
1711 1311 1826 1360 rhe-

155 1398 289 1442 tores
328 1402 427 1442 tum
464 1393 515 1452 ii,
552 1394 634 1455 qui
673 1410 734 1442 ex
770 1395 864 1443 hoc
899 1395 1064 1442 studio
1097 1399 1608 1457 nomeuacceperunt.
1655 1390 1829 1454 Neque

157 1473 239 1520 illa
287 1474 480 1538 ignorat
524 1476 669 1523 etiam
716 1476 765 1524 in
809 1476 1053 1524 actoribus
1102 1475 1332 1522 maiorem
1386 1489 1440 1520 se
1491 1471 1687 1520 laudem
1722 1470 1827 1519 adi-

157 1554 300 1616 pisci,
335 1555 379 1610 si
415 1554 479 1600 sit
521 1555 695 1603 similis
732 1561 784 1604 et
829 1556 1119 1604 couveniens
1165 1553 1410 1617 personis,
1467 1568 1586 1615 quas
1635 1550 1824 1613 induat,

158 1648 318 1696 neque
362 1634 422 1681 ab
466 1635 682 1683 oratione
728 1651 931 1693 eorum,
979 1634 1061 1698 qui
1102 1635 1149 1682 in
1197 1648 1390 1681 scenam
1438 1632 1830 1693 introducantur,

161 1713 263 1760 sive
300 1713 566 1777 optimates
602 1715 704 1761 sive
740 1714 1070 1777 tyrannicidae
1106 1713 1207 1760 sive
1245 1727 1486 1777 pauperes
1511 1711 1614 1759 sive
1637 1710 1827 1773 rustici,

166 1792 433 1855 discrepet,
470 1793 556 1839 sed
593 1792 641 1839 in
677 1794 850 1841 horum
891 1809 1186 1856 unoquoque
1220 1793 1300 1853 id,
1337 1791 1466 1855 quod
1504 1791 1679 1855 cuique
1714 1806 1829 1855 pro-

163 1870 323 1932 prium
356 1870 422 1919 sit
447 1871 565 1919 etin
599 1889 694 1936 quo
723 1874 948 1934 excellat,
983 1877 1340 1937 repraesentet.
1390 1870 1562 1934 Itaque
1593 1871 1828 1921 barbarus

162 1949 355 2013 quidam
404 1967 512 1997 cum
560 1955 896 2015 conspexisset
939 1954 1154 2016 quinque
1202 1967 1435 2015 personas
1486 1950 1707 1998 saltatori
1741 1969 1829 2015 pa·

160 2036 292 2077 ratas
341 2029 444 2092 (tot
493 2030 621 2079 enim
669 2033 883 2096 partium
927 2039 1037 2079 erat
1084 2031 1254 2079 drama
1310 2047 1398 2078 seu
1443 2030 1492 2077 in
1540 2034 1614 2079 tot
1659 2037 1829 2096 partes

158 2110 301 2157 unius
335 2109 588 2157 histrionis
624 2111 841 2159 officium
879 2113 1086 2159 divisum
1133 2112 1292 2173 erat),
1339 2109 1624 2158 saltatorem
1659 2112 1831 2160 videns

156 2205 324 2245 unum,
361 2191 600 2252 quaesivit
634 2207 695 2239 ex
731 2192 854 2251 hoc,
902 2192 1096 2255 quinam
1136 2197 1302 2239 essent
1349 2189 1536 2245 futuri,
1586 2191 1667 2255 qui
1713 2191 1829 2240 reli-

158 2285 277 2332 quas
323 2285 559 2332 personas
609 2271 846 2320 saltarent
893 2279 1209 2336 agerentque.
1289 2269 1450 2332 Quum
1495 2270 1577 2318 ille
1624 2288 1832 2336 respon-

159 2349 317 2398 disset
379 2365 445 2397 se
494 2367 672 2400 unum
735 2359 800 2401 et
847 2353 1247 2400 saltaturum
1293 2351 1502 2398 omnia
1556 2357 1617 2399 et
1651 2358 1829 2401 actu-

157 2443 323 2487 rum,
360 2428 576 2492 Fugerat
611 2447 706 2492 me,
744 2432 929 2497 inquit,
966 2447 994 2479 o
1030 2432 1184 2488 boue,
1231 2447 1380 2479 unum
1417 2430 1615 2494 quidem
1650 2447 1830 2495 corpus

157 2508 267 2566 tibi,
303 2509 392 2556 sed
431 2510 594 2572 plnres
632 2527 742 2559 esse
777 2514 979 2563 animas.
1051 2510 1160 2559 Non
1193 2510 1369 2558 iniuria
1404 2511 1551 2573 igitur
1584 2510 1695 2558 Itali
1732 2511 1829 2559 sal-

159 2591 366 2636 tatorem
406 2590 753 2652 pantomimum
802 2577 1074 2655 appellant,
1124 2606 1281 2655 paene
1316 2590 1389 2636 rei
1432 2591 1829 2639 convenienter.'’

158 2665 414 2730 Euripidis
463 2670 762 2731 quibusdam
816 2672 1109 2736 tragoediis,
1167 2669 1444 2718 Troadibus
1491 2670 1732 2734 imprimis
1779 2677 1830 2721 et:

158 2746 305 2804 lone,
354 2749 591 2798 saltandis
637 2751 832 2800 laudem
872 2754 1079 2816 adeptus
1117 2757 1193 2798 est
1228 2749 1440 2813 Pylades
1475 2749 1688 2813 quidam,
1725 2751 1829 2801 sive

160 2834 330 2874 auctor
364 2828 447 2876 ille
482 2830 602 2878 artis
638 2833 740 2880 sive
775 2833 925 2890 alius,
973 2832 1051 2879 cui
1102 2831 1163 2878 ob
1214 2830 1386 2877 merita
1433 2830 1699 2877 memoriae
1744 2830 1830 2880 ille

157 2905 333 2954 titulus
381 2908 569 2972 positus
616 2916 725 2972 est,
785 2914 866 2976 qui
915 2912 1124 2959 habetur
1159 2926 1234 2972 ap.
1272 2908 1424 2958 Orell.
1455 2908 1677 2972 lnscript.
1715 2909 1823 2959 Lat.

159 2982 219 3034 T.
248 2984 280 3035 l.
308 3003 356 3037 n.
389 2990 531 3037 2629.
599 2990 803 3038 Aeolum
852 2993 1070 3040 eiusdem
1120 2995 1295 3053 poetae
1337 2989 1552 3037 fabulam
1602 2989 1827 3038 saltatam

159 3079 274 3114 esse
316 3067 685 3130 epigrammate,
723 3071 849 3134 quod
871 3069 982 3118 T.l.
1011 3088 1056 3135 p.
1083 3070 1194 3118 264.
1226 3071 1494 3134 posuimus,
1530 3068 1824 3120 declaratur.

289 3145 449 3207 Quum
484 3149 637 3195 nostri
672 3156 844 3212 poetae
883 3150 1065 3198 scenici
1113 3150 1299 3198 soleant
1345 3165 1470 3213 quae
1515 3148 1593 3214 agi
1641 3149 1701 3196 ab
1748 3149 1823 3196 hi-

159 3224 425 3274 strionibus
460 3228 628 3276 volunt
663 3229 1033 3294 parepigraphis
1070 3229 1377 3295 significare,
1423 3232 1617 3277 veteres
1653 3228 1824 3291 tragici

157 3302 237 3352 his
269 3306 449 3354 notulis
492 3307 795 3358 abstinentes
830 3310 1138 3361 sermonibus
1172 3309 1470 3373 reliquarum
1506 3323 1823 3372 personarum

209 3473 258 3527 '⁴‘)
289 3475 453 3519 citavit
481 3478 829 3524 Sommerbrodt.
858 3480 886 3522 l.
917 3482 946 3522 l.
