2170 3866
903 243 1026 303 415

244 387 323 440 ἴτε
354 391 462 440 νῦν
494 390 622 440 καθ’
655 389 803 454 ὁδόν,
837 390 936 459 τὴν
967 389 1248 456 καλλίστην

245 472 391 520 θεῶν
426 468 671 537 Εἰρήνην
702 471 1041 536 τιμῶντες*)·
1078 469 1180 537 ἐγὼ
1215 470 1261 521 δ’

221 543 456 616 ·Ἑλένην
495 551 667 616 Ζηνὸς
706 552 995 617 μελάθροις
1025 551 1232 603 πελάσω
1267 552 1374 602 κτλ.

240 631 525 681 Dra-matum
573 634 943 683 concertatione
995 635 1210 698 quisnam
1245 630 1423 680 vicerit
1468 634 1517 678 et
1550 645 1787 693 quosnam

110 712 376 776 Euripides
424 713 641 760 aemulos
677 713 931 771 habuerit,
980 730 1075 762 non
1112 718 1188 761 est
1222 711 1470 777 proditum
1506 712 1786 761 memoriae.

110 793 326 840 Primum
363 793 522 840 locum
563 793 851 856 Euripidem
888 794 1108 842 tenuisse
1142 791 1435 840 crediderim
1471 790 1607 848 ideo,
1656 790 1787 853 quod

110 873 312 920 summis
348 871 576 920 laudibus
611 873 793 930 statim,
834 879 1092 936 postquam
1131 888 1241 920 cum
1277 871 1422 933 vulgo
1456 871 1792 919 communica-

109 958 190 1000 tae
226 958 355 1011 sunt,
392 951 486 999 hae
523 951 718 1001 fabulae
755 952 1141 1004 celebrabantur.
1201 951 1324 1000 Nam
1359 950 1654 999 scholiastes
1676 951 1789 999 Ari-

111 1032 385 1096 stophanis,
422 1032 560 1079 cuius
596 1034 744 1081 verba
779 1048 925 1097 supra
960 1033 1118 1094 attuli,
1155 1048 1303 1094 quum
1329 1030 1667 1092 quaesivisset,
1703 1046 1792 1080 cur

112 1112 335 1160 comicus
373 1111 769 1172 Andromachen,
805 1119 917 1160 octo
945 1114 1080 1160 annis
1106 1119 1220 1160 ante
1253 1111 1449 1170 editam,
1484 1109 1650 1158 ridens
1683 1110 1790 1174 Hy-

112 1191 371 1256 psipylen,
423 1191 717 1239 Phoenissas
763 1198 911 1256 atque
944 1193 1202 1256 Antiopam
1241 1191 1514 1249 omisisset,
1564 1204 1790 1238 caussam

112 1272 372 1320 omittendi
407 1270 598 1334 profert
637 1272 790 1327 hane,
845 1273 975 1334 quod
1025 1271 1409 1335 praestantiores
1458 1284 1548 1316 eae
1595 1267 1792 1318 fabulae

108 1351 323 1408 fuerint,
377 1366 523 1414 quam
569 1351 745 1411 quibus
780 1351 1078 1398 maledicere
1114 1351 1190 1397 vel
1225 1348 1581 1413 Aristophanes
1614 1353 1791 1412 potue-

109 1431 189 1478 rit.
261 1429 493 1478 Orestem
530 1445 646 1477 vero
681 1430 884 1478 Strattis
921 1431 1158 1489 comicus,
1194 1430 1278 1492 qui
1315 1429 1505 1489 eadem,
1552 1443 1647 1490 qua
1681 1429 1792 1478 Ari-

110 1511 411 1574 stophanes,
460 1510 649 1557 ratione
684 1509 935 1573 Euripidis
971 1511 1019 1558 in
1067 1510 1328 1559 ridiculum
1364 1512 1562 1555 vertere
1595 1514 1792 1572 tragoe-

110 1590 214 1637 dias
250 1589 475 1648 solebat,
525 1590 650 1637 scite
696 1592 1022 1653 compositum
1073 1607 1185 1638 esse
1234 1585 1592 1653 (δεξιώτατον)
1636 1588 1791 1636 versi-

67 1671 201 1719 ’bus
236 1669 546 1732 quibusdam,
581 1670 663 1733 qui
697 1676 967 1728 servantur,
1005 1671 1348 1733 pronuntiavit.

241 1749 481 1797 Ultimam
515 1749 642 1796 hanc
675 1750 982 1814 tetralogiam
1008 1751 1069 1797 ab
1105 1750 1342 1814 Euripide
1374 1749 1485 1814 ipso
1513 1748 1621 1796 vivo
1647 1751 1794 1812 atque

111 1836 374 1893 praesente
418 1829 466 1876 iu
511 1835 763 1878 certamen
811 1831 1127 1878 commissam
1178 1846 1290 1878 esse
1333 1834 1556 1894 apparet.
1622 1828 1794 1876 Paullo

113 1911 246 1958 enim
292 1915 406 1973 post
438 1909 489 1957 in
535 1908 881 1958 Macedoniam
919 1912 1188 1970 concessit,
1245 1911 1356 1969 ubi,
1402 1926 1513 1957 cum
1562 1908 1795 1957 Archelai

113 1990 348 2048 fabulam,
380 1990 487 2054 regi
518 1989 650 2037 illius
684 1994 849 2038 terrae
884 1991 1181 2053 gratificans,
1217 2007 1325 2038 cum
1361 1990 1470 2037 aliis
1502 1988 1795 2053 quibusdam

111 2070 382 2133 tragoediis
415 2070 792 2134 composuisset,
837 2072 966 2119 diem
1003 2071 1124 2118 obiit
1160 2086 1462 2135 supremum.

616 2474 681 2527 A.
770 2475 1281 2547 Antiopa.

249 2640 502 2704 Euripidis
548 2642 815 2707 Antiopam
847 2642 1074 2691 Latinam
1125 2641 1336 2700 fecerat,
1388 2640 1449 2688 ad
1497 2640 1699 2689 verbum
1733 2640 1797 2688 de

118 2724 309 2771 Graeca
344 2736 660 2784 expressam,
697 2723 932 2772 Pacuvius
951 2721 1052 2786 **).
1122 2724 1476 2787 Argumentum
1512 2722 1710 2770 fabulae
1735 2722 1795 2769 ab

116 2803 312 2865 Hygino
349 2817 390 2848 c.
426 2803 492 2858 8.,
543 2801 602 2849 ab
637 2804 940 2866 Apollodoro
977 2803 1060 2864 111,
1096 2805 1142 2860 5,
1178 2807 1241 2862 5.,
1278 2819 1306 2850 a
1341 2802 1607 2850 scholiasta
1641 2799 1795 2866 Apol-

173 3027 223 3080 *)
255 3027 408 3069 Schol.
441 3026 499 3066 ad
525 3026 643 3067 hunc
671 3041 854 3071 versum
884 3031 1050 3072 haecce
1088 3029 1288 3084 scripsit:
1323 3025 1462 3072 τοῦτό
1501 3039 1666 3081 φησιν,
1699 3023 1796 3067 ἐπεὶ

260 3093 333 3138 ἐπὶ
375 3092 433 3137 τὰ
475 3097 881 3154 Πελοποννησιακὰ
924 3098 1067 3143 ἐνόσει
1109 3099 1136 3154 ἡ
1174 3098 1351 3149 Ἑλλάς·
1393 3093 1796 3154 πρεσβευσαμένων

260 3165 308 3210 δὲ
341 3167 434 3208 τῶν
458 3164 707 3221 Ἀθηναίων
739 3166 795 3213 οὐ
823 3168 1111 3228 προςήκαντο
1142 3167 1225 3220 τὰς
1255 3168 1470 3219 σπονδάς.

151 3237 230 3289 *ἢ
262 3239 353 3279 Cic.
378 3238 474 3279 Fin.
499 3239 533 3290 I,
562 3238 604 3287 2,
632 3237 674 3279 4,
733 3241 784 3283 ln
812 3242 982 3298 Hygini
1017 3240 1163 3283 verbis
1194 3243 1253 3294 (c.
1274 3240 1367 3294 8.):
1401 3240 1601 3282 eadem
1630 3235 1796 3277 Euri-

261 3307 436 3362 pidis‚
470 3322 630 3361 quam
662 3312 866 3354 scribit
894 3312 1122 3360 Ennius,
1158 3312 1289 3353 Ennii
1319 3326 1478 3353 nomen
1508 3322 1590 3364 pro
1611 3304 1797 3348 Pacuvii

260 3392 411 3420 errore
453 3378 548 3420 sive
589 3381 783 3423 auctoris
817 3382 913 3424 sive
952 3382 1199 3424 scribarum
1239 3383 1509 3424 inculcatum
1549 3382 1629 3424 est.
1687 3375 1796 3417 Vide

264 3449 550 3491 Welckerum
580 3465 623 3504 p.
653 3449 752 3492 812.
