2170 3848
1198 234 1241 291 8

389 382 592 434 arbitrio
619 379 856 445 originem
883 381 1030 443 atque
1056 379 1286 428 alimenta
1318 379 1518 428 ducere.
1573 378 1870 430 Rectissime
1901 381 2050 447 igitur

390 463 451 512 ad
486 476 719 528 personas
751 459 1024 508 fabularum
1057 459 1382 519 transtuleris,
1417 474 1543 522 quae
1575 459 1639 507 de
1667 459 1907 524 Euripide
1938 463 2050 527 ipso

390 542 514 590 dixit
546 539 808 602 LonginuS,
844 553 939 587 non
974 544 1147 587 natura
1181 555 1293 586 eum
1321 539 1630 603 magnificum
1659 555 1797 600 esse,
1830 541 1919 589 sed
1944 545 2051 589 stu-

391 619 474 668 dio
508 635 565 667 ac
598 618 872 674 voluntate,
905 633 1064 680 neque
1099 623 1273 682 sponte
1301 624 1413 666 nata
1449 633 1560 666 esse
1594 633 1910 683 quaecunque
1945 619 2053 668 eius

392 698 682 748 carminibus
714 698 929 746 inessent
961 697 1159 761 grandia
1193 713 1250 744 ac
1286 697 1536 755 sublimia,
1569 696 1658 744 sed
1692 699 1916 760 generosi
1951 697 2054 748 ani-

391 777 460 826 mi
507 776 710 825 consilio
745 775 950 835 effecta3
994 777 1359 838 rectissimeque
1408 791 1577 823 omnes
1625 792 1733 826 cum
1784 776 1926 826 leone
1968 776 2056 825 illo

391 856 661 905 Homerico
707 856 1092 919 comparaveris,
1150 856 1233 918 qui
1279 871 1368 904 sua
1413 855 1565 903 latera
1613 871 1858 918 coxasque
1899 854 2058 904 cauda

392 935 535 998 quasi
567 934 759 1000 flagello
794 933 1001 983 caedens
1037 950 1093 983 se
1125 935 1187 983 ad
1218 934 1529 1000 pugnandum
1562 935 1671 999 ipse
1703 933 1872 983 incitat
1901 933 1982 999 (ll.
2001 950 2055 997 v,

394 1013 548 1077 1¹10.).

524 1092 662 1142 Paris
694 1093 743 1142 in
774 1091 862 1141 lda
895 1092 1148 1158 expositus
1174 1108 1322 1157 quum
1347 1097 1563 1141 remotus
1596 1109 1624 1140 a
1649 1094 1892 1157 perversis
1924 1093 2060 1159 vulgi

395 1171 589 1222 iudiciis
615 1179 666 1222 et
691 1172 968 1236 opinionum
996 1172 1235 1237 pravitate
1271 1178 1480 1220 aetatem
1511 1171 1731 1235 degeret,
1759 1173 1888 1222 inter
1915 1188 2059 1237 nym-

395 1252 602 1317 pharum
623 1251 787 1300 fontes
816 1258 866 1301 et
897 1256 1145 1316 pratorum
1173 1252 1318 1300 flores
1343 1252 1570 1310 nutritus,
1605 1258 1823 1300 armenta
1851 1267 2061 1316 pascens

397 1331 461 1379 ad
495 1346 665 1379 sonum
692 1331 900 1395 syringis
935 1332 1173 1391 saltantia,
1207 1330 1412 1378 idoneus
1445 1330 1577 1378 visus
1612 1336 1691 1379 est
1724 1346 1914 1379 summo
1940 1331 2060 1393 Iovi,

398 1408 561 1472 quide
581 1410 781 1459 dearum
809 1410 1081 1475 principum
1109 1409 1333 1458 laudibus
1354 1411 1583 1459 iudicium
1601 1410 1803 1460 faceret.
1838 1410 1998 1472 Atque
2015 1410 2060 1458 is

398 1494 567 1552 spreta
600 1490 801 1549 virtute,
838 1495 1003 1554 spreta
1037 1489 1317 1548 maiestate,
1353 1489 1564 1554 palmam
1599 1489 1774 1536 detulit
1805 1489 2064 1538 venustati.

396 1567 560 1616 Licuit
593 1568 719 1616 enim
754 1568 941 1617 homini
974 1569 1213 1628 avaritiae,
1250 1568 1470 1618 luxuriae
1503 1574 1553 1615 et
1587 1568 1884 1630 reliquorum
1918 1567 2076 1616 vitio-·

398 1663 534 1708 rum,
568 1663 777 1711 quorum
812 1663 983 1696 caussa
1017 1648 1151 1711 leges
1183 1651 1556 1712 proponuntur,
1591 1648 1756 1712 ignaro
1789 1647 1952 1695 dulcia
1985 1662 2064 1695 ar-

397 1725 511 1775 duis
542 1727 868 1790 gravibusque
904 1726 1176 1774 anteferre:
1224 1727 1415 1788 qualem
1450 1725 1607 1774 fuisse
1643 1725 1929 1774 felicitatem
1961 1726 2063 1791 pri-

399 1820 515 1854 scae
545 1806 704 1869 gentis
737 1805 1048 1865 mortalium,
1084 1820 1110 1852 a
1143 1805 1397 1853 fraudibus
1432 1804 1636 1864 alienae,
1669 1820 1697 1851 a
1732 1805 1873 1853 malis
1907 1809 1959 1854 et
1995 1804 2066 1853 la-

399 1883 603 1934 boribus
636 1884 840 1943 liberae,
883 1883 1106 1932 fabulose
1139 1883 1422 1947 praedicant
1455 1890 1648 1947 poetae.
1730 1883 1828 1932 Sed
1864 1899 2066 1933 aureum

399 1962 523 2012 illud
555 1962 803 2011 saeculum
839 1968 922 2011 aut
947 1977 1192 2024 nunquam
1226 1962 1323 2010 fuit
1360 1968 1445 2010 aut
1478 1967 1719 2026 perpetuo
1746 1963 1840 2011 erit
1873 1963 1949 2021 iis,
1983 1963 2067 2025 qui

402 2042 552 2091 castis
599 2043 834 2106 purisque
879 2042 1051 2090 animis
1099 2045 1151 2089 et
1193 2041 1478 2105 incorrupto
1526 2057 1672 2088 sensu
1707 2043 1775 2090 nil
1818 2041 2068 2092 habebunt

403 2122 547 2171 dulce
580 2123 670 2170 nisi
705 2123 834 2184 quod
868 2122 1092 2186 pulcrum
1126 2122 1485 2183 honestumque
1520 2120 1635 2177 erit,

532 2199 670 2261 ὄςτις
704 2199 953 2252 διδακτὸν
985 2196 1176 2266 μηδὲν,
1214 2198 1323 2248 ἀλλ’
1359 2194 1416 2248 ἐν
1447 2203 1513 2263 τῇ
1548 2197 1706 2263 φύσει

530 2279 591 2332 τὸ
627 2284 928 2346 σωφρονεῖν
962 2278 1160 2346 εἴληχεν
1194 2277 1246 2339 ἐς
1277 2277 1342 2329 τὰ
1374 2271 1534 2329 πάνθ’
1573 2278 1731 2342 ὁμῶς.

404 2361 526 2422 nis,
577 2364 658 2425 qui
702 2366 923 2411 naturam
958 2362 1133 2410 ducem
1169 2366 1467 2423 sequuntur,
1514 2376 1674 2424 neque
1717 2359 1852 2421 leges
1894 2358 2070 2408 inven-

403 2446 483 2490 tae
517 2448 654 2501 sunt,
699 2443 875 2506 quibus
909 2440 1154 2490 libidinosi
1199 2439 1333 2487 inviti
1367 2444 1685 2498 coercentur,
1731 2453 1891 2500 neque
1923 2438 2070 2487 disci-

404 2521 535 2585 plina
571 2538 693 2586 opus
729 2528 836 2582 est,
886 2537 980 2585 qua
1012 2520 1072 2568 ad
1107 2524 1325 2568 naturam
1362 2523 1581 2566 errantes
1615 2517 1944 2573 reducuntur,
1979 2517 2070 2565 sed

405 2601 636 2665 quicquid
671 2601 856 2666 placet,
893 2600 1187 2664 permissum
1222 2602 1301 2646 est
1335 2596 1550 2660 (erlaubt
1582 2598 1675 2657 ist,
1712 2611 1809 2644 was
1845 2594 2071 2660 gerallo:

535 2681 700 2742 „Hast
748 2681 844 2743 du,
894 2679 1229 2738 Gliicklicher,
1281 2678 1362 2726 nie
1408 2676 1503 2725 deu
1546 2674 1880 2724 schiitzenden
1912 2673 2072 2739 Engel

1190 2757 1438 2816 verioren,

637 2839 730 2889 Nie
765 2841 853 2889 des
887 2839 1130 2888 frommen
1163 2836 1390 2884 Instincts
1423 2835 1649 2883 liebende
1683 2833 1934 2897 Warnung
1962 2845 2073 2879 ver·

1191 2916 1351 2976 wirkt,

538 2999 665 3050 Malt
695 3000 745 3048 in
779 2998 892 3047 dem
926 2995 1177 3046 keuscben
1214 2996 1353 3058 Auge
1387 2995 1515 3043 noch
1547 2999 1658 3043 treu
1698 2991 1795 3042 und
1829 2990 1935 3040 rein
1968 2988 2075 3038 sich

1199 3074 1277 3123 die
1313 3074 1588 3134 Wahrbeit,

642 3155 775 3207 'l'iint
806 3157 886 3205 ihr
918 3155 1081 3205 Rufen
1140 3153 1216 3202 dir
1259 3155 1386 3202 noch
1432 3153 1532 3201 hell
1577 3153 1628 3202 in
1661 3152 1750 3201 der
1795 3146 2077 3204 kindlichen

1203 3233 1351 3281 Brust
1374 3250 1423 3281 u.
1456 3248 1498 3280 s.
1523 3248 1604 3292 w.‚

540 3316 584 3366 Ο
618 3314 748 3364 daun
782 3315 912 3380 gehe
942 3314 1011 3364 du
1043 3314 1210 3364 hinin
1244 3311 1412 3361 deiner
1446 3312 1720 3360 kostlicheu
1745 3303 2029 3363 Unschuld,

641 3395 768 3445 Dich
788 3395 919 3445 kann
943 3394 1028 3446 die
1047 3391 1409 3446 wissenschaft
1439 3391 1600 3442 nichts
1620 3389 1817 3451 lehren3
1843 3385 1919 3437 sie
1942 3386 2081 3435 ierne

1197 3487 1289 3523 von
1320 3471 1424 3523 dir!
