2170 3880
1031 290 1153 347 233

373 434 602 498 Κρᾶθις,
637 434 852 498 ζαθέαις
881 437 1102 502 παγαῖσι
1131 433 1345 502 τρέφων

375 515 644 582 εὔανδρόν
675 509 719 568 τ’
752 515 977 584 ὀλβίζων
1007 522 1127 584 γᾶν.

245 593 408 646 Huius
442 600 922 649 commemorationis
957 615 1132 649 caussa
1164 596 1310 663 plane
1344 596 1479 646 nulla
1510 595 1709 646 feminis
1743 593 1919 645 Troia-

245 674 353 738 nis,
400 676 625 743 Euripidi
674 696 790 728 vero
836 680 954 728 satis
1001 679 1160 744 gravis
1193 677 1303 726 fuit.
1371 677 1449 726 Eo
1483 677 1595 742 ipso
1629 676 1760 726 enim
1793 679 1919 725 tem-

244 769 386 819 pore,
421 774 520 822 quo
552 760 656 809 ludi
692 760 875 809 scenici
901 761 1212 825 parabantur,
1246 757 1399 822 legati
1423 773 1451 805 a
1479 756 1646 806 Sicilia
1664 756 1922 805 redierunt

246 839 299 884 et
334 838 424 886 sub
458 838 620 903 ipsum
653 839 879 888 ludorum
913 846 1110 905 tempus
1143 838 1330 889 bellum
1363 838 1621 886 decretum
1670 841 1772 897 est,
1820 849 1920 899 quo

246 915 378 965 bello
411 934 507 967 non
542 918 700 968 solum
733 919 968 983 Siciliam,
1000 920 1091 969 sed
1119 919 1309 969 Italiam
1345 934 1543 983 quoque
1577 922 1630 966 et
1654 915 1922 980 Carthagi-

245 1010 359 1044 nem
394 997 531 1047 brevi
564 1015 619 1048 se
650 999 700 1048 in
733 995 1031 1064 potestatem
1066 1016 1205 1050 suam
1250 998 1564 1060 redacturos,
1607 995 1786 1046 deinde
1833 1011 1921 1045 au-

247 1079 358 1125 ctos
390 1076 586 1127 illarum
623 1084 867 1130 terrarum
904 1081 1061 1146 copiis
1090 1080 1486 1145 Peloponnesum
1520 1078 1683 1127 denuo
1717 1091 1919 1142 aggres-

250 1171 411 1220 suroS,
448 1158 659 1224 denique
685 1161 835 1212 totius
862 1161 1100 1211 Graeciae
1132 1160 1342 1226 imperio
1370 1159 1618 1225 potituros
1653 1157 1922 1224 sperabant

245 1236 592 1289 Athenienses·

915 1402 1241 1411 ————..-—-—

446 1558 514 1614 A.
597 1557 1052 1615 Alexandrus
1094 1560 1246 1615 sive
1285 1558 1716 1614 Alexandra.

374 1690 430 1740 In
462 1692 607 1742 huius
640 1692 928 1755 tragoediae
963 1693 1375 1757 compositionem
1407 1692 1726 1758 'diligentiuS,
1772 1707 1920 1755 quam

244 1772 644 1836 inreliquarum,
677 1773 926 1836 inquisivit
959 1773 1339 1823 Welckerus
1375 1790 1427 1838 p.
1452 1774 1551 1820 462
1577 1787 1744 1836 seqq„
1780 1773 1920 1822 cuius

243 1852 440 1900 inventa
483 1851 719 1916 pleraque
764 1853 989 1916 cupidius
1035 1869 1180 1918 quam
1225 1854 1391 1902 verius
1438 1852 1765 1917 reprehendit
1796 1851 1922 1902 Va·

243 1936 349 1980 ter
383 1931 413 1981 l.
449 1931 479 1979 l.
545 1932 903 1998 Argumentum
950 1939 1117 1982 autem
1160 1933 1356 1983 fabulae
1389 1933 1617 1999 Hyginus
1654 1949 1697 1983 c.
1722 1935 1802 1984 91.
1838 1949 1921 1982 re-

243 2010 374 2060 tulit.
441 2011 653 2060 Praeter
697 2013 843 2061 huius
888 2014 1223 2063 narrationem
1257 2019 1306 2062 et
1340 2013 1578 2077 reliquias
1612 2013 1776 2077 operis
1810 2013 1921 2064 Eu-

241 2090 421 2156 ripidei
469 2092 769 2156 opitulantur
808 2094 951 2142 nobis
987 2095 1137 2143 etiam
1182 2094 1496 2155 imitationiS‚
1544 2108 1687 2157 quam
1733 2093 1923 2143 Ennius

242 2170 447 2235 scripsit
460 2170 542 2239 *),
603 2173 844 2236 quaedam
900 2173 1206 2240 fragmenta3
1268 2173 1462 2223 accedit
1504 2173 1709 2222 imitatio
1755 2173 1923 2223 Ovidii

240 2250 448 2302 Heroid.
472 2250 606 2302 XVI.
633 2258 685 2302 et
731 2255 1035 2304 narrationes
1070 2254 1267 2304 Daretis
1303 2253 1513 2318 Phrygis
1549 2270 1592 2302 c.
1621 2257 1666 2304 7.
1703 2254 1921 2319 Dictyis-

241 2347 340 2396 que
374 2333 630 2382 Cretensis
663 2332 746 2396 ΙΙΙ,
772 2337 852 2383 26.
886 2336 1094 2384 eandem
1126 2335 1312 2384 famam
1346 2339 1645 2384 secutorum.

373 2412 623 2463 Venerem
657 2414 720 2463 ad
765 2430 847 2463 res
882 2415 1097 2479 agendas
1133 2416 1192 2465 ab
1227 2415 1471 2479 Euripide
1505 2414 1731 2465 adhiberi
1775 2414 1922 2480 plane

239 2492 364 2541 mihi
397 2494 728 2544 necessarium
765 2494 927 2544 fuisse·
956 2495 1166 2545 videtur.
1237 2496 1329 2545 Cui
1362 2497 1486 2546 deae
1512 2511 1624 2543 cum
1648 2493 1921 2544 curandum

240 2578 392 2634 esset,
426 2578 484 2622 ut
515 2573 756 2624 Helenam
791 2575 1099 2626 Alexandrus
1132 2591 1338 2625 uxorem
1374 2576 1640 2641 acciperet,
1671 2590 1835 2638 neque
1869 2575 1922 2625 id
1976 2577 1986 2590 ‘

239 2652 350 2701 fieri
383 2660 570 2716 posset,
607 2657 771 2718 quoad
793 2656 879 2704 ille
910 2657 1110 2705 humilis
1143 2656 1274 2705 inter
1298 2660 1523 2721 pastores
1548 2656 1772 2720 degeret,
1807 2661 1923 2705 ante

242 2733 407 2782 omnia
449 2736 715 2784 curandum
762 2737 889 2797 fuit,
941 2743 995 2786 ut
1039 2737 1329 2803 parentibus
1376 2737 1479 2784 suis
1525 2735 1752 2784 redditus
1788 2741 1838 2784 et
1870 2736 1921 2786 in

242 2828 358 2861 eum
402 2812 591 2875 locum,
638 2831 735 2879 quo
781 2822 924 2866 natus
970 2820 1106 2880 erat,
1152 2817 1413 2865 restitutus
1460 2816 1709 2882 regalibus
1745 2816 1920 2880 opibus

239 2892 301 2940 ad
335 2893 632 2944 invasionem
676 2896 727 2945 in
760 2896 1018 2946 Graeciam
1063 2897 1340 2947 faciendam
1377 2896 1725 2945 instrueretur.
1791 2897 1920 2945 Eam

238 2972 392 3037 igitur
409 2974 554 3022 deam
570 2991 753 3039 rerum,
777 2993 902 3040 quae
920 2978 1017 3027 hoc
1033 2979 1256 3027 dramate
1274 2977 1667 3038 continebantur,
1698 2976 1919 3025 omnium

239 3053 511 3103 auctricem
557 3061 702 3119 atque
745 3057 1048 3108 effectricem
1094 3057 1253 3107 fuisse
1298 3057 1567 3121 putandum
1603 3060 1695 3106 est.
1764 3055 1918 3105 Cuius

240 3133 442 3182 consilia
485 3139 536 3184 et
563 3135 947 3188 machinationes
982 3137 1115 3187 nullo
1138 3137 1373 3186 dramatis
1409 3136 1519 3186 loco
1545 3128 1729 3202 aptiuS,
1770 3151 1916 3200 quam

239 3215 519 3279 prooemio,
577 3216 760 3279 aperiri
802 3222 1096 3281 potuerunt,
1141 3217 1274 3267 unde
1319 3218 1448 3266 hanc
1495 3216 1768 3281 praefatam
1803 3231 1917 3264 esse

241 3308 369 3356 quae
384 3295 579 3345 theatro
603 3296 894 3362 explicanda
918 3298 1122 3349 fuerunt
1139 3298 1383 3363 Suspicor.
1416 3297 1576 3366 Cuius
1594 3294 1915 3362 praefationis

300 3481 353 3537 *J
380 3484 521 3529 Varro
549 3485 602 3529 Ia.
631 3485 684 3530 L.
713 3486 811 3540 vll,
843 3486 922 3531 82:
965 3487 1169 3542 „Imitari
1198 3485 1305 3529 dum
1344 3484 1487 3530 voluit
1511 3481 1803 3540 Euripidem’⁷
1829 3484 1914 3526 etc.
