2170 3866
903 259 1025 316 471

121 425 206 461 res
238 409 351 474 ipsa
386 407 618 472 loquitur.
687 407 799 473 Ego
834 407 883 457 in
919 420 1177 457 carcerem
1211 403 1467 453 coniectus
1502 401 1564 451 ab
1598 398 1702 460 hin,
1746 399 1831 464 qui

119 507 202 539 me
236 491 559 554 ignorabant,
607 495 721 553 post
757 505 925 537 sacras
963 484 1313 536 meditationes
1349 483 1630 534 existimavi
1665 497 1829 530 reme-

120 570 258 619 dium
293 570 414 618 mihi
450 585 601 634 posse
649 569 845 632 aliquod
882 575 931 617 et
980 585 1006 616 a
1054 565 1317 630 tragoedia
1363 564 1633 630 praestari,
1680 578 1828 626 quam

121 650 393 700 affectuum
441 666 536 698 non
573 656 763 698 tantum
802 649 1175 708 movendorum,
1212 645 1301 693 sed
1338 652 1390 694 et
1425 645 1669 693 movendo
1704 658 1827 708 pur-

119 732 395 797 gandorum
433 746 610 779 caussa
646 730 918 778 institutam
967 746 993 776 a
1039 727 1245 776 summis
1281 726 1534 789 magistris
1571 724 1826 789 proditum

118 813 457 862 memineram.
542 811 719 874 Itaque
753 809 1035 874 tragoedias
1072 808 1193 856 alias
1230 807 1434 871 quidem
1470 806 1659 871 legere,
1695 805 1824 852 hanc

120 906 272 956 supra
304 891 423 939 aliae
453 891 685 939 eximiam
722 897 772 939 et
796 900 992 939 vertere
1019 884 1261 937 institui.'’
1328 888 1432 952 lgni
1461 892 1690 952 spectata
1713 900 1828 933 esse

120 973 338 1022 carmina
372 973 602 1032 arbitror,
641 988 768 1036 quae
804 987 900 1019 non
936 977 1122 1019 tantum
1161 969 1335 1018 otiosis
1368 967 1700 1027 delectationi,
1734 965 1827 1014 sed

117 1052 320 1102 afflictis
370 1069 570 1116 quoque
619 1059 670 1100 et
720 1052 1002 1101 dolentibus
1049 1051 1227 1099 solatio
1274 1049 1475 1098 fuerint.
1548 1047 1827 1097 Schillerus

119 1139 286 1182 autem
323 1148 421 1180 uon
460 1134 608 1181 vertit
641 1139 833 1181 tautum
869 1131 1240 1196 elegantissime
1274 1146 1502 1194 magnam
1535 1128 1685 1177 huius
1721 1133 1827 1176 tra-

118 1214 327 1280 goediae
361 1219 587 1277 partem,
638 1214 725 1260 sed
775 1214 924 1261 etiam
960 1219 1114 1260 totam
1148 1212 1369 1259 imitatus
1405 1216 1516 1271 est,
1551 1225 1648 1273 qua
1682 1208 1735 1256 in
1767 1222 1827 1257 re

119 1294 421 1355 dolendum,
460 1294 593 1357 quod
629 1298 915 1341 nostrorum
952 1292 1300 1341 obsecundans
1338 1290 1515 1338 studiis
1549 1289 1825 1338 femineum

118 1389 338 1422 amorem
374 1389 464 1437 pro
498 1373 721 1421 fraterno
758 1378 808 1420 et
841 1372 1143 1420 simultatem
1179 1387 1272 1436 pro
1306 1370 1545 1435 regnandi
1588 1369 1826 1434 cupidine

117 1458 171 1502 et
214 1453 428 1518 privatas
475 1469 667 1518 pugnas
715 1468 806 1517 pro
857 1453 989 1500 bello
1035 1452 1338 1516 populorum
1380 1451 1674 1501 substituit.'
1726 1448 1825 1498 Re-

117 1533 420 1582 centissimis
457 1534 801 1598 temporibus,
850 1549 912 1580 ex
949 1548 1046 1597 quo
1094 1532 1308 1580 lacerari
1344 1533 1514 1596 coepit
1559 1530 1823 1595 Euripidis

114 1613 252 1662 fama
286 1614 347 1662 ab
382 1613 666 1662 hominibus
701 1614 935 1678 pietatem
970 1620 1023 1661 et
1057 1612 1351 1677 religionem
1402 1619 1451 1660 et
1497 1612 1650 1660 medii
1686 1611 1821 1674 quod

116 1694 303 1743 dicitur
339 1694 527 1742 saeculi
560 1694 938 1742 admirationem
973 1693 1351 1751 affectantibus,
1386 1692 1822 1757 impudentissime

116 1775 601 1839 praestantissimum
638 1790 764 1837 opus
799 1780 1032 1822 vexatum
1069 1779 1163 1822 est.
1215 1772 1317 1822 Sed
1352 1774 1532 1823 horum
1566 1772 1820 1822 inscitiam

118 1854 284 1903 celare
318 1871 466 1920 quam
501 1869 711 1920 arguere
746 1855 902 1904 satius
938 1870 1052 1903 esse
1087 1854 1236 1906 duco.

633 2255 704 2309 D.
793 2254 1291 2311 Orestes.

249 2422 492 2476 Medium'
523 2428 775 2492 quoddam
821 2430 951 2479 inter
992 2431 1241 2496 tragicum
1289 2435 1342 2479 et
1382 2427 1632 2478 comicum
1665 2442 1822 2490 genus

116 2507 216 2556 hoc
271 2508 441 2556 drama
491 2507 655 2557 locum
702 2516 875 2559 tenere
935 2517 1134 2559 veteres
1182 2512 1485 2575 interpretes
1535 2508 1676 2573 quasi
1720 2523 1820 2556 uno

116 2602 206 2636 ore
240 2593 555 2648 monuerunt,
592 2595 642 2638 et
676 2590 976 2649 adiecerunt·
1002 2607 1173 2656 parem
1210 2606 1324 2638 esse
1353 2590 1503 2638 huius
1529 2594 1582 2637 et
1606 2588 1822 2637 Alcesti-

117 2668 197 2718 dis
245 2667 482 2715 dramatis
530 2675 784 2731 naturam,
846 2687 909 2719 ex
947 2687 1165 2727 ‚numero
1215 2677 1382 2719 autem
1430 2670 1821 2735 tragoediarum,

118 2765 247 2813 quae
281 2749 482 2813 proprie
516 2749 819 2810 dicerentur,
854 2758 1119 2816 utramque
1140 2751 1356 2801 fabulam
1383 2768 1409 2799 a
1431 2751 1618 2799 criticis
1644 2751 1821 2798 eximi:

117 2828 258 2878 cuius
295 2829 590 2876 exemtionis
614 2847 759 2895 quam
783 2833 1058 2880 attulerunt
1094 2848 1340 2891 caussam,
1379 2831 1511 2896 quod
1547 2847 1611 2879 ex
1635 2831 1818 2879 misero

118 2914 252 2958 statu
286 2909 338 2956 in
371 2909 649 2958 feliciorem
685 2927 767 2959 res
804 2918 1257 2972 commutarentur,
1305 2929 1426 2977 eam,
1450 2928 1550 2960 non
1585 2912 1823 2960 sufficere

116 3004 272 3056 supra
305 2988 692 3054 ostendimus*)‚
730 3007 826 3056 quo
862 2995 1040 3043 eodem
1075 2993 1187 3042 loco
1225 2997 1458 3056 quartum
1485 2994 1535 3043 in
1558 2992 1822 3058 tetralogia

173 3271 226 3327 ²¹³)
255 3269 508 3326 Scriptores
548 3273 824 3327 argumenti:
870 3271 925 3319 τὸ
971 3271 1022 3317 δὲ
1065 3273 1220 3330 δρᾶμα
1263 3271 1589 3331 κωμικωτέραν
1619 3270 1709 3327 ἔχει
1737 3271 1824 3327 τὴν

256 3340 603 3399 καταστροφήν.
635 3365 693 3372 —-
750 3343 901 3388 ἰστέον
930 3344 1008 3396 δὲ,
1046 3340 1118 3387 ὅτι
1147 3345 1278 3388 πᾶσα
1306 3346 1540 3402 τραγῳδία
1570 3342 1824 3398 σύμφωνον

256 3411 347 3468 ἔχει
384 3413 465 3456 καὶ
506 3410 559 3456 τὸ
590 3410 743 3463 τέλος·
786 3413 836 3458 ἐκ
871 3413 1018 3472 λύπης
1047 3412 1137 3473 γὰρ
1169 3411 1360 3471 ἄρχεται
1388 3416 1468 3459 καὶ
1498 3413 1545 3464 ἐς
1573 3414 1721 3470 λύπην
1751 3430 1824 3458 τε-

262 3485 428 3543 λευτᾷ·
460 3481 512 3528 τὸ
544 3480 699 3542 παρὸν
729 3482 780 3529 δὲ
810 3484 964 3544 decipe}
1001 3485 1124 3531 ἐστιν
1154 3486 1204 3532 ἐκ
1231 3487 1455 3544 τραγικοῦ
1484 3482 1713 3542 κωμικόν·
1744 3484 1825 3541 λη’-
