2170 3866
918 260 1042 321 445

270 405 444 456 Prodit
477 405 688 466 Iocaste,
723 411 778 458 ut
811 408 1063 459 theatrum
1104 408 1335 469 edoceat,
1369 408 1708 473 expositisque
1730 424 1811 458 re-

141 488 232 538 bus
264 486 314 536 in
347 487 545 536 domum
580 488 809 537 continuo
843 490 1118 538 revertitur.
1185 489 1353 538 Potuit
1384 489 1480 538 hoc
1508 488 1812 553 prooemium

141 568 246 616 sine
297 569 515 632 corporis
563 569 774 617 universi
820 569 1131 618 incommodo
1189 570 1379 618 abesse.
1462 567 1826 618 Verumtamen

141 647 344 696 minime
402 663 611 711 persona
658 648 874 696 Iocastes
933 649 1126 712 indigna
1175 655 1287 696 sunt
1337 664 1461 712 quae
1508 655 1733 711 perorat:
1782 662 1811 695 ι

141 728 399 792 magnifico
444 728 571 776 enim
606 728 809 775 exordio
851 728 1167 792 proficiscens
1201 744 1282 776 res
1316 743 1488 789 graves
1522 728 1665 775 aliam
1699 730 1813 790 post

141 808 285 855 aliam
323 813 698 866 commemorat,
734 814 986 871 postremo
1021 809 1356 872 precationem
1393 808 1529 856 addit
1561 808 1702 855 valde
1734 822 1811 855 re-

141 890 233 937 bus
279 888 663 936 convenientem.
737 887 789 936 In
825 887 1103 935 narratione
1152 894 1318 936 autem
1354 887 1499 952 digna
1541 903 1665 950 quae
1708 886 1811 935 ani-

140 968 507 1015 madvertamus
556 967 722 1016 insunt
765 967 977 1023 haecce,
1027 967 1155 1030 quod
1193 967 1256 1015 de
1292 968 1459 1016 liberis
1495 967 1814 1031 procreandis

140 1047 291 1095 Laius
328 1047 579 1095 oraculum
617 1047 895 1106 consuluit,
944 1048 1074 1109 quod
1109 1048 1272 1096 invitis
1308 1048 1423 1096 fatis
1458 1048 1615 1096 filium
1649 1047 1812 1095 ebrius

143 1127 293 1187 sevit,
349 1126 482 1189 quod
535 1126 716 1174 iterum
773 1126 990 1190 Delphos
1044 1127 1200 1175 filium
1247 1142 1487 1191 quaerens
1535 1127 1814 1190 expositum

144 1206 266 1255 adiit
299 1211 351 1254 et
385 1207 432 1253 in
469 1222 528 1254 eo
563 1207 671 1269 ipso
704 1208 882 1254 itinere
908 1206 1013 1254 rixa
1050 1206 1178 1254 forte
1202 1223 1312 1254 cum
1340 1207 1459 1262 filio,
1494 1222 1642 1270 quem
1667 1221 1816 1267 quae-

142 1288 299 1344 rebat,
337 1286 599 1334 commissa
633 1286 926 1333 interfectus
962 1286 1299 1349 spoliatusque
1335 1292 1426 1334 est.
1477 1285 1686 1334 Currum
1711 1284 1817 1333 Laii

142 1365 383 1428 Oedipus,
421 1368 476 1410 ut
509 1365 555 1410 in
591 1379 646 1409 ea
683 1364 951 1426 tragoedia,
987 1364 1066 1412 cui
1101 1363 1280 1429 Oedipi
1314 1381 1492 1413 nomen
1522 1364 1816 1428 inscriptum

142 1444 252 1504 fuit,
281 1443 470 1507 Polybo
490 1441 671 1502 tradit3
696 1443 883 1506 reliqua
907 1443 1212 1508 discrepant:
1249 1461 1358 1493 nam
1381 1446 1578 1510 cognito
1600 1460 1655 1492 se
1676 1449 1817 1509 patre

138 1523 404 1575 interfecto
431 1540 540 1571 cum
565 1529 722 1570 matre
758 1524 1097 1585 concubuisse,
1134 1524 1303 1572 oculos
1328 1525 1422 1573 sibi
1449 1524 1634 1584 effodit,
1670 1541 1698 1571 a
1721 1524 1816 1573 do-

139 1621 222 1654 mo
257 1611 420 1652 autem
458 1608 510 1650 et
544 1604 700 1666 patria
734 1619 977 1666 nunquam
1016 1604 1232 1666 pellitur,
1272 1620 1430 1667 neque
1464 1604 1563 1652 ulla
1597 1603 1817 1652 afficitur

137 1685 344 1744 iniuria,
391 1690 739 1746 praeterquam
776 1683 904 1745 quod
940 1683 1047 1743 filii,
1082 1690 1341 1748 postquam
1374 1683 1708 1745 adoleverunt,
1740 1688 1815 1733 te-

139 1763 331 1830 gendae
376 1777 542 1810 rerum
578 1762 831 1810 foeditatis
867 1779 1040 1811 caussa
1076 1780 1243 1812 senem
1289 1781 1318 1812 e
1352 1769 1621 1827 conspectu
1655 1763 1815 1812 homi-

139 1860 254 1894 num
290 1849 542 1890 removent
577 1849 627 1890 et
660 1859 862 1891 carcere
896 1843 1165 1903 includunt,
1202 1845 1335 1906 quod
1370 1844 1559 1892 factum
1594 1859 1687 1892 non
1720 1843 1815 1891 im-

138 1924 350 1989 probare
382 1921 575 1970 Iocaste
607 1923 817 1971 videtur.
887 1924 953 1972 At
984 1923 1066 1971 ille
1102 1924 1286 1988 degens
1331 1924 1378 1971 in
1412 1923 1617 1972 vinculis
1651 1924 1816 1972 insana

138 2006 209 2053 ira
243 2003 377 2051 diras
414 2001 531 2049 filiis
567 2003 865 2066 imprecatus
901 2010 1002 2064 est,
1054 2020 1178 2068 quae
1223 2020 1286 2051 ne
1319 2011 1542 2052 eventum
1578 2003 1817 2051 haberent

139 2087 420 2133 metuentes
462 2081 553 2129 filii
598 2083 729 2145 pacti
775 2083 904 2131 inter
955 2100 1039 2145 se,
1091 2090 1145 2132 ut
1189 2084 1403 2132 vicissim
1447 2084 1574 2131 alter
1610 2098 1815 2144 regnum

138 2162 444 2229 possideret,
489 2162 614 2211 alter
649 2162 804 2211 solum
841 2170 1083 2224 verteret,
1135 2163 1228 2211 hac
1262 2165 1370 2227 ipsa
1405 2179 1458 2210 re
1492 2161 1622 2226 quod
1658 2163 1816 2210 vitare

137 2242 431 2292 studuerunt
463 2248 782 2290 maturarunt.
850 2242 1035 2306 Captus
1071 2244 1198 2290 enim
1234 2242 1513 2291 dominatus
1557 2241 1817 2291 dulcedine

139 2322 376 2372 Eteocles
411 2321 592 2369 cedere
626 2321 770 2370 fratri
803 2337 1006 2384 regnum
1044 2338 1201 2370 annua
1235 2323 1341 2370 vice
1374 2322 1558 2371 noluit:
1608 2337 1704 2386 quo
1739 2321 1815 2368 fa-

140 2408 220 2451 cto
256 2403 516 2465 Polynices
554 2402 707 2462 exsul,
742 2402 956 2466 privatus
992 2402 1308 2466 patrimonio,
1345 2403 1607 2450 adiuvante
1643 2415 1814 2449 socero

64 2502 68 2505 ·
139 2483 325 2531 bellum
359 2481 548 2546 patriae
580 2497 691 2529 cum
726 2482 952 2529 maximis
982 2482 1272 2546 Argivorum
1309 2482 1463 2545 copiis
1490 2481 1674 2529 inferre
1696 2496 1814 2528 con-

141 2562 318 2610 stituit.
398 2560 754 2624 oppugnantur
801 2568 992 2625 septem
1038 2562 1175 2610 urbis
1211 2567 1411 2625 portae;
1461 2561 1692 2608 caedibus
1727 2576 1813 2623 pa-

142 2641 286 2690 triam
321 2640 498 2688 fratres
532 2643 765 2690 vastaturi
800 2647 928 2690 sunt.
996 2641 1163 2704 ltaque
1200 2645 1357 2688 mater
1401 2639 1535 2688 litem
1582 2640 1815 2687 dirimere

142 2721 345 2784 cupiens
397 2722 578 2781 suasit,
626 2728 679 2771 ut
722 2723 934 2771 induciis
979 2721 1125 2769 factis
1166 2721 1294 2769 inter
1330 2736 1385 2768 se
1419 2719 1813 2783 congrediantur,

142 2806 193 2848 et
226 2800 396 2849 nuntio
431 2801 582 2849 misso
616 2802 724 2866 ipsa
758 2802 1044 2866 Polynicem
1083 2800 1366 2862 arcessivit,
1408 2800 1492 2863 qui
1522 2799 1584 2847 ad
1618 2799 1813 2846 obtem-

142 2880 409 2944 perandum
447 2882 589 2928 matri
624 2882 810 2944 pietate
843 2882 1118 2930 adducitur.

273 2960 439 3019 Haec,
490 2966 545 3008 ut
578 2961 707 3022 dixi,
743 2962 953 3010 narratio
990 2961 1294 3009 extrinsecus
1328 2959 1477 3007 affixa
1510 2963 1614 3016 est3
1663 2954 1813 3004 actio-

142 3053 230 3087 nes
290 3039 429 3102 ipsae
490 3056 516 3086 a
581 3040 825 3104 colloquio
887 3041 1158 3106 paedagogi
1215 3046 1267 3088 et
1315 3039 1516 3102 virginis
1562 3036 1813 3100 incipiunt.

144 3118 328 3167 Contra
372 3125 593 3167 veterum
642 3120 813 3182 aliquis
855 3121 1129 3186 argumenti
1163 3121 1455 3184 scriptorum
1488 3118 1616 3168 miro
1647 3130 1815 3165 errore

144 3198 446 3263 superfluum
496 3215 608 3246 esse
658 3200 929 3248 diverbium
978 3200 1170 3264 prologi
1215 3202 1440 3264 opinatus
1490 3204 1587 3246 est:
1635 3194 1670 3261 ἦ
1711 3190 1814 3243 ἀπὸ

142 3277 251 3327 τῶν
281 3276 492 3342 τειχέων
525 3277 794 3344 Ἀντιγόνη
829 3282 1111 3344 θεωροῦσα
1145 3276 1303 3343 μέρος
1338 3278 1438 3329 οὐκ
1472 3273 1578 3328 ἔστι
1612 3274 1813 3338 δράμα-

143 3372 248 3415 τος.
316 3358 428 3407 Νοη
461 3361 614 3407 sensit
645 3360 796 3408 homo
828 3361 1025 3421 tardus,
1065 3360 1284 3424 quisquis
1318 3361 1414 3409 hoc
1448 3357 1637 3423 primus
1671 3359 1811 3403 nota-

144 3437 239 3499 vit,
283 3454 489 3487 necesse
520 3439 702 3501 fuisse,
754 3456 866 3489 cum
910 3440 1211 3505 oppugnatio
1243 3441 1377 3493 urbis
1410 3435 1666 3488 materiam
1700 3434 1811 3483 dra-
