2202 3892
983 299 1105 360 265

701 558 764 616 C.
851 554 1377 614 Troades,

334 695 616 745 Exhibetur
649 712 796 745 scena
830 693 1095 744 tentorium
1141 686 1548 755 Agamemnonis,
1593 684 1736 749 ante'f
1750 684 1884 750 quod

203 784 453 842 prostrata
499 777 704 825 Hecuba
737 772 1050 823 adstantibus
1081 772 1371 821 custodibus
1407 766 1473 829 (v.
1510 766 1649 830 464.)
1687 766 1885 830 conspi-

207 858 366 917 citur3
416 857 547 905 intus
596 873 708 904 esse
753 855 1003 917 finguntur
1049 852 1264 901 feminae
1314 850 1535 915 captivae
1582 847 1884 912 principibus

203 936 458 995 delectae3
502 936 669 1000 procul
706 936 840 985 urbis
876 941 1034 993 tecta,
1072 950 1132 982 ex
1166 932 1391 985 incenffl)
1426 928 1678 988 fumantia,
1711 926 1886 991 impri-

201 1015 297 1064 mis
334 1032 418 1064 arx
453 1015 740 1080 Pergamus,
779 1016 1161 1080 prospiciuntur.
1223 1013 1359 1060 Haec
1386 1012 1583 1076 quidem
1607 1010 1655 1057 in
1684 1007 1885 1056 sinistra

200 1102 397 1144 ornatus
452 1098 636 1145 scenici
684 1104 827 1161 parte
871 1101 1335 1160 repraesentantur3
1397 1091 1447 1138 in
1494 1089 1667 1138 dextra
1717 1091 1883 1136 autem

200 1182 495 1240 prospectus
531 1178 579 1225 in
617 1194 750 1226 mare
785 1183 834 1225 et
868 1191 1013 1224 naves
1043 1174 1348 1226 Graecorum
1372 1178 1535 1236 patet:
1575 1187 1602 1218 a
1623 1186 1718 1233 qua
1742 1171 1886 1233 parte

200 1255 369 1319 prodit
404 1258 642 1322 postridie
678 1274 784 1306 eam
821 1260 1034 1314 noctem,
1072 1271 1166 1317 qua
1203 1254 1338 1300 llium
1371 1259 1565 1315 captum
1593 1265 1706 1298 esse
1739 1246 1885 1311 fingi-

199 1338 299 1392 tur,
336 1335 594 1400 Neptunus
631 1337 767 1385 urbis
805 1352 939 1397 suae,
975 1351 1119 1398 quam
1147 1335 1256 1398 ipse
1280 1333 1499 1391 munivit,
1536 1338 1722 1378 sortem
1748 1344 1885 1376 com-

198 1414 469 1477 miserans,
514 1422 565 1465 et
615 1433 709 1480 qua
754 1417 945 1465 ratione
994 1420 1268 1479 expugnata
1316 1414 1379 1461 sit
1415 1426 1686 1476 exponens.
1753 1407 1884 1457 Tum

200 1491 508 1546 Graecorum
544 1498 745 1560 quidem
798 1497 1110 1560 impietatem
1148 1502 1199 1543 et
1236 1493 1611 1553 crudelitatem,
1642 1488 1887 1538 Troiano-

197 1590 310 1624 rum
355 1566 518 1625 autem
563 1578 889 1625 calamitatem
936 1575 1229 1633 ostendens,
1273 1573 1391 1622 fana
1441 1573 1602 1622 omnia
1647 1571 1887 1634 lucosque

198 1641 321 1703 dicit
365 1658 603 1720 sanguine
651 1658 829 1719 fluere,
878 1664 928 1704 et
971 1655 1223 1705 Priamum
1270 1655 1330 1701 ad
1380 1655 1516 1718 ipsos
1554 1652 1725 1716 templi
1759 1650 1886 1699 Iovis

198 1734 385 1785 Hercei
407 1738 600 1800 *gradus
636 1737 933 1786 trucidatum
969 1736 1156 1793 iacere3
1192 1735 1308 1782 viris
1344 1734 1570 1782 omnibus
1591 1730 1886 1794 interfectis,

198 1831 436 1864 resonare
481 1818 743 1865 mulierum
803 1817 1025 1863 dominos
1075 1815 1388 1863 sortientium
1449 1814 1713 1862 eiulatibus
1764 1811 1887 1860 Sca-

201 1896 488 1958 mandrum,
551 1897 767 1960 denique
812 1896 1109 1960 Polyxenam
1162 1895 1210 1942 in
1261 1895 1487 1959 sepulcro
1536 1893 1743 1943 Achillis
1792 1902 1911 1958 pro‘

200 1975 398 2025 victima
432 1978 731 2025 immolatam
769 1993 897 2036 esse,
936 1975 1263 2024 Cassandram
1299 1983 1482 2033 autem,
1517 1974 1756 2038 virginem
1790 1975 1888 2024 deo

200 2063 475 2119 sacratam,
523 2058 749 2120 neglecta
782 2059 972 2121 pietate
1007 2062 1057 2104 et
1090 2057 1369 2104 reverentia
1405 2055 1628 2118 deorum,
1662 2055 1713 2104 in
1747 2055 1888 2104 adul-

202 2136 415 2186 terinum
452 2139 768 2186 concubitum
803 2140 862 2186 ab
900 2139 1265 2200 Agamemnone
1300 2136 1430 2184 duci.

331 2217 427 2265 His
463 2218 666 2281 quidem
701 2219 749 2265 in
783 2218 952 2266 drama
979 2218 1370 2276 introducimur;
1407 2222 1456 2265 at
1478 2216 1557 2275 iis,
1594 2230 1720 2279 quae
1746 2214 1887 2264 dein-

198 2311 320 2361 ceps
364 2305 670 2362 sequuntur,
721 2298 788 2346 nil
834 2304 1161 2363 praeparatur
1211 2313 1410 2357 eorum,
1469 2312 1593 2360 quae
1639 2295 1689 2343 in
1740 2311 1889 2346 scena

196 2382 436 2442 aguntur,
482 2379 571 2427 sed
607 2380 972 2427 constituuntur
1009 2395 1091 2434 ea,
1128 2394 1254 2441 quae
1298 2379 1449 2426 rebus
1485 2376 1700 2441 peractis
1735 2393 1887 2427 even-

196 2461 310 2506 tura
354 2462 486 2507 suut.
569 2459 780 2509 Accedit
825 2460 954 2508 enim
1002 2458 1063 2506 ad
1108 2457 1394 2523 Neptunum
1441 2458 1693 2518 Minerva,
1742 2457 1889 2522 plena

197 2536 561 2603 indignationis,
596 2540 726 2604 quod
764 2540 885 2588 Aiax
920 2541 970 2587 in
1005 2539 1191 2603 templo
1227 2554 1318 2585 suo
1354 2538 1450 2586 vim
1477 2537 1783 2586 Cassandrae
1815 2538 1888 2587 in-

198 2616 391 2678 tulerit,
438 2635 467 2667 a
516 2621 712 2669 nemine
761 2621 1062 2668 Achivorum
1100 2619 1435 2683 reprehensus
1472 2633 1632 2681 neque
1661 2619 1886 2682 punitus.

200 2695 535 2759 Quamobrem
569 2700 782 2764 perdere
818 2716 931 2759 eos,
968 2716 1090 2764 quos
1126 2707 1272 2747 antea
1308 2698 1476 2758 coluit,
1512 2698 1688 2763 gaudio
1723 2704 1888 2749 autem

199 2776 404 2826 afficere
440 2787 554 2839 eost,
600 2782 778 2843 quibus
812 2780 996 2829 infesta
1031 2780 1150 2838 fuit,
1188 2779 1434 2837 decrevit,
1484 2778 1679 2842 iamque
1712 2795 1741 2826 a
1775 2779 1890 2829 Iove
1960 2786 1963 2788 ’

199 2857 502 2920 impetravit,
536 2864 591 2907 ut
625 2866 940 2925 tempestate,
976 2861 1136 2909 imbre
1173 2867 1223 2908 et
1258 2858 1496 2923 grandine
1525 2857 1748 2908 Graecos
1772 2849 1890 2924 per-

202 2936 287 2985 dat
323 2954 350 2984 a
385 2936 540 2993 Troia
576 2939 875 3001 redeuntes;
924 2956 1161 2989 concessa
1198 2940 1261 2987 ei.
1279 2947 1393 2987 sunt
1425 2938 1660 2999 fulmina,
1708 2941 1887 3003 quibus

199 3031 351 3065 naves
398 3018 651 3066 incendat:
700 3036 826 3083 quae
874 3037 970 3083 quo
1015 3021 1259 3068 funestior
1304 3020 1368 3067 sit
1413 3024 1719 3084 tempestas,
1778 3035 1888 3067 cum

198 3096 348 3146 hoste
382 3098 685 3146 Graecorum
725 3100 954 3163 Neptuno
1008 3102 1164 3163 iungit
1207 3099 1526 3159 societatem,
1577 3116 1785 3166 rogans,
1835 3102 1890 3148 ut

199 3193 337 3226 mare
385 3178 620 3226 fluctibus
656 3180 909 3228 miscendo
950 3183 1128 3228 obruat
1163 3181 1460 3241 navigantes.
1530 3179 1676 3242 Quod
1714 3181 1798 3228 ille
1834 3195 1890 3228 se

201 3257 449 3306 facturum
486 3259 658 3307 lubens
696 3260 943 3322 promittit
977 3261 1221 3323 simulque
1249 3259 1558 3319 effecturum,
1595 3267 1648 3309 ut
1682 3260 1887 3308 navibus

201 3338 265 3386 ad
300 3355 450 3403 rupes
488 3339 707 3402 appulsis
743 3339 1016 3404 fractisque
1052 3356 1260 3404 corpora
1292 3347 1601 3388 mortuorum
1638 3340 1698 3387 ad
1726 3339 1891 3387 omnia

199 3416 366 3466 littora
391 3419 659 3468 eiiciantur.
713 3418 991 3470 Sic'Proiae
1016 3421 1151 3468 urbis
1176 3420 1585 3484 deflagrationem
1612 3418 1891 3468 incendium

203 3497 396 3547 navium
433 3496 738 3550 Graecorum
774 3500 1006 3550 continuo
1044 3501 1426 3551 subsecuturum
1461 3506 1555 3563 est,
1588 3505 1647 3549 ut
1664 3498 1894 3548 miseriae
