2202 3892
1071 291 1192 349 236

286 436 464 501 quitur.
531 435 701 499 ltaque
734 435 1082 486 lamentantem
1119 438 1322 487 alternis
1358 438 1578 488 versibus
1613 439 1793 488 chorus
1830 453 1946 488 con-

284 517 485 566 solatur.
553 515 875 577 querelarum
909 517 1107 580 quidem
1140 518 1472 618 fragmentum
1504 519 1602 568 hoc
1635 523 1740 567 est.

411 590 642 659 ἄρῥητος
677 593 847 660 Κόρη

284 675 671 727 consolationum
705 680 873 724 autem
905 676 1027 725 hoc.

412 753 628 805 πάντων
659 752 719 804 τὸ
753 756 973 805 θανεῖν·
1007 753 1067 806 τὸ
1102 753 1160 807 δὲ
1194 754 1379 807 κοινὸν
1411 755 1539 821 ἄχος

407 833 629 900 μετρίως
662 833 842 900 ἀλγεῖν
879 833 1046 900 σοφία
1080 837 1280 901 μελετᾷ.

421 915 586 964 Finita
630 916 815 978 parodo
849 915 1072 972 Priamus
1107 917 1303 981 prodit,
1350 917 1569 967 nuntium
1615 932 1645 964 a
1677 913 1807 963 ludis
1840 910 1954 962 red-

285 999 482 1044 euntem
515 1000 808 1058 exspectans
823 993 904 1059 *)=

415 1073 851 1136 „Iamdudum
886 1075 963 1125 ab
1009 1074 1185 1125 ludis
1220 1076 1478 1125 animus
1523 1079 1720 1141 atque
1754 1087 1954 1122 aures

1074 1170 1108 1204 a
1123 1173 1153 1205 v
1173 1173 1202 1205 e
1214 1172 1250 1205 n
1264 1162 1286 1205 t
1303 1192 1318 1217 ,

411 1233 637 1283 Avide
671 1240 1161 1300 exspectantes
1193 1229 1563 1284 nuntium.'’

284 1313 502 1363 Uxorem
523 1313 740 1363 luctibus
765 1313 982 1363 deditam
1005 1314 1176 1364 videns
1201 1315 1506 1364 consolatur:
1539 1312 1804 1378 pristinum
1825 1311 1953 1362 enim

282 1393 467 1443 malum
499 1407 596 1442 non
631 1408 742 1441 esse
775 1394 1058 1443 recentibus
1091 1395 1306 1444 lacrimis
1340 1394 1723 1459 deplorandum:

410 1468 608 1523 παλαιὰ
639 1475 846 1532 καινοῖς
880 1471 1131 1537 δακρύοις
1165 1472 1231 1524 οὐ
1264 1471 1363 1540 χρὴ
1399 1468 1613 1523 στένειν.

291 1552 720 1602 Commemorante
751 1554 920 1617 regina
953 1555 1091 1602 illum
1123 1554 1383 1603 infantium
1416 1554 1657 1612 omnium,
1694 1566 1815 1617 quos
1845 1551 1955 1616 ipsa

282 1633 588 1698 peperisset,
632 1639 684 1681 et
716 1633 1124 1683 formosissimum
1161 1633 1317 1682 fuisse
1350 1638 1400 1682 et
1431 1632 1827 1682 robustissimum
1861 1631 1953 1678 mi-

282 1712 516 1776 nimeque
547 1711 767 1777 dignum,
802 1713 934 1777 quod
967 1713 1090 1763 feris
1123 1714 1402 1779 proiectum
1436 1711 1772 1762 crudelissima
1795 1714 1956 1759 morte

282 1792 507 1843 interiret
519 1787 618 1857 **),

415 1864 536 1933 οἷδ’,
574 1870 762 1936 inquit,
811 1868 942 1922 ἀλλὰ
973 1869 1230 1936 κάμπτειν
1258 1871 1332 1941 τῷ
1365 1869 1538 1937 χρόνῳ
1570 1868 1740 1930 λύπας
1771 1866 1955 1935 χρεών.

284 1952 379 2004 cai
409 1950 646 2000 Hecuba:

413 2030 542 2097 χρή·
577 2032 739 2081 τοῦτο
773 2028 821 2081 δ’
855 2028 1020 2081 εἰπεῖν
1053 2028 1192 2097 ῥᾷον
1223 2028 1258 2096 ἢ
1292 2029 1475 2097 φέρειν
1511 2030 1662 2084 κακοὶ.

284 2113 414 2163 Tum
461 2127 634 2161 rursus
669 2111 892 2161 Priamus
937 2111 1216 2161 mortalium
1261 2113 1510 2163 neminem
1556 2115 1618 2164 ab
1652 2113 1784 2163 omni
1815 2115 1957 2174 parte

282 2193 484 2242 felicem
519 2206 632 2239 esse
666 2196 861 2240 monet:

415 2263 527 2330 ὥςτ’
563 2271 707 2329 οὔτις
741 2267 956 2334 α’νδρῶν
988 2269 1061 2328 εἰς
1099 2264 1286 2320 ἅπαντ’
1320 2269 1637 2336 εὐδαιμονεῖ.

282 2352 456 2402 Prodit
490 2350 671 2400 deinde
703 2351 902 2399 nuntius
947 2349 1009 2399 de
1043 2349 1235 2399 Paridis
1268 2355 1439 2412 tauro,
1489 2352 1572 2414 qui
1616 2366 1677 2400 ex
1721 2349 1956 2399 armentis

284 2432 455 2496 regiis,
488 2436 543 2479 ut
577 2436 710 2480 esset
744 2430 1015 2496 praemium
1051 2430 1268 2491 victoris,
1305 2430 1628 2496 deligebatur,
1664 2431 1828 2494 deque
1859 2428 1955 2477 Pa-

284 2511 394 2562 ride
426 2512 538 2576 ipso
570 2510 655 2559 illa
687 2525 953 2574 exponens,
988 2525 1114 2573 quae
1148 2510 1370 2574 Hyginus
1403 2510 1562 2560 refert
1594 2511 1735 2560 hisce
1767 2510 1956 2560 verbis:

287 2592 369 2655 „ls
407 2588 591 2655 (Paris)
639 2605 750 2638 cum
786 2589 848 2638 ad
882 2590 1122 2655 puberem
1155 2595 1366 2639 aetatem
1399 2590 1736 2655 pervenisset,
1786 2590 1959 2640 habuit

286 2679 482 2722 taurum
524 2671 572 2718 in
623 2669 829 2720 deliciis.
911 2669 1020 2732 Quo
1068 2686 1179 2719 cum
1224 2670 1464 2718 satellites
1510 2671 1651 2719 missi
1685 2688 1713 2719 a
1745 2670 1955 2729 Priamo,

288 2757 343 2801 ut
375 2756 568 2800 taurum
602 2750 778 2814 aliquis
814 2749 1108 2809 adduceret,
1144 2750 1413 2810 venissent,
1446 2751 1527 2813 qui
1560 2751 1612 2798 in
1647 2750 1783 2799 athlo
1813 2749 1958 2798 fune-

288 2831 396 2890 bri,
443 2831 576 2895 quod
611 2830 658 2879 ei
691 2830 859 2891 fiebat,
892 2835 1185 2894 poneretur,
1233 2836 1503 2895 coeperunt
1537 2829 1732 2880 Paridis
1764 2834 1956 2878 taurum

344 2977 397 3033 ῆς)
426 2976 534 3019 Avis
561 2976 848 3018 simulacrum
873 2977 921 3019 in
946 2975 1070 3033 regis
1105 2978 1279 3030 sceptro
1316 2974 1456 3019 fuisse
1491 2977 1716 3032 Aristoph.
1744 2976 1826 3019 Av.
1854 2973 1952 3017 512.

430 3045 677 3103 significat:

539 3112 669 3159 ὁπότ’
691 3112 870 3167 ἐξέλθοι
890 3111 1099 3171 Πρίαμός
1117 3129 1187 3165 τις
1209 3111 1319 3169 ἔχων
1340 3111 1468 3171 ὄρνιν
1489 3114 1538 3159 ἐν
1555 3117 1674 3159 τοῖσι
1692 3113 1953 3170 τραγῳδοῖς.

322 3186 403 3242 *ἢ
435 3185 502 3229 Cf.
533 3186 684 3241 Iphig.
711 3185 811 3227 Aul.
839 3183 981 3226 1275:

543 3253 793 3312 νιφόβολον
825 3253 1014 3312 Φρυγῶν
1047 3249 1194 3303 νάπος
1210 3251 1337 3305 Ἴδας
1363 3250 1403 3298 τ’

541 3323 668 3383 ὄρεα,
699 3324 905 3381 Πρίαμος
933 3323 1016 3369 ὅθι
1043 3322 1154 3367 ποτὲ
1181 3321 1354 3381 βρέφος
1381 3322 1562 3370 ἁπαλὸν
1587 3321 1732 3381 ἔβαλε,

541 3392 714 3453 ματρὸς
741 3391 923 3452 ἀποπρὸ
952 3394 1172 3452 νοσφίσας

541 3464 667 3525 μόρῳ
694 3462 989 3510 θανατόεντι.
