2170 3866
906 309 1032 368 487

113 460 321 524 argutiis
363 457 570 509 defendi
616 462 812 523 potent:
870 459 1190 521 „Honestum
1234 455 1360 506 illud
1401 471 1502 506 non
1551 459 1631 504 est
1660 454 1821 504 hone-

111 545 274 602 stum,
330 546 594 604 parentum
642 555 787 588 saeva
836 554 984 589 manu
1032 553 1244 602 corpora
1286 537 1510 585 lacerare
1555 542 1609 585 et
1654 541 1817 586 atrum

107 634 289 670 cruore
336 619 527 668 ferrum
575 619 637 667 ad
683 619 930 685 fulgorem
968 619 1089 668 solis
1132 617 1342 666 tollere:
1391 617 1443 664 id
1491 618 1651 680 ipsum
1702 632 1818 665 cum

109 700 305 753 ratione
350 717 563 764 peccare
612 706 691 750 est
734 707 935 752 versuta
980 700 1212 764 impietas
1260 705 1310 746 et
1354 713 1618 763 pravorum
1655 696 1816 745 homi-

110 796 231 832 num
279 778 609 844 dementia*).
678 780 926 829 Clamavit
959 781 1007 828 in
1054 781 1228 828 mortis
1265 780 1444 826 timore
1479 784 1664 825 mater:
1718 777 1815 825 lm·-

112 862 192 926 pia
226 862 448 921 conariS,
495 861 592 920 fili,
642 876 672 910 ο
707 861 807 910 noli
854 860 1105 909 infamiam
1153 865 1479 925 perpetuam,
1529 859 1649 907 dum
1685 858 1815 923 patri

109 941 423 1007 gratificariS,
460 942 740 1005 suscipere!
781 941 910 1003 Quid
948 941 1197 1000 miserius,
1233 940 1348 1004 quid
1389 938 1657 999 funestius,
1695 938 1813 1003 quid

112 1022 386 1073 luctuosius
421 1026 529 1080 est,
583 1038 727 1086 quam
780 1023 953 1088 matris
998 1021 1287 1084 sanguinem
1326 1035 1475 1068 manu
1511 1019 1815 1067 effundere?

112 1102 224 1164 Quo
257 1108 312 1151 tu
347 1102 571 1151 facinore
607 1107 897 1166 perpetrato
933 1102 1098 1150 Furiis
1134 1101 1395 1160 obnoxius,
1432 1100 1604 1149 oculos
1632 1100 1815 1147 distor-

112 1198 299 1247 quens,
333 1183 537 1243 insanis,
575 1183 744 1243 miser,
783 1182 866 1245 qui
902 1187 1101 1232 exserta
1135 1183 1332 1230 intuens
1369 1181 1525 1230 ubera
1558 1180 1813 1229 nihilomi—

112 1279 204 1312 nus
238 1269 447 1311 matrem
486 1264 776 1325 percussisti
791 1262 840 1310 !’'

243 1343 356 1391 Hoc
391 1343 611 1391 carmine
646 1348 821 1390 noster
865 1341 981 1405 quid
1031 1341 1095 1389 de
1139 1340 1418 1389 matricidio
1454 1339 1654 1389 Orestis
1698 1357 1814 1389 sen-

108 1423 225 1472 tiret
271 1422 523 1486 apertius,
577 1438 722 1485 quam
778 1421 984 1484 reliquis
1034 1421 1158 1469 locis
1208 1422 1463 1480 omnibus,
1522 1421 1814 1470 declaravit.

107 1501 348 1551 Ceterum
381 1502 461 1549 his
496 1517 594 1550 non
621 1501 849 1561 OresteS,
887 1503 977 1549 sed
1014 1502 1210 1566 Apollo,
1247 1503 1329 1565 qui
1364 1502 1526 1562 iussit,
1564 1503 1667 1551 sive
1703 1503 1814 1567 opi-

105 1583 213 1633 nio
225 1583 535 1630 Graecorum
580 1582 715 1630 idem
761 1583 1076 1631 sentientium
1114 1586 1168 1631 et
1202 1583 1449 1647 imprimis
1484 1584 1810 1649 tragicorum,

107 1663 247 1713 velut
274 1663 515 1727 Aeschyli
553 1669 604 1711 et
638 1662 936 1728 Sophoclis,
985 1662 1068 1726 qui
1117 1662 1250 1711 illam
1289 1660 1574 1728 opinionem
1611 1665 1812 1729 scriptis

108 1743 214 1794 suis
250 1743 640 1808 comprobabant
674 1743 1163 1806 confirmabmtque,
1212 1743 1502 1803 damnatur,
1542 1752 1596 1792 et
1630 1746 1812 1793 merito

108 1823 326 1888 quidem.
395 1822 507 1872 Non
542 1828 620 1872 est
656 1823 865 1872 Orestes
906 1824 1018 1871 istis
1055 1824 1319 1873 scelestior
1364 1840 1527 1888 neque
1565 1826 1811 1889 supplicio

107 1903 438 1964 afficiendus,
491 1903 739 1968 siquidem
787 1911 967 1969 poetae
1016 1905 1149 1954 idem
1199 1905 1484 1970 exemplum
1528 1922 1810 1969 proponen-

106 1989 186 2033 tes
219 1984 576 2044 absolvuntur,
622 1985 712 2032 sed
743 1986 912 2048 potius
944 1985 1274 2045 miserandus,
1312 1987 1394 2049 qui
1430 1985 1601 2034 officio
1636 2003 1693 2034 se
1730 2003 1809 2034 sa-

106 2064 348 2113 tisfacere
383 2068 564 2129 putans
598 2080 691 2128 pro
726 2067 949 2128 praemio
985 2066 1231 2131 supplicia
1265 2067 1392 2115 tulit.

241 2145 417 2193 Prodit
451 2144 655 2193 Electra
691 2144 925 2194 Orestem
961 2163 1204 2210 quaerens
1255 2163 1317 2195 eo
1364 2147 1474 2212 ipso
1529 2145 1638 2195 fere
1678 2152 1807 2195 tem-

106 2243 258 2291 pore,
305 2242 403 2289 quo
449 2242 603 2274 senex
649 2228 846 2291 quidam
896 2243 924 2275 e
974 2227 1213 2275 concione
1261 2243 1494 2275 reversus
1548 2228 1809 2276 damnatos

105 2323 221 2356 esse
272 2308 653 2371 Agamemnonis
712 2308 895 2354 liberos
945 2307 1205 2355 sententiis
1256 2308 1548 2372 Argivorum
1598 2309 1807 2358 nuntiat.

104 2388 370 2451 Imaginem
430 2388 721 2436 concionum
782 2388 954 2454 populi
1001 2387 1310 2436 verissimam
1361 2389 1615 2452 expressit
1655 2396 1809 2454 poeta

160 2597 211 2653 2⁴)
247 2597 402 2640 Schol.
425 2597 509 2638 Gu.
528 2612 539 2638 :
563 2592 677 2640 τόδ’
710 2591 854 2638 av’rd
890 2594 941 2639 δὲ
965 2593 1081 2650 μετὰ
1104 2594 1244 2650 λόγου
1263 2595 1340 2638 καὶ
1360 2594 1684 2652 πιθανότητος
1704 2594 1805 2641 ἑπι-

243 2670 412 2724 χειρεῖν
452 2683 497 2708 τι
536 2667 614 2710 καὶ
653 2664 875 2723 πράττειν
912 2662 1058 2708 κακὸν
1098 2662 1201 2721 οὐχ
1241 2664 1394 2721 ἁπλῆ
1437 2665 1560 2710 ἐστιν
1604 2665 1805 2726 ἀσέβεια.

244 2738 335 2781 Hic
366 2738 547 2793 quidem
577 2742 699 2780 certo
729 2737 773 2778 in
806 2737 993 2779 cudibus
1022 2738 1239 2792 scriptum
1272 2738 1508 2780 invenerat
1537 2739 1658 2781 idem
1688 2740 1807 2794 quod

245 2809 490 2852 Triclinius
518 2809 719 2863 reposuit
749 2804 934 2866 οἷσέβεια
964 2810 1164 2863 ποικίλη.
1225 2810 1470 2851 Praeterea
1510 2815 1663 2852 autem
1695 2825 1807 2866 ope-

245 2895 325 2922 rae
356 2885 422 2921 est
452 2893 682 2933 quaerere,
719 2880 944 2921 undenam
974 2879 1087 2921 illud
1117 2876 1233 2934 μετὰ
1263 2878 1402 2934 λόγου
1432 2880 1508 2923 καὶ
1541 2879 1806 2936 πιθανότη-

245 2966 323 2999 τος
353 2950 584 3000 sumserit,
616 2950 740 2991 cuius
771 2951 908 2992 hodie
938 2966 993 2992 ne
1024 2949 1268 3007 vestigium
1300 2951 1481 3005 quidem
1508 2951 1554 2993 in
1582 2953 1807 3007 scriptura

247 3022 454 3063 codicum
486 3022 625 3061 ullum
657 3025 824 3062 exstat:
869 3028 989 3063 certe
1032 3022 1149 3063 enim
1191 3036 1281 3063 non
1321 3023 1376 3064 de
1404 3022 1547 3064 nihilo
1578 3023 1805 3066 adiectum

246 3107 344 3135 esse
386 3092 572 3133 alterius
608 3091 880 3134 scholiastae
912 3093 992 3147 (ad
1022 3107 1063 3134 v.
1097 3091 1219 3146 811.)
1261 3107 1502 3135 consensus
1531 3094 1804 3150 manifestat,

245 3163 368 3205 cuius
399 3163 515 3203 haec
546 3168 647 3204 sunt
678 3162 842 3205 verba:
885 3161 938 3206 τὸ
972 3161 1252 3206 κλέπτειν
1282 3165 1453 3221 πρᾶξιν
1483 3165 1659 3220 κακήν,
1691 3181 1803 3208 του-

241 3232 363 3277 τέστι
394 3229 445 3275 τὸ
476 3229 592 3286 μετὰ
622 3235 845 3288 λογισμῶν
872 3235 1020 3290 δῆθεν
1041 3229 1242 3287 εὐλόγων
1261 3239 1414 3278 ποιεῖν
1437 3252 1482 3278 τι
1501 3234 1662 3287 κακόν,
1694 3232 1803 3279 οἰσέ-

239 3307 346 3364 βεια
385 3302 465 3346 καὶ
502 3302 756 3359 παράνοια.
825 3306 911 3348 His
961 3305 1200 3362 diligenter
1240 3306 1532 3360 examinatis,
1586 3307 1803 3362 scriptum

120 3425 132 3438 ‚
206 3376 411 3453 ‘fuisse
412 3375 478 3416 sic
506 3373 747 3430 intelligis.

358 3443 457 3489 τόδ’
490 3441 606 3487 avt&
639 3444 846 3488 κλέπτειν
878 3442 1064 3504 ἀσέβεια
1096 3447 1281 3502 ποικίλη

359 3515 667 3574 κακοφρόνων
696 3516 735 3560 τ’
762 3514 949 3575 ἀνδρῶν
979 3513 1231 3575 παράνοια.
