2170 3866
1107 276 1235 338 544

311 426 451 478 illum
485 423 819 492 praecipitare
851 424 1076 488 volente,
1129 426 1302 478 dolum
1336 399 1662 480 ¹commentus
1707 434 1814 482 est:
1855 431 2006 485 abru-

310 514 398 573 pta
431 507 562 556 enim
595 511 740 572 parte
774 503 986 570 (μέρος)
1017 507 1237 558 aetheris
1272 513 1455 558 terram
1490 511 1771 562 universam
1805 511 2008 578 cingen-

309 589 376 638 tis
409 587 536 636 istac
570 587 770 637 inclusit
803 587 1072 637 infantem:
1106 588 1239 638 unde
1273 588 1462 639 factum
1495 594 1602 651 est,
1636 595 1694 641 ut
1725 592 1777 641 in
1809 591 2006 644 femore

310 665 529 733 (μηρός)
578 684 692 716 eum
741 668 976 717 nutritum
1024 683 1139 717 esse
1186 668 1417 719 homines
1463 670 1783 736 postmodum
1827 687 2006 723 narra-

309 747 505 805 rent*).
571 748 651 798 Ex
686 748 1006 811 Anaxagorae
1048 748 1365 814 philosophia
1404 751 1531 800 haec
1562 751 1841 815 fluxerunt,
1884 769 2004 818 par-

307 833 387 878 tes
422 828 643 878 aetheris
678 834 871 877 mentes
906 834 1011 877 tum
1046 830 1253 878 deorum
1299 835 1405 879 tum
1449 831 1704 880 hominum
1750 847 1866 882 esse
1912 832 2005 883 do-

306 909 497 968 centis,
547 914 599 958 et
631 913 911 972 congruunt
945 925 1056 957 cum
1103 926 1164 958 ea
1196 910 1637 975 interpretatione,
1684 927 1780 975 qua
1813 911 2004 963 Miner-

305 1004 419 1038 vam
465 1004 527 1038 ex
572 989 779 1038 summis
820 989 1038 1038 aetheris
1082 990 1421 1040 cacuminibus
1467 990 1544 1049 (id
1591 991 1724 1040 enim
1774 1006 1890 1042 esse
1937 1007 2003 1044 ex

304 1069 433 1118 Iovis
481 1070 670 1134 capite)
717 1074 882 1119 natam
930 1085 1045 1118 esse
1091 1076 1263 1119 noster
1318 1072 1507 1121 docuit.
1599 1070 1771 1135 Pergit
1815 1073 2003 1123 docere

305 1149 530 1203 Tiresias
566 1150 668 1198 sic:
716 1156 854 1199 vates
890 1156 971 1199 est
1004 1150 1262 1211 Bacchus,
1311 1151 1545 1215 quoniam
1578 1152 1890 1202 bacchatIoni
1923 1155 2001 1202 at·-

305 1247 404 1297 que
435 1230 596 1280 furori
630 1229 862 1278 divinatio
897 1230 1056 1279 inest:
1105 1247 1218 1279 nam
1255 1231 1565 1280 descendens
1600 1232 1785 1282 multus
1821 1233 1871 1282 in
1905 1233 1998 1283 ho·

302 1313 463 1361 mines
497 1309 583 1358 hic
628 1309 753 1358 deus
797 1310 968 1359 futura
1014 1326 1100 1359 eos
1136 1311 1430 1376 praedicere
1462 1311 1602 1361 facit.
1668 1311 1806 1362 Idem
1840 1312 1998 1363 bello-

300 1409 412 1443 rum
454 1390 706 1456 particeps
756 1395 864 1440 est:
927 1396 1146 1439 armatos
1193 1391 1323 1439 enim
1369 1392 1553 1440 milites
1599 1376 1999 1458 insa-notamque

299 1473 460 1522 aciem
492 1486 649 1537 pavor
681 1470 990 1535 repentinus,
1024 1472 1312 1536 priusquam
1341 1487 1515 1520 manus
1551 1479 1858 1534 conseratur,
1892 1472 1997 1522 dis-

300 1554 463 1617 sipat,
511 1551 645 1614 quod
694 1551 752 1599 fit
797 1551 972 1601 furore
1016 1566 1044 1599 a
1088 1551 1287 1600 Baccho
1333 1551 1576 1601 immisso.
1652 1550 1862 1601 Videbis
1905 1551 1997 1616 igi-

298 1638 383 1683 tur
429 1650 546 1683 eum
580 1631 844 1696 aliquando
879 1646 1112 1697 magnum
1146 1632 1277 1680 inter
1311 1630 1461 1693 deoe,
1505 1632 1556 1680 in
1587 1648 1716 1697 rupe
1749 1630 1994 1698 Delphica

300 1713 561 1763 salientem
590 1729 703 1762 cum
729 1712 843 1762 face
868 1717 919 1761 et
951 1727 1089 1761 ramo
1111 1711 1353 1762 bacchico
1379 1727 1496 1760 saxa
1530 1711 1661 1777 pede
1695 1711 1996 1776 pulsantem.

298 1793 415 1844 Noli
449 1795 593 1858 ideo,
641 1794 774 1859 quod
819 1792 1031 1858 imperio
1066 1792 1136 1841 sis
1183 1791 1468 1857 praeditus,
1523 1787 1996 1856 tuamopinionem,

298 1876 520 1939 quamvis
555 1891 708 1940 prava
742 1874 823 1937 sit,
859 1874 1115 1934 obtinere3
1151 1873 1243 1922 sed
1275 1873 1447 1938 recipe
1481 1872 1629 1921 deum
1665 1876 1717 1921 et
1750 1873 1859 1922 cole
1892 1873 1994 1923 ritu

297 1955 542 2022 sollemni.
636 1954 786 2004 Haud
842 1954 975 2003 enim
1031 1954 1117 2003 hic
1178 1953 1301 2004 deus
1357 1954 1411 2003 in
1456 1951 1707 2005 Venerem
1755 1952 1993 2003 furtivam

296 2024 534 2085 mulieres
555 2028 771 2101 abripiet
783 2033 886 2097 **)‚
919 2034 1009 2083 sed
1032 2040 1238 2084 naturae
1270 2035 1367 2099 ipsi
1400 2035 1532 2083 inest
1563 2033 1809 2082 modestia
1836 2038 1890 2083 et
1907 2048 1992 2083 re-

294 2132 408 2164 rum
443 2116 661 2166 omnium
696 2115 1001 2176 moderati03
1037 2116 1207 2179 itaque
1240 2115 1389 2164 etiam
1414 2114 1465 2164 in
1484 2113 1812 2163 bacchatione
1835 2113 1992 2178 proba

294 2195 474 2245 mulier
492 2196 710 2245 servabit
726 2197 970 2260 pudorem
983 2193 1118 2255 ***).
1157 2195 1359 2245 Gaudet
1380 2196 1505 2244 deus
1537 2210 1633 2243 non
1655 2193 1816 2242 minus
1843 2208 1991 2256 quam

293 2279 351 2325 tu
396 2275 507 2340 ips‘e
549 2277 766 2325 honore:
835 2278 1157 2340 quamobrem
1205 2291 1298 2338 ego
1345 2290 1458 2323 cum
1493 2272 1683 2321 Cadmo
1702 2299 1724 2334 ‚·
1766 2271 1988 2335 quamvis

293 2369 470 2418 senes,
505 2355 696 2405 hedera
730 2355 953 2405 coronati
989 2355 1307 2414 saltabim11S‚
1341 2367 1505 2416 neque
1539 2351 1670 2414 quod
1705 2367 1734 2399 a
1767 2356 1821 2399 te
1853 2349 1988 2399 ride-

291 2451 405 2485 mur
438 2438 738 2486 curabimus.
808 2436 996 2485 lnsanis
1032 2435 1179 2494 enim,
1214 2438 1273 2483 ut
1303 2433 1387 2483 vix
1421 2431 1660 2481 remediis
1685 2431 1847 2480 sanari
1867 2444 1988 2497 pos-

292 2516 390 2580 si8‚
426 2532 591 2581 neque
624 2522 791 2566 tamen
825 2514 1049 2565 remedia
1084 2515 1366 2563 cessabunt.

423 2597 632 2663 insuper
667 2597 886 2647 Cadmus
922 2601 1115 2656 monet,
1149 2611 1212 2644 ne
1246 2594 1459 2660 migrare
1491 2606 1660 2640 mores
1694 2603 1987 2639 communes

290 2677 426 2730 velit.
505 2678 718 2727 Etiamsi
772 2678 858 2726 ille
907 2692 1003 2726 non
1065 2680 1201 2724 esset
1261 2674 1415 2734 deus,
1475 2675 1645 2721 tamen
1688 2669 1984 2736 prudentius

288 2758 401 2808 fore
434 2759 600 2822 gentis
632 2773 753 2808 suae
784 2757 1026 2807 honorem
1073 2755 1249 2822 pulcre
1289 2752 1578 2803 mentiendo
1624 2766 1807 2816 augere
1839 2764 1986 2814 quam

347 2926 400 2983 *)
431 2924 572 2986 ῥήξας
599 2925 703 2986 μέρ
720 2941 780 2976 ος
807 2942 852 2970 τι
880 2927 969 2970 τοῦ
990 2922 1126 2982 χθόν’
1155 2922 1519 2982 ἐγκυκλουμένου

363 3026 370 3032 -
431 2995 699 3056 αἰθέρος,
725 2996 868 3054 ἔθηκε
903 2994 1031 3041 τόνδ’
1060 2996 1174 3041 ἐκεῖ·
1203 2994 1352 3054 χρόνῳ
1381 2993 1433 3039 δέ
1461 3009 1536 3038 νιν

428 3069 590 3126 βροτοὶ
615 3068 855 3126 τραφῆναί
881 3082 1025 3120 φασιν
1055 3065 1104 3111 ἐν
1131 3066 1291 3123 μηρῷ
1322 3063 1430 3109 Διό
1446 3080 1482 3115 ς.

427 3141 559 3182 Haec
586 3139 802 3183 turbata·
787 3154 833 3181 ιιι
862 3139 993 3181 libris
1020 3142 1120 3182 sunt
1148 3138 1416 3181 intercalata
1435 3134 1528 3178 alia
1549 3131 1739 3177 nominis
1760 3130 1982 3184 interpre-

427 3209 619 3265 tatione,
661 3223 750 3266 qua
787 3206 934 3268 μηρός
963 3213 1008 3253 et
1035 3204 1208 3266 ὅμηρος
1235 3211 1493 3264 permutata
1520 3204 1747 3249 vocabula
1774 3214 1874 3246 esse
1900 3199 1983 3243 do-

428 3294 599 3323 cemur.

316 3351 394 3405 *²3
424 3349 485 3395 ου’
511 3350 599 3409 γὰρ
630 3349 656 3395 ὁ
685 3349 799 3401 θεὸς
824 3349 889 3407 μὴ
921 3351 1180 3408 σωφρονεῖν
1211 3345 1462 3404 ἀναγκάσει
1489 3348 1583 3390 κτλ.

288 3420 399 3477 *ΉἿ
429 3422 489 3467 cf.
518 3423 703 3478 Hippol.
731 3421 814 3465 78:
1618 3429 1620 3431 “

530 3490 656 3545 fisus
683 3489 909 3537 διδακτὸν
936 3489 1108 3548 μηδὲν,
1139 3485 1235 3534 ἀλλ’
1265 3488 1315 3534 ἐν
1343 3488 1403 3547 τῇ
1428 3485 1571 3545 φύσει

531 3561 582 3608 τὰ
614 3566 873 3623 σωφρονεῖν
902 3563 1080 3619 εἴληχεν
1109 3561 1177 3613 εἰς
1205 3557 1265 3606 τὰ
1293 3555 1440 3605 πάνθ’
1470 3553 1614 3615 ὁμῶς·
