2170 3866
911 264 1036 322 417

254 410 350 463 τὸν
381 406 482 475 μὲν
513 409 780 478 κικλήσκει
819 410 1033 478 Ζῆθον·
1068 407 1281 478 ἐζήτησε
1313 413 1417 481 γὰρ

254 490 492 544 τόκοισιν
526 490 811 558 εὐμάρειαν
843 490 880 558 ἦ
911 491 1137 543 τεκοῦσά
1169 509 1282 544 νιν·

255 571 352 624 τὸν
385 571 435 624 δ’
606 607 620 622 .
788 612 801 625 .
971 571 1094 638 παρ’
1127 574 1380 640 ἄμφοδον

250 647 514 720 Ἀμφίονα
1163 690 1176 702 .
1345 694 1357 706 .

124 735 317 786 Zethus
362 736 436 785 rei
482 733 745 800 pecuariae
779 732 944 781 studio
994 749 1050 781 se
1097 733 1266 794 dedit;
1321 741 1494 786 contra
1541 738 1808 804 Amphion,

124 816 234 881 lyra
279 815 488 865 donatus
547 831 576 863 a
623 810 971 878 Mercurio*)‚
1036 813 1099 862 ad
1159 816 1399 865 musicam
1449 833 1505 866 se
1553 820 1809 883 applicuit.

124 897 342 961 Antiope
376 900 569 956 autem,
603 892 804 942 Thebas
838 891 1075 954 abducta,
1110 892 1320 955 Dircae,
1356 897 1498 945 uxori
1530 897 1674 963 Lyci,
1709 906 1809 951 tra-

123 976 224 1026 dita
256 981 351 1034 est,
389 990 528 1039 quae,
565 989 714 1039 aegre
746 972 942 1033 ferens,
983 973 1114 1037 quod
1149 976 1209 1024 ab
1243 975 1325 1024 illa
1358 976 1690 1040 pulcritudine
1724 995 1808 1029 su·-

123 1060 411 1122 peraretur,
458 1053 702 1117 simulque
737 1054 946 1114 timens,
990 1069 1053 1102 ne
1086 1053 1251 1118 Lycus
1288 1056 1412 1104 clam
1450 1073 1560 1105 cum
1597 1073 1655 1105 ea
1690 1074 1809 1109 con-

124 1135 383 1185 cumberet
396 1130 496 1197 **)‚
530 1134 578 1182 in
613 1133 837 1182 tenebris
868 1134 1080 1181 vinctam
1117 1135 1292 1183 clausit
1315 1142 1366 1184 et
1401 1136 1698 1187 saevissimis
1732 1139 1809 1189 af-

122 1215 248 1265 fecit
282 1214 581 1263 cruciatibus
595 1210 719 1277 ***).
790 1212 892 1262 Sed
927 1213 1084 1261 illuxit
1119 1215 1228 1262 dies
1264 1214 1424 1263 festus
1461 1215 1667 1276 Bacchi,
1710 1233 1808 1282 quo

123 1290 338 1358 Antiope
386 1294 665 1341 libertatem
715 1293 862 1341 simul
913 1309 1024 1341 cum
1076 1293 1192 1340 filiis
1241 1299 1616 1359 recuperatura,
1662 1294 1811 1346 Dirce

122 1380 288 1424 autem
329 1373 531 1421 meritas
579 1371 886 1420 crudelitatis
931 1387 1117 1436 poenas
1164 1371 1339 1422 datura
1386 1379 1478 1425 est.
1548 1373 1641 1423 His
1683 1376 1809 1425 deus

121 1453 390 1519 expositiS,
435 1453 611 1501 videns
659 1450 1032 1500 adolescentum
1079 1451 1289 1501 alterum
1329 1453 1441 1502 villa
1478 1469 1568 1504 seu
1603 1455 1808 1506 stabulis

113 1528 465 1599 prodeuntem,
501 1531 733 1582 discedit.

255 1611 461 1662 Orditur
494 1611 745 1675 Amphion
780 1610 1059 1660 monodiam
1095 1610 1309 1660 similem
1345 1612 1418 1673 ei,
1455 1630 1550 1677 qua
1584 1613 1668 1663 lon
1704 1620 1808 1665 stu-

121 1693 258 1742 dium
303 1709 449 1741 snum
483 1691 713 1755 vitaeque
748 1707 903 1756 genus
945 1690 1213 1755 praedicat.
1282 1691 1419 1740 Inter
1460 1691 1556 1741 alia
1582 1692 1808 1760 μελέτην

123 1773 247 1822 dicit
281 1788 395 1821 esse

252 1853 491 1916 κρεῖττον
525 1849 692 1914 ὄλβου
725 1851 915 1915 κτῆμα.

123 1933 281 1983 Cuius
329 1939 473 1981 cantu
517 1933 748 1980 invitatus
796 1931 979 1979 chorus
1023 1929 1218 1979 accedit
1265 1930 1648 1998 rusticorum†).
1729 1932 1805 1983 Ex

120 2014 213 2063 hac
247 2013 434 2078 parodo
472 2018 721 2060 servatum
759 2014 837 2058 est
879 2010 1212 2074 fragmentum
1244 2009 1475 2060 Pacuviiz

254 2090 671 2155 „Cantando
719 2090 1051 2138 soluistis

256 2188 395 2222 arm
414 2178 575 2220 enta
622 2186 742 2219 voc
762 2166 1048 2232 are††).’'

122 2251 440 2316 Subiungitur
474 2251 749 2301 diverbium
764 2284 778 2310 ,
823 2249 873 2297 in
916 2263 1015 2311 quo
1050 2247 1337 2298 adolescens
1372 2249 1436 2298 de
1468 2250 1721 2300 testudine
1753 2251 1803 2300 in

177 2462 228 2516 *J
264 2460 364 2504 Non
394 2460 450 2502 ab
481 2459 580 2514 ipso
603 2458 846 2509 Mercurio,
875 2458 954 2500 sed
975 2457 1192 2513 Apollinis
1221 2471 1356 2500 manu
1384 2459 1595 2501 traditam
1617 2458 1806 2515 Amphi-

266 2531 340 2574 oni
367 2533 515 2587 lyram
546 2543 643 2571 esse
672 2528 765 2571 sine
794 2528 953 2570 idonea
993 2542 1151 2571 caussa
1189 2528 1387 2570 decrevit
1414 2528 1623 2584 Ungerus
1653 2529 1804 2571 Theb.

262 2602 419 2656 parad.
445 2615 485 2655 p.
510 2599 580 2642 33.
638 2599 705 2642 Cf.
728 2600 783 2641 de
806 2599 962 2640 eadem
986 2612 1036 2640 re
1058 2597 1226 2640 Welck.
1250 2599 1301 2639 P.
1325 2598 1404 2641 111.
1428 2612 1471 2652 p.
1492 2596 1618 2640 1602.

153 2671 233 2726 ²⁴²⁴)
262 2670 420 2727 Epigr.
453 2670 599 2726 Cyzic.
627 2669 672 2712 in
701 2668 894 2713 lacobsii
922 2669 1110 2723 paralip.
1142 2683 1167 2710 e
1197 2668 1291 2709 cod.
1322 2669 1418 2710 Vat.
1449 2682 1492 2722 p.
1523 2666 1631 2710 628:
1671 2682 1806 2725 προς·

248 2739 489 2790 ,ἀπτοντες
517 2739 670 2798 ταύρῳ
699 2737 785 2795 τὴν
815 2740 1013 2795 Δίρκην,
1048 2735 1120 2781 ὅτι
1148 2735 1234 2793 τὴν
1262 2736 1438 2795 μητέρα
1467 2733 1623 2780 αὐτῶν
1646 2731 1806 2782 Ἀντιό-

264 2826 359 2867 πην
382 2807 459 2854 διὰ
489 2807 574 2866 τὴν
606 2808 794 2867 φθορὰν
814 2806 965 2868 Λύκῳ,
995 2809 1057 2866 τῷ
1087 2807 1222 2866 ἀνδρὶ
1251 2805 1413 2864 αὐτῆς,
1444 2803 1533 2851 ὑπὸ
1565 2805 1803 2861 Νυκτέως,

264 2882 351 2925 τοῦ
380 2878 552 2939 πατρὸς
582 2878 742 2936 αὐτῆς,
772 2879 1191 2936 (παραδοθεῖσαν),
1230 2875 1344 2935 ὀργῇ
1384 2876 1693 2936 ζηλοτύπῳ
1731 2877 1807 2923 ἐν-

273 2953 503 3007 σχεθεῖσα,
534 2947 737 3007 ἀμέτρως
768 2947 1091 3008 ἐτιμωρήσατο.

127 3023 235 3078 ***)
264 3022 316 3064 In
358 3021 480 3063 bello
521 3022 719 3078 gerendo
762 3022 954 3077 Lycum,
997 3034 1098 3061 cum
1128 3019 1244 3061 haec
1273 3017 1445 3070 fierint,
1486 3023 1751 3074 occupatum
1778 3033 1808 3063 a.

268 3094 400 3135 domo
432 3091 633 3132 abfuisse
664 3091 726 3133 ait
754 3091 962 3133 Malalas.

180 3164 234 3219 †)
263 3162 393 3218 Apud
424 3161 513 3202 Cic.
545 3161 694 3204 Divin.
724 3162 780 3214 11,
809 3159 890 3214 64,
932 3159 1029 3203 133.
1077 3158 1302 3201 Rustici
1345 3173 1426 3214 pro
1476 3158 1656 3202 Attici
1697 3156 1806 3199 scri-

266 3233 462 3275 bendum
504 3245 598 3273 esse
645 3231 842 3273 coniicio.
904 3231 954 3272 In
993 3229 1180 3272 eandem
1225 3228 1522 3273 coniecturam
1561 3228 1808 3284 Bergkinm

262 3302 473 3345 incidisse
504 3301 787 3355 postmodum
818 3300 931 3343 vidi.

154 3372 240 3428 -Η-)
264 3375 367 3416 Huc
408 3371 603 3426 respexit
643 3370 860 3428 Virgilius
899 3372 995 3414 Ecl.
1026 3370 1084 3419 11,
1110 3367 1192 3411 232
1237 3369 1376 3414 Canto
1406 3382 1522 3425 quae
1550 3366 1731 3419 solitus,
1769 3365 1808 3407 si

266 3443 444 3499 quando
473 3444 678 3485 armenta
706 3441 925 3495 vocabat,
953 3437 1192 3496 Amphion.

199 3514 259 3565 Τ.
295 3515 360 3564 11.
1419 3509 1486 3556 2⁷
