2170 3866
941 257 1062 314 395

291 403 465 454 Dieses
515 403 581 454 ist
627 403 717 452 der
765 402 883 452 Sinn
930 405 1019 454 des
1064 404 1320 468 GesangS,
1365 404 1414 452 iu
1459 404 1694 454 welchem
1744 405 1836 454 der

985 484 1189 534 Dichter

293 563 449 614 Fabel
495 564 596 614 und
645 563 907 614 Wahrheit
953 565 1225 629 gemischt‚
1273 564 1429 615 damit
1471 566 1552 614 ihr
1585 567 1672 615 das
1706 565 1837 615 Biise

985 661 1097 693 vom
1134 645 1300 693 Guten

295 725 520 775 Sondern
571 727 740 789 m‘oget
786 725 884 772 und
931 724 1164 773 schiitzen
1217 725 1298 773 die
1347 724 1622 785 Weisheit,
1683 724 1839 774 damit

990 806 1116 853 auch
1152 806 1230 853 die
1264 806 1450 854 Kiiufer

297 887 471 937 Dieses
520 886 684 935 Buchs
729 900 839 934 vom
885 885 1046 934 Lause
1093 885 1181 933 der
1214 886 1350 936 Welt
1390 885 1495 934 sich
1528 885 1714 950 tiiglich
1746 886 1839 934 be-

1021 966 1209 1015 lehren.

296 1047 436 1098 Denn
463 1066 518 1099 so
543 1049 608 1098 ist
635 1064 690 1098 es
717 1046 1019 1106 beschaffen..
1056 1063 1111 1095 so
1141 1046 1258 1094 wird
1283 1062 1337 1094 es
1369 1046 1583 1108 bleiben,
1616 1047 1714 1097 und
1735 1047 1840 1097 also

298 1129 482 1194 Endigt
540 1145 689 1179 unser
749 1127 968 1177 Gedicht
1023 1142 1116 1175 von
1168 1127 1444 1176 Reiuekeus
1498 1127 1682 1178 Weseu
1739 1128 1842 1177 und

1014 1205 1226 1256 Thaten.

299 1289 405 1338 Uns
464 1288 691 1338 verhelfe
754 1289 844 1336 der
897 1287 1030 1336 Herr
1087 1303 1176 1335 zur
1233 1287 1423 1354 ewigeu
1475 1287 1842 1339 Herrlichkeit!

1014 1362 1222 1414 Ameu.'’

170 1450 349 1499 Laetos
397 1448 546 1512 igitur
587 1464 751 1497 rerum
789 1452 991 1495 eventus
1042 1462 1137 1495 non
1182 1463 1292 1495 eam
1326 1447 1480 1496 solam
1515 1449 1578 1496 ob
1614 1466 1718 1498 rem
1754 1451 1843 1500 ha-

168 1531 256 1580 bet
290 1529 563 1591 comoedia,
597 1545 660 1577 ue
694 1528 886 1576 miseris
921 1529 1069 1576 rebus
1103 1527 1324 1575 hilaritas
1358 1528 1719 1594 interpelletur,
1756 1531 1845 1579 sed

171 1610 301 1676 quod
348 1610 501 1658 solam
547 1610 779 1657 virtutem
797 1609 1076 1668 miseram,
1128 1609 1282 1656 solam
1330 1610 1594 1671 nequitiam
1643 1611 1846 1661 felicem

173 1707 285 1740 esse
319 1689 547 1738 simulat:
585 1690 768 1737 etenim
802 1688 1067 1736 versutiam
1103 1704 1164 1735 ex
1200 1688 1577 1738 difficultatibus
1611 1691 1848 1741 facillime

174 1787 230 1819 se
279 1771 521 1819 extricare
569 1769 851 1819 arbitratur.
931 1769 1042 1817 Non
1096 1769 1227 1816 enim
1287 1769 1407 1816 vitia
1461 1771 1848 1835 reprehendere,

176 1851 450 1916 flagitiosos
484 1854 655 1898 notare
690 1855 741 1897 et
774 1847 976 1897 ridendo
1012 1864 1180 1895 verum
1213 1849 1379 1898 dicere
1404 1851 1700 1900 comicorum
1725 1868 1848 1917 poe-

176 1938 363 1990 tarum,
409 1928 491 1993 qui
527 1944 642 1977 vere
677 1934 792 1977 suut
827 1928 1031 1985 comici,
1082 1927 1300 1977 officium
1348 1935 1452 1990 est,
1505 1946 1664 1996 neque
1710 1938 1849 1982 recte

177 2011 415 2060 Horatius
461 2010 651 2073 priscae
700 2008 986 2057 comoediae
1020 2009 1149 2057 viros
1184 2026 1294 2058 cum
1329 2017 1602 2060 saturarum
1637 2014 1847 2078 scripto-

177 2093 311 2141 ribus
348 2105 647 2154 componeus
684 2089 892 2137 eundem
928 2089 1150 2153 utrisque
1194 2089 1342 2138 finem
1387 2091 1691 2155 propositum
1736 2107 1850 2140 esse

178 2171 384 2221 censuit.
467 2168 894 2231 Quemadmodum
943 2170 1074 2218 enim
1123 2185 1326 2218 severae
1369 2186 1540 2219 musae
1579 2171 1850 2220 carminum

177 2267 273 2300 non
317 2255 434 2299 sunt
475 2250 900 2313 praestantissima
947 2265 1031 2306 ea,
1079 2265 1206 2312 quae
1241 2249 1464 2298 docendo
1511 2258 1654 2311 sunt,
1704 2264 1852 2314 quam

179 2331 420 2380 movendo
455 2329 874 2392 delectandoque,
910 2330 1132 2394 aptiora,
1168 2330 1238 2378 ita
1270 2346 1430 2393 neque
1464 2332 1758 2379 comicorum
1795 2347 1853 2380 ea

180 2417 296 2460 sunt
341 2411 556 2475 optima,
604 2425 727 2472 quae
774 2409 888 2458 vitia
923 2416 1126 2467 notare,
1191 2426 1336 2473 quam
1387 2412 1540 2458 risum
1586 2411 1851 2472 concitare,

181 2490 424 2552 antiquius
460 2490 668 2537 habent:
715 2505 810 2553 quo
843 2496 990 2553 pacto
1026 2496 1190 2538 satura
1225 2490 1379 2539 multo
1414 2507 1560 2553 quam
1597 2491 1852 2539 comoedia

180 2569 386 2617 inferior
430 2573 523 2617 est.
591 2569 631 2616 A
680 2577 928 2619 certorum
965 2570 1217 2618 homiuum
1252 2570 1329 2617 vel
1363 2570 1588 2618 laudibus
1624 2569 1700 2617 vel
1737 2585 1852 2619 con-

181 2649 398 2698 tumeliis
447 2647 753 2698 celebrandis
798 2655 903 2698 tum
937 2650 1138 2698 heroica
1172 2650 1276 2698 sive
1307 2651 1468 2712 gravia
1504 2657 1609 2698 tum
1643 2650 1855 2698 iambica

183 2719 290 2777 sive
314 2728 521 2776 ridicula
555 2731 782 2790 carmina,
819 2736 950 2779 teste
985 2731 1282 2789 Aristotele,
1317 2730 1556 2793 originem
1593 2736 1854 2794 ceperunt;

184 2807 274 2858 sed
334 2807 637 2872 procedente
696 2815 920 2874 tempore
966 2812 1199 2858 maiorem
1252 2810 1609 2874 perfectionem
1658 2811 1854 2875 adepta,

182 2888 349 2938 missis
385 2888 554 2952 privis,
588 2888 651 2936 ad
685 2905 993 2940 communem
1027 2892 1279 2939 hominum
1314 2900 1534 2940 naturam
1572 2891 1856 2939 imitandam

183 2970 505 3029 transierunt,
531 2983 690 3031 neque
714 2969 809 3017 iam
833 2970 1073 3020 laudando
1095 2972 1518 3035 vituperandoque
1545 2973 1726 3020 docere
1751 2975 1856 3019 stu-

186 3049 412 3108 duerunt,
450 3048 537 3096 sed
575 3048 651 3097 vel
686 3051 851 3114 gravia
883 3052 1189 3100 ostendendo
1225 3051 1627 3111 admirationem,
1670 3058 1857 3100 metum

93 3178 98 3184 ,
187 3134 240 3177 et
272 3129 665 3191 miserationem,
717 3129 795 3178 vel
830 3130 957 3179 levia
990 3139 1135 3196 atque
1172 3131 1382 3180 ridicula
1411 3133 1692 3195 effingendo
1726 3131 1859 3179 hila-

186 3208 382 3257 ritatem
417 3214 468 3257 et
502 3209 792 3257 oblivionem
829 3209 1066 3259 malorum
1101 3212 1316 3275 gignere.
1386 3211 1668 3276 Utrumque
1702 3226 1858 3276 genus

188 3288 435 3337 Homerus
483 3304 851 3339 consummasse
894 3294 1186 3356 putabatur,
1235 3292 1298 3340 de
1342 3308 1438 3355 quo
1485 3293 1610 3340 haec
1659 3289 1861 3354 scripsit

189 3366 512 3417 Aristoteles:
540 3369 841 3432 ,‚Homerus,
859 3371 1268 3434 quemadmodum
1291 3373 1506 3438 gravium
1535 3387 1698 3420 rerum
1724 3386 1860 3419 sum-

191 3461 302 3496 mus
334 3447 429 3498 fuit
460 3455 609 3512 poeta
643 3449 802 3513 (solus
837 3452 965 3501 enim
998 3469 1094 3504 uon
1127 3451 1274 3502 modo
1307 3454 1435 3503 bene
1469 3450 1689 3502 condidit
1723 3449 1861 3515 quic-
