2150 3866
1110 273 1231 327 202

325 421 427 474 σιν,
464 406 528 461 ὃν
556 403 700 460 εἶπεν
734 407 791 462 ἐκ
824 415 923 463 τοῦ
955 412 1112 479 ἡλίου
1147 419 1422 468 πεσεῖσθαι
1441 432 1453 444 ·
1489 419 1619 474 ὅθεν
1662 423 1752 476 καὶ
1784 425 2006 490 Εὐριπί-

324 491 440 555 δην,
490 488 739 557 μαθητὴν
785 494 915 543 ὄντα
960 495 1156 558 αὐτοῦ,
1213 497 1516 564 χρυσέαν
1562 504 1790 568 βῶλον
1838 507 2006 559 εἰπεῖν

322 570 418 621 τὸν
449 569 603 637 ἥλιον
637 567 695 621 ἐν
733 572 1018 627 Φαέθοντι.
1093 579 1261 643 itaque
1296 582 1445 630 etiam
1483 583 1731 636 Lucianus
1782 589 1830 637 in
1876 591 2002 654 ignis

321 653 703 714 multitudinem,
741 657 878 717 quasi
898 658 1016 705 soiis
1042 675 1239 708 currum
1269 657 1478 725 (ἐπιβὰς
1506 663 1767 716 τοσούτου
1790 667 2001 732 πυρός),

321 734 673 783 conscendisse
692 735 816 783 dixit
843 738 1289 790 adolescentulum:
1319 743 1459 791 cuius
1486 744 1558 792 vis
1585 760 1646 793 ne
1674 750 1867 812 corpori
1896 751 2001 798 eius

318 821 556 870 noceret,
605 816 759 877 patris
806 816 1049 866 beneficio
1100 819 1334 869 effectum
1384 829 1491 883 est3
1543 823 1610 874 cf.
1645 841 1689 873 v.
1730 829 1793 875 14
1837 834 1890 877 et
1923 831 2000 879 15.

318 894 462 943 ovid.
500 894 557 953 ΙΙ,
600 896 711 942 122.

449 974 572 1022 Orat
607 973 788 1022 deinde
823 980 967 1038 pater
999 978 1185 1038 filium,
1222 986 1276 1028 ut
1311 988 1487 1032 conatu
1523 985 1756 1035 absistat:

448 1052 538 1119 μή,
574 1055 684 1116 παῖ,
719 1053 879 1121 θίγῃς
910 1052 1038 1108 ποθ’
1070 1056 1256 1124 ήνίων,
1296 1061 1512 1125 ἄπειρος
1546 1064 1639 1127 ὢν,

448 1133 570 1201 μηδ’
607 1131 664 1184 ἐν
699 1133 939 1199 δίφροισι
974 1138 1090 1203 βῇς,
1129 1136 1369 1191 ἐλαύνειν
1401 1141 1473 1208 μὴ
1508 1144 1716 1206 μαθών.
1933 1149 2002 1195 90

314 1216 536 1267 Traditis
572 1221 736 1264 autem
781 1219 985 1266 habenis
1027 1221 1169 1269 hisce
1203 1223 1367 1270 verbis
1409 1224 1567 1274 fitium
1606 1227 1756 1275 docet
1797 1219 1966 1291 pater:

444 1292 535 1346 ἔλα
568 1293 626 1346 δὲ
659 1296 787 1362 μήτε
822 1295 1063 1361 Λιβυκὸν
1093 1298 1262 1364 αἰθέρ’
1299 1298 1570 1366 ἐμβαλών·

444 1381 635 1443 κρᾶσιν
669 1376 772 1441 γὰρ
808 1376 983 1443 ὑγρὰν
1019 1380 1119 1431 οὐκ
1154 1379 1302 1446 ἔχων,
1341 1382 1510 1445 α’ψῖδα
1543 1379 1646 1450 σὴν

441 1458 582 1508 κάτω
617 1456 785 1524 διήσει
918 1487 981 1496 —-
1160 1489 1212 1497 —

311 1541 488 1604 quibus
525 1541 761 1603 deinceps
797 1539 963 1588 addit:

443 1618 509 1669 ἵει
545 1618 592 1669 δ’
630 1615 712 1683 ἐφ’
748 1614 876 1669 ἑπτὰ
914 1619 1195 1670 Πλειάδων
1229 1621 1363 1688 ἔχων
1398 1622 1615 1689 δρόμον.

442 1692 655 1751 τοσαῦτ’
692 1699 926 1759 ἀκούσας
963 1695 1053 1750 εἶτ’
1089 1701 1322 1766 ἔμαρψεν
1355 1703 1523 1769 ἡνίας,
1930 1712 1995 1757 95

442 1781 678 1847 κρούσας
713 1780 769 1831 δὲ
804 1779 1006 1845 πλευρὰ
1040 1784 1391 1848 πτεροφόρων
1425 1782 1705 1850 ὀχημάτων

436 1864 695 1928 μεθῆκεν·
735 1861 790 1911 αἱ
825 1862 872 1912 δ’
910 1859 1116 1913 ὲ’πταντ’
1153 1855 1227 1914 ἐπ’
1264 1862 1481 1927 αἰθέρος
1514 1866 1732 1933 πτύχας.

437 1940 611 2010 πατὴρ
647 1937 694 1992 δ’
728 1943 940 2006 ὄπισθε,
976 1945 1120 1994 νῶτα
1156 1945 1394 2010 σειραίου
1431 1946 1615 2012 βεβώς,

440 2022 644 2084 ἵππευε,
679 2023 846 2074 παῖδα
878 2028 1185 2077 νουθετῶν·
1222 2025 1375 2078 ἐκεῖσ’
1409 2022 1517 2090 ἔλα,

435 2102 617 2171 στρέφ’
653 2102 797 2169 ἅρμα
829 2105 973 2171 τῇδε.
1895 2111 1994 2156 100

438 2187 581 2235 Haec
629 2195 684 2235 ut
730 2189 984 2250 exempiar
1030 2189 1177 2236 animi
1210 2189 1423 2252 imagine
1470 2206 1636 2239 rerum
1680 2189 1868 2238 incensi
1899 2203 1991 2253 po-

305 2281 427 2315 nens
475 2266 757 2330 LonginuS,
807 2266 1044 2327 „Nonne‚
1092 2269 1280 2330 inquit,
1331 2270 1538 2316 animam
1588 2270 1845 2332 scriptoris
1892 2283 1991 2316 una

305 2362 504 2396 currum
540 2346 890 2394 conscendisse
924 2345 1060 2394 dicas
1096 2352 1149 2394 et
1184 2363 1292 2394 cum
1321 2348 1460 2411 equis
1489 2349 1845 2411 periclitantem
1873 2363 1990 2395 avo-

303 2427 447 2475 lare?
483 2428 741 2491 Nunquam
779 2428 925 2485 enim,
963 2427 1057 2474 nisi
1095 2442 1207 2475 cum
1243 2428 1547 2476 coelestibus
1573 2429 1670 2476 illis
1699 2431 1848 2477 rebus
1875 2444 1988 2476 cur-

306 2524 417 2557 sum
453 2513 721 2570 aequaret,
758 2508 875 2555 talia
910 2508 1176 2572 imaginata
1211 2506 1392 2555 esset.’‘
1460 2509 1750 2557 Sucularum
1792 2523 1988 2572 quoque

306 2588 485 2636 sideris
520 2588 823 2635 mentionem
863 2587 983 2636 fecit
1019 2588 1281 2651 Euripides
1317 2603 1376 2636 eo
1413 2587 1537 2646 loco,
1576 2604 1673 2652 quo
1697 2588 1840 2635 finxit
1858 2589 1987 2637 viam

306 2684 334 2715 a
369 2666 485 2716 Sole
522 2668 818 2716 Phaethonti
854 2669 1187 2731 proficiscenti
1223 2667 1524 2732 praescribi:
1565 2676 1617 2716 et
1652 2668 1848 2732 quidem
1884 2673 1986 2716 tres

305 2763 421 2796 esse
457 2748 658 2812 Hyadas
697 2748 888 2797 dixerat
923 2754 1053 2798 teste
1088 2749 1240 2797 Arato
1276 2747 1459 2797 Phaen.
1486 2751 1598 2797 169.
1635 2747 1832 2814 (fragm.
1863 2744 1983 2808 12.).
2055 2800 2063 2805 ρ

417 2964 467 3004 V.
497 2963 567 3005 89.
596 2978 688 3020 seq.
718 2966 847 3008 Haec
875 2965 994 3020 apud
1024 2965 1301 3007 Clementem
1329 2965 1455 3023 Alex.
1491 2965 1556 3007 sic
1584 2964 1772 3020 scripta:

470 3033 531 3090 μὴ
563 3038 700 3092 θίγῃς
732 3033 888 3088 ἠνίων,
916 3037 1119 3090 παιδίον,
1151 3032 1340 3092 ἄπειρος
1371 3033 1450 3088 ὥν,

466 3104 581 3159 μηδὲ
613 3103 788 3164 οἷυοβῇς
817 3105 898 3150 τὸν
925 3108 1108 3164 δίφρον,
1138 3104 1344 3149 ἐλαύνειν
1373 3103 1435 3162 μὴ
1467 3103 1662 3161 μαθώνς

301 3174 380 3218 alii
409 3174 538 3217 aliter
576 3182 931 3231 composuerunt.

413 3245 462 3285 V.
506 3244 601 3286 100.
673 3248 783 3289 Ante
827 3262 960 3290 voces
1009 3244 1163 3304 στρέφ’
1201 3242 1325 3300 ἅρμα
1370 3246 1477 3303 τῇδε
1526 3244 1574 3286 in
1616 3241 1805 3298 Longini
1853 3240 1980 3283 libris

304 3316 479 3358 adiecta
509 3321 609 3358 sunt
631 3318 853 3359 vocabula
883 3319 939 3374 τῇ
971 3317 1042 3374 ῥα.
1089 3317 1237 3371 Quum
1255 3317 1467 3371 scriptum
1497 3318 1612 3356 esset
1634 3314 1780 3354 παῖδα
1809 3313 1978 3355 νουθε-

302 3386 397 3429 τῶν
421 3385 634 3444 ἐλατῆρα,
669 3383 822 3443 στρέφ’
853 3383 975 3443 ἅρμα
1002 3387 1126 3445 τῇδε,
1158 3387 1331 3428 librarii
1354 3391 1528 3440 partem
1545 3382 1756 3428 vocabuli
1779 3380 1980 3439 ἐλατῆρα

305 3469 334 3498 a
363 3469 552 3511 corpore
582 3459 774 3502 solutam
802 3458 953 3501 verbis
982 3462 1141 3513 poetae
1171 3457 1424 3500 affixerunt.
