2170 3866
1098 294 1222 350 492

331 439 394 489 ab
427 440 621 507 Ulysse·
649 437 833 504 privari
867 439 1110 503 fingeret,
1159 442 1317 491 multo
1351 442 1515 491 minus
1549 443 1601 490 in
1637 442 1731 494 hac
1764 447 2026 497 occasione

329 520 530 568 videtur
577 526 859 568 commeatu
902 522 1173 570 intercluso
1206 522 1449 586 impedire
1482 523 1717 586 voluisse,
1763 527 2024 589 quominus

329 600 531 650 nuntius
579 599 714 647 foras
774 599 837 648 ad
900 607 1208 666 spectatores
1270 603 1597 667 perferretur.
1679 604 1803 652 Nam
1859 605 2024 655 iussos

329 696 444 728 esse
478 680 748 728 histriones
785 681 959 744 capitis
995 682 1270 745 periculum
1308 684 1506 741 subire,
1548 699 1660 731 cum
1694 685 1742 733 in
1777 684 2024 748 pulpitum

328 775 392 808 ex
425 760 628 823 fastigio
663 774 842 809 scenae
876 762 1186 825 inspectante
1224 764 1407 827 populo
1445 763 1725 824 desilirent,
1763 764 2024 814 absurdius

330 844 438 903 est,
477 856 622 903 quam
666 840 797 903 quod
835 842 1134 890 scholiastae
1171 842 1354 890 dicenti
1389 844 1667 896 credamus,
1736 846 1776 894 A
1813 844 2022 894 scenicis

327 922 457 970 enim
509 922 575 969 ait
610 922 881 969 inculcatos
918 938 1031 971 esse
1064 938 1238 971 versus
1275 925 1666 984 1352-1354.,
1718 925 1897 989 quibus
1931 940 2024 988 per

325 1003 521 1050 ianuam
561 1001 763 1065 prodire
799 1001 965 1065 Phryx
1003 1002 1088 1050 ille
1124 1003 1349 1052 dicatur:
1385 1020 1498 1052 nam
1527 1006 1657 1069 quod
1685 1004 2022 1069 periculosum

325 1097 387 1131 ex
423 1082 631 1131 aedibus
666 1081 846 1129 saltum
881 1082 1228 1144 formidarent,
1264 1085 1450 1132 cavisse
1486 1101 1571 1132 eos
1609 1085 1880 1150 suppositis
1908 1083 2022 1132 istis

323 1162 613 1222 versiculis,
649 1178 713 1210 ne
746 1177 840 1227 per
872 1162 1175 1211 vestibulum
1212 1164 1447 1229 prodiens
1481 1164 1680 1226 histrio,
1723 1165 1807 1229 qui
1841 1179 2023 1230 perso-

323 1259 437 1293 nam
473 1248 647 1305 ageret
683 1241 925 1306 Phrygis,
977 1249 1149 1291 contra
1194 1243 1498 1294 voluntatem
1546 1246 1765 1294 auctoris
1811 1259 2023 1311 peccare

321 1313 592 1373 videretur.
663 1320 869 1370 Rectius
905 1322 1029 1369 alius
1066 1324 1267 1386 quidam
1302 1327 1732 1387 grammaticorum
1781 1341 1843 1374 ex
1876 1331 2024 1390 parte

322 1402 500 1452 domus
538 1398 876 1466 (οἰκήματος)
909 1402 1003 1450 alia
1035 1402 1085 1450 in
1121 1403 1263 1451 aliam
1299 1420 1412 1453 eum
1453 1405 1714 1454 desiluisse
1747 1404 2017 1464 intellexit3

324 1482 508 1531 erravit
555 1488 723 1530 autem
759 1483 807 1530 in
843 1498 933 1541 eo,
981 1484 1114 1546 quod
1163 1484 1383 1533 effractis
1430 1485 1589 1534 ianuis
1636 1483 1851 1546 dixit*)‚
1897 1482 2019 1531 nihil

323 1561 570 1628 Euripide
615 1578 776 1626 neque
825 1562 889 1610 de
930 1562 1203 1611 claudenda
1236 1565 1382 1612 ianua
1416 1580 1579 1628 neque
1613 1566 1678 1613 de
1712 1562 2020 1628 effringenda

322 1650 758 1692 commemorante.
1350 1692 1354 1697 ,

457 1723 700 1782 „Minime
745 1723 1069 1772 dubitandum
1116 1728 1222 1785 est,
1287 1724 1402 1790 quin
1456 1729 1605 1789 poeta
1665 1723 1757 1772 sub
1806 1737 2021 1788 persona

321 1802 534 1868 Phrygis
590 1807 752 1851 <totam
805 1803 1072 1852 Persarum
1123 1811 1351 1870 gentem,
1411 1821 1721 1855 communem
1776 1803 2022 1853 Graeciae

319 1884 537 1944 hostem,
574 1884 762 1932 civibus
797 1886 902 1934 suis
939 1885 1262 1933 deridendam
1298 1887 1568 1951 propinare
1602 1885 1826 1934 voluerit.
1891 1882 2020 1932 Nam

322 1966 398 2014 sic
447 1965 563 2013 alibi
600 1965 864 2013 Persarum
907 1967 1106 2014 habitus
1144 1973 1196 2015 et
1228 1967 1458 2015 instituta
1492 1967 1777 2032 Phrygibus
1812 1963 2017 2013 tribuit:

322 2045 563 2096 Androm.
599 2048 710 2095 174.
762 2045 902 2110 Cycl.
938 2048 1050 2096 182.
1110 2046 1364 2113 Phrygem
1424 2048 1576 2113 igitur
1633 2048 1765 2095 hunc
1821 2043 2020 2093 ridiculi

324 2141 503 2175 caussa
552 2141 648 2174 non
695 2127 846 2175 modo
898 2127 1134 2191 timidum
1170 2133 1223 2202 e}
1259 2127 1488 2193 fugacem
1535 2127 1699 2190 fingit,
1748 2126 1838 2174 sed
1882 2124 2019 2188 fuga,

321 2211 552 2269 tanquam
589 2222 645 2253 re
680 2209 938 2270 praeclare
972 2213 1131 2273 gesta,
1167 2209 1467 2272 gestientem
1504 2213 1554 2254 et
1588 2207 1944 2256 exsultantem:

448 2278 690 2350 Ἀργεῖον
726 2285 878 2351 ξίφος
913 2283 970 2336 ἐκ
1007 2287 1256 2335 θανάτου
1289 2285 1548 2349 πέφευγα.

320 2365 469 2416 Nulla
517 2383 575 2415 re
618 2368 837 2415 indolem
886 2369 1046 2432 gentis
1097 2367 1393 2414 luculentius
1444 2364 1711 2413 ostendere
1755 2365 2016 2429 potuisset.

323 2448 422 2510 Qui
471 2448 603 2495 enim
638 2447 770 2496 inter
818 2448 1047 2495 homines
1082 2447 1349 2495 bellicosos
1387 2446 1595 2493 vixisset
1629 2451 1778 2508 atque
1811 2445 1862 2493 in
1898 2445 2018 2494 civi·

322 2535 443 2588 tate,
479 2543 605 2590 quae
638 2526 948 2576 fortitudinis
979 2528 1175 2576 laudem
1210 2533 1504 2585 sectaretur,
1539 2525 1851 2574 timiditatem
1879 2541 2018 2575 suam

322 2610 402 2659 vel
438 2609 653 2657 celasset
686 2608 765 2655 vel
801 2608 981 2656 invitus
1018 2615 1068 2656 et
1114 2624 1225 2655 cum
1262 2607 1453 2672 pudore
1487 2606 1652 2653 fassus
1689 2612 1854 2664 esset,
1891 2622 2017 2656 nun-

324 2693 472 2756 quam
519 2694 657 2736 certe
701 2688 839 2735 velut
879 2688 1229 2751 gloriabundus
1278 2694 1327 2734 et
1373 2686 1625 2749 gratulans
1653 2687 1763 2734 sibi
1798 2703 2017 2735 comme·
2056 2675 2068 2684 ⁸

321 2768 618 2821 morasset.”
686 2769 875 2829 Argute
920 2768 1046 2816 haec
1081 2767 1390 2830 Musgravius
1427 2766 1692 2826 disseruit;
1736 2767 2018 2816 addendum

326 2857 435 2909 est,
483 2849 615 2912 quod
662 2848 924 2896 Menelaus
977 2855 1027 2895 et
1079 2848 1270 2895 Helena
1322 2848 1463 2909 quasi
1511 2848 1673 2911 imago
1710 2847 1868 2896 efficti
1903 2852 2019 2896 sunt

324 2931 681 2994 Spartanorum
716 2928 907 2976 luxuria
939 2928 1157 2976 Asiatica
1193 2908 1564 2990 cdrruptorum;
1602 2926 1667 2976 cf.
1688 2925 1817 2974 T.11.
1839 2943 1885 2990 p.
1903 2929 2015 2978 112.

447 3001 759 3072 Ἀρμάτειον
806 3007 986 3071 μέλος,
1035 3024 1132 3071 quo
1180 3023 1234 3055 se
1269 3008 1339 3054 uti
1376 3008 1492 3054 dicit
1527 3006 1696 3070 Phryx
1731 3005 1836 3065 ille,
1885 3007 2017 3056 unde

325 3089 511 3139 dictum
550 3089 755 3147 fuisset,
807 3089 1048 3153 Didymus
1094 3093 1144 3136 et
1179 3087 1486 3136 Alexandrus
1522 3086 1830 3152 grammatici
1864 3087 2017 3136 multa

327 3171 651 3219 coniicientes
703 3185 799 3218 non
843 3176 1113 3234 potuerunt
1148 3168 1405 3233 reperire,
1454 3183 1576 3232 quas
1621 3167 1934 3215 coniecturas
1966 3167 2015 3215 in

382 3354 431 3410 ἧι)
462 3348 599 3406 οὗτος
629 3350 655 3398 ὁ
689 3353 815 3414 Φρῦξ
845 3353 1063 3412 εὐνοῦχος
1092 3351 1157 3398 ὢν
1185 3350 1326 3397 ἄλλον
1355 3351 1439 3409 μὲν
1465 3350 1715 3407 οἰκήματος
1741 3347 2016 3406 ὖπερπηδή-

469 3439 553 3476 σας
590 3423 648 3469 τὰ
682 3425 840 3482 στέγη,
879 3425 927 3470 ἐν
966 3423 1086 3481 ἄλλῳ
1119 3423 1170 3470 δὲ
1207 3421 1359 3469 ἐλθών
1387 3424 1467 3468 καὶ
1498 3421 1836 3480 ἠσφαλισμένας
1867 3417 2017 3478 εὑρών

469 3493 554 3548 τὰς
581 3495 754 3542 τούτου
786 3497 958 3552 πύλας,
995 3494 1054 3541 τὰ
1097 3493 1267 3540 τούτου
1296 3497 1490 3552 κλεῖθρα
1527 3494 1782 3551 συντρίψας
1810 3490 2016 3548 ἐξῆλθεν.
