<?xml version="1.0" encoding="UTF-8"?>
<!DOCTYPE html PUBLIC "-//W3C//DTD XHTML 1.0 Transitional//EN"
    "http://www.w3.org/TR/xhtml1/DTD/xhtml1-transitional.dtd">
<html xmlns="http://www.w3.org/1999/xhtml" xml:lang="en" lang="en">
 <head>
  <title>
</title>
<meta http-equiv="Content-Type" content="text/html;charset=utf-8" />
  <meta name='ocr-system' content='tesseract 3.04.00' />
  <meta name='ocr-capabilities' content='ocr_page ocr_carea ocr_par ocr_line ocrx_word'/>
</head>
<body>
  <div class='ocr_page' id='page_1' title='image "./euripidesrestitu02hartuoft_0129.png"; bbox 0 0 2170 3848; ppageno 0'>
   <div class='ocr_carea' id='block_1_1' title="bbox 891 295 1012 353">
    <p class='ocr_par' dir='ltr' id='par_1_1' title="bbox 891 295 1012 353">
     <span class='ocr_line' id='line_1_1' title="bbox 891 295 1012 353; baseline -0.008 0"><span class='ocrx_word' id='word_1_1' title='bbox 891 295 1012 353; x_wconf 71' lang='lat'><strong>117</strong></span> 
     </span>
    </p>
   </div>
   <div class='ocr_carea' id='block_1_2' title="bbox 113 440 1791 3541">
    <p class='ocr_par' dir='ltr' id='par_1_2' title="bbox 113 440 1791 3128">
     <span class='ocr_line' id='line_1_2' title="bbox 117 440 1790 507; baseline -0.002 -10"><span class='ocrx_word' id='word_1_2' title='bbox 117 464 146 497; x_wconf 84' lang='lat' dir='ltr'><strong>a</strong></span> <span class='ocrx_word' id='word_1_3' title='bbox 179 445 410 496; x_wconf 78' lang='lat' dir='ltr'>Menelao</span> <span class='ocrx_word' id='word_1_4' title='bbox 455 444 662 493; x_wconf 85' lang='lat' dir='ltr'><strong>ducatur</strong></span> <span class='ocrx_word' id='word_1_5' title='bbox 708 443 1054 507; x_wconf 87' lang='lat' dir='ltr'><strong>flebilibusque</strong></span> <span class='ocrx_word' id='word_1_6' title='bbox 1099 440 1313 506; x_wconf 87' lang='lat' dir='ltr'><strong>querelis</strong></span> <span class='ocrx_word' id='word_1_7' title='bbox 1357 446 1518 491; x_wconf 86' lang='lat' dir='ltr'><strong>mater</strong></span> <span class='ocrx_word' id='word_1_8' title='bbox 1560 449 1612 494; x_wconf 89' lang='lat' dir='ltr'><strong>et</strong></span> <span class='ocrx_word' id='word_1_9' title='bbox 1656 442 1790 493; x_wconf 84' lang='lat' dir='ltr'><strong>filius</strong></span> 
     </span>
     <span class='ocr_line' id='line_1_3' title="bbox 118 521 1791 588; baseline -0.002 -11"><span class='ocrx_word' id='word_1_10' title='bbox 118 527 324 577; x_wconf 88' lang='lat' dir='ltr'><strong>alternis</strong></span> <span class='ocrx_word' id='word_1_11' title='bbox 369 530 558 575; x_wconf 83' lang='lat' dir='ltr'><strong>sortem</strong></span> <span class='ocrx_word' id='word_1_12' title='bbox 610 540 748 574; x_wconf 88' lang='lat' dir='ltr'><strong>suam</strong></span> <span class='ocrx_word' id='word_1_13' title='bbox 799 524 1073 588; x_wconf 84' lang='lat' dir='ltr'><strong>deplorent.</strong></span> <span class='ocrx_word' id='word_1_14' title='bbox 1153 521 1316 583; x_wconf 84' lang='lat' dir='ltr'><strong>Atque</strong></span> <span class='ocrx_word' id='word_1_15' title='bbox 1365 521 1479 581; x_wconf 88' lang='lat' dir='ltr'><strong>illa,</strong></span> <span class='ocrx_word' id='word_1_16' title='bbox 1526 540 1636 572; x_wconf 87' lang='lat' dir='ltr'><strong>cum</strong></span> <span class='ocrx_word' id='word_1_17' title='bbox 1682 525 1791 588; x_wconf 84' lang='lat' dir='ltr'><strong>ipsa</strong></span> 
     </span>
     <span class='ocr_line' id='line_1_4' title="bbox 118 599 1788 670; baseline -0.002 -14"><span class='ocrx_word' id='word_1_18' title='bbox 118 613 327 657; x_wconf 87' lang='lat' dir='ltr'><strong>mortem</strong></span> <span class='ocrx_word' id='word_1_19' title='bbox 360 607 462 670; x_wconf 85' lang='lat' dir='ltr'><strong>pati</strong></span> <span class='ocrx_word' id='word_1_20' title='bbox 495 621 592 655; x_wconf 89' lang='lat' dir='ltr'><strong>non</strong></span> <span class='ocrx_word' id='word_1_21' title='bbox 624 610 853 663; x_wconf 85' lang='lat' dir='ltr'><strong>recuset,</strong></span> <span class='ocrx_word' id='word_1_22' title='bbox 889 607 1051 651; x_wconf 85' lang='lat' dir='ltr'><strong>tamen</strong></span> <span class='ocrx_word' id='word_1_23' title='bbox 1086 599 1242 648; x_wconf 88' lang='lat' dir='ltr'><strong>filium</strong></span> <span class='ocrx_word' id='word_1_24' title='bbox 1276 600 1412 649; x_wconf 89' lang='lat' dir='ltr'><strong>iubet</strong></span> <span class='ocrx_word' id='word_1_25' title='bbox 1445 602 1507 650; x_wconf 88' lang='lat' dir='ltr'><strong>ad</strong></span> <span class='ocrx_word' id='word_1_26' title='bbox 1543 604 1788 654; x_wconf 83' lang='lat' dir='ltr'><strong>carnificis</strong></span> 
     </span>
     <span class='ocr_line' id='line_1_5' title="bbox 116 679 1788 754; baseline -0.003 -18"><span class='ocrx_word' id='word_1_27' title='bbox 116 703 275 754; x_wconf 85' lang='lat' dir='ltr'><strong>genua</strong></span> <span class='ocrx_word' id='word_1_28' title='bbox 319 686 730 751; x_wconf 85' lang='lat' dir='ltr'><strong>procumbentem</strong></span> <span class='ocrx_word' id='word_1_29' title='bbox 781 679 1169 730; x_wconf 84' lang='lat' dir='ltr'><strong>misericordiam</strong></span> <span class='ocrx_word' id='word_1_30' title='bbox 1229 679 1442 729; x_wconf 89' lang='lat' dir='ltr'><strong>hominis</strong></span> <span class='ocrx_word' id='word_1_31' title='bbox 1501 682 1788 746; x_wconf 87' lang='lat' dir='ltr'><strong>implorare,</strong></span> 
     </span>
     <span class='ocr_line' id='line_1_6' title="bbox 118 759 1787 832; baseline -0.002 -17"><span class='ocrx_word' id='word_1_32' title='bbox 118 768 218 832; x_wconf 89' lang='lat' dir='ltr'><strong>qui,</strong></span> <span class='ocrx_word' id='word_1_33' title='bbox 252 767 357 814; x_wconf 84' lang='lat' dir='ltr'><strong>saxi</strong></span> <span class='ocrx_word' id='word_1_34' title='bbox 389 765 544 814; x_wconf 86' lang='lat' dir='ltr'><strong>instar</strong></span> <span class='ocrx_word' id='word_1_35' title='bbox 577 765 730 813; x_wconf 88' lang='lat' dir='ltr'><strong>durus</strong></span> <span class='ocrx_word' id='word_1_36' title='bbox 763 766 908 825; x_wconf 88' lang='lat' dir='ltr'><strong>atque</strong></span> <span class='ocrx_word' id='word_1_37' title='bbox 941 759 1232 821; x_wconf 81' lang='lat' dir='ltr'><strong>immobiliS,</strong></span> <span class='ocrx_word' id='word_1_38' title='bbox 1281 775 1442 823; x_wconf 88' lang='lat' dir='ltr'><strong>neque</strong></span> <span class='ocrx_word' id='word_1_39' title='bbox 1476 763 1618 826; x_wconf 90' lang='lat' dir='ltr'><strong>pueri</strong></span> <span class='ocrx_word' id='word_1_40' title='bbox 1652 763 1787 812; x_wconf 90' lang='lat' dir='ltr'><strong>inno-</strong></span> 
     </span>
     <span class='ocr_line' id='line_1_7' title="bbox 119 839 1788 911; baseline -0.003 -16"><span class='ocrx_word' id='word_1_41' title='bbox 119 846 276 895; x_wconf 87' lang='lat' dir='ltr'><strong>centis</strong></span> <span class='ocrx_word' id='word_1_42' title='bbox 305 845 531 911; x_wconf 83' lang='lat' dir='ltr'><strong>precibus</strong></span> <span class='ocrx_word' id='word_1_43' title='bbox 558 857 718 905; x_wconf 92' lang='lat' dir='ltr'><strong>neque</strong></span> <span class='ocrx_word' id='word_1_44' title='bbox 744 840 964 890; x_wconf 87' lang='lat' dir='ltr'><strong>mulieris</strong></span> <span class='ocrx_word' id='word_1_45' title='bbox 993 839 1205 889; x_wconf 79' lang='lat' dir='ltr'><strong>lacrimis</strong></span> <span class='ocrx_word' id='word_1_46' title='bbox 1230 840 1484 899; x_wconf 78' lang='lat' dir='ltr'><strong>retinetur,</strong></span> <span class='ocrx_word' id='word_1_47' title='bbox 1531 842 1788 904; x_wconf 83' lang='lat' dir='ltr'><strong>quominus</strong></span> 
     </span>
     <span class='ocr_line' id='line_1_8' title="bbox 118 919 1788 986; baseline -0.002 -12"><span class='ocrx_word' id='word_1_48' title='bbox 118 927 228 976; x_wconf 88' lang='lat' dir='ltr'><strong>iure</strong></span> <span class='ocrx_word' id='word_1_49' title='bbox 241 930 385 974; x_wconf 88' lang='lat' dir='ltr'><strong>utens</strong></span> <span class='ocrx_word' id='word_1_50' title='bbox 406 923 605 971; x_wconf 86' lang='lat' dir='ltr'><strong>victoris</strong></span> <span class='ocrx_word' id='word_1_51' title='bbox 633 921 871 986; x_wconf 83' lang='lat' dir='ltr'><strong>captivos,</strong></span> <span class='ocrx_word' id='word_1_52' title='bbox 901 935 1022 984; x_wconf 86' lang='lat' dir='ltr'><strong>quos</strong></span> <span class='ocrx_word' id='word_1_53' title='bbox 1047 919 1316 968; x_wconf 87' lang='lat' dir='ltr'><strong>commodis</strong></span> <span class='ocrx_word' id='word_1_54' title='bbox 1334 920 1435 967; x_wconf 88' lang='lat' dir='ltr'><strong>suis</strong></span> <span class='ocrx_word' id='word_1_55' title='bbox 1462 921 1678 970; x_wconf 87' lang='lat' dir='ltr'><strong>obficere</strong></span> <span class='ocrx_word' id='word_1_56' title='bbox 1697 938 1788 985; x_wconf 90' lang='lat' dir='ltr'><strong>pu-</strong></span> 
     </span>
     <span class='ocr_line' id='line_1_9' title="bbox 121 999 1787 1065; baseline -0.004 -10"><span class='ocrx_word' id='word_1_57' title='bbox 121 1010 207 1065; x_wconf 73' lang='lat' dir='ltr'><strong>tat,</strong></span> <span class='ocrx_word' id='word_1_58' title='bbox 239 1002 519 1053; x_wconf 86' lang='lat' dir='ltr'><strong>interficiat.</strong></span> <span class='ocrx_word' id='word_1_59' title='bbox 587 999 688 1049; x_wconf 86' lang='lat' dir='ltr'><strong>Sed</strong></span> <span class='ocrx_word' id='word_1_60' title='bbox 722 1005 926 1065; x_wconf 85' lang='lat' dir='ltr'><strong>repente</strong></span> <span class='ocrx_word' id='word_1_61' title='bbox 959 999 1101 1049; x_wconf 91' lang='lat' dir='ltr'><strong>Pelei</strong></span> <span class='ocrx_word' id='word_1_62' title='bbox 1133 1001 1413 1048; x_wconf 89' lang='lat' dir='ltr'><strong>interventu</strong></span> <span class='ocrx_word' id='word_1_63' title='bbox 1447 1015 1531 1047; x_wconf 90' lang='lat' dir='ltr'><strong>res</strong></span> <span class='ocrx_word' id='word_1_64' title='bbox 1567 1016 1787 1049; x_wconf 88' lang='lat' dir='ltr'><strong>eommu-</strong></span> 
     </span>
     <span class='ocr_line' id='line_1_10' title="bbox 117 1079 1788 1146; baseline -0.003 -13"><span class='ocrx_word' id='word_1_65' title='bbox 117 1088 311 1143; x_wconf 79' lang='lat' dir='ltr'><strong>tantur,</strong></span> <span class='ocrx_word' id='word_1_66' title='bbox 359 1081 471 1145; x_wconf 91' lang='lat' dir='ltr'><strong>qui,</strong></span> <span class='ocrx_word' id='word_1_67' title='bbox 517 1086 779 1146; x_wconf 84' lang='lat' dir='ltr'><strong>postquam</strong></span> <span class='ocrx_word' id='word_1_68' title='bbox 814 1081 1071 1144; x_wconf 84' lang='lat' dir='ltr'><strong>conspexit</strong></span> <span class='ocrx_word' id='word_1_69' title='bbox 1104 1079 1500 1128; x_wconf 83' lang='lat' dir='ltr'><strong>Andromacham</strong></span> <span class='ocrx_word' id='word_1_70' title='bbox 1538 1096 1648 1128; x_wconf 90' lang='lat' dir='ltr'><strong>cum</strong></span> <span class='ocrx_word' id='word_1_71' title='bbox 1684 1080 1788 1128; x_wconf 87' lang='lat' dir='ltr'><strong>filio</strong></span> 
     </span>
     <span class='ocr_line' id='line_1_11' title="bbox 116 1159 1790 1211; baseline -0.002 0"><span class='ocrx_word' id='word_1_72' title='bbox 116 1176 292 1211; x_wconf 81' lang='lat' dir='ltr'><strong>vaccae</strong></span> <span class='ocrx_word' id='word_1_73' title='bbox 341 1161 501 1211; x_wconf 87' lang='lat' dir='ltr'><strong>instar</strong></span> <span class='ocrx_word' id='word_1_74' title='bbox 547 1177 658 1209; x_wconf 91' lang='lat' dir='ltr'><strong>cum</strong></span> <span class='ocrx_word' id='word_1_75' title='bbox 701 1160 854 1209; x_wconf 86' lang='lat' dir='ltr'><strong>vitulo</strong></span> <span class='ocrx_word' id='word_1_76' title='bbox 888 1161 950 1209; x_wconf 86' lang='lat' dir='ltr'><strong>ad</strong></span> <span class='ocrx_word' id='word_1_77' title='bbox 984 1160 1101 1209; x_wconf 89' lang='lat' dir='ltr'><strong>lanii</strong></span> <span class='ocrx_word' id='word_1_78' title='bbox 1136 1159 1344 1208; x_wconf 88' lang='lat' dir='ltr'><strong>cultrum</strong></span> <span class='ocrx_word' id='word_1_79' title='bbox 1380 1159 1607 1208; x_wconf 86' lang='lat' dir='ltr'><strong>venditae</strong></span> <span class='ocrx_word' id='word_1_80' title='bbox 1640 1161 1790 1208; x_wconf 88' lang='lat' dir='ltr'><strong>morti</strong></span> 
     </span>
     <span class='ocr_line' id='line_1_12' title="bbox 114 1239 1790 1308; baseline -0.001 -18"><span class='ocrx_word' id='word_1_81' title='bbox 114 1242 459 1308; x_wconf 84' lang='lat' dir='ltr'><strong>propinquam,</strong></span> <span class='ocrx_word' id='word_1_82' title='bbox 496 1241 690 1305; x_wconf 84' lang='lat' dir='ltr'><strong>cognita</strong></span> <span class='ocrx_word' id='word_1_83' title='bbox 715 1257 907 1299; x_wconf 83' lang='lat' dir='ltr'><strong>caussa,</strong></span> <span class='ocrx_word' id='word_1_84' title='bbox 943 1245 1075 1289; x_wconf 89' lang='lat' dir='ltr'><strong>tanta</strong></span> <span class='ocrx_word' id='word_1_85' title='bbox 1109 1239 1312 1289; x_wconf 83' lang='lat' dir='ltr'><strong>exardet</strong></span> <span class='ocrx_word' id='word_1_86' title='bbox 1346 1240 1697 1305; x_wconf 82' lang='lat' dir='ltr'><strong>indignatione,</strong></span> <span class='ocrx_word' id='word_1_87' title='bbox 1732 1243 1790 1288; x_wconf 85' lang='lat' dir='ltr'><strong>ut</strong></span> 
     </span>
     <span class='ocr_line' id='line_1_13' title="bbox 115 1319 1791 1387; baseline -0.002 -17"><span class='ocrx_word' id='word_1_88' title='bbox 115 1322 256 1387; x_wconf 84' lang='lat' dir='ltr'><strong>quasi</strong></span> <span class='ocrx_word' id='word_1_89' title='bbox 298 1321 593 1370; x_wconf 89' lang='lat' dir='ltr'><strong>iuvenilibus</strong></span> <span class='ocrx_word' id='word_1_90' title='bbox 636 1320 853 1385; x_wconf 85' lang='lat' dir='ltr'><strong>receptis</strong></span> <span class='ocrx_word' id='word_1_91' title='bbox 898 1321 1084 1369; x_wconf 81' lang='lat' dir='ltr'><strong>viribus</strong></span> <span class='ocrx_word' id='word_1_92' title='bbox 1119 1319 1403 1368; x_wconf 83' lang='lat' dir='ltr'><strong>Menelaum</strong></span> <span class='ocrx_word' id='word_1_93' title='bbox 1452 1320 1596 1368; x_wconf 87' lang='lat' dir='ltr'><strong>minis</strong></span> <span class='ocrx_word' id='word_1_94' title='bbox 1642 1325 1791 1384; x_wconf 88' lang='lat' dir='ltr'><strong>atque</strong></span> 
     </span>
     <span class='ocr_line' id='line_1_14' title="bbox 115 1400 1790 1467; baseline -0.002 -16"><span class='ocrx_word' id='word_1_95' title='bbox 115 1401 392 1467; x_wconf 87' lang='lat' dir='ltr'><strong>opprobriis</strong></span> <span class='ocrx_word' id='word_1_96' title='bbox 437 1406 720 1466; x_wconf 85' lang='lat' dir='ltr'><strong>oppugnet,</strong></span> <span class='ocrx_word' id='word_1_97' title='bbox 766 1401 926 1449; x_wconf 90' lang='lat' dir='ltr'><strong>donec</strong></span> <span class='ocrx_word' id='word_1_98' title='bbox 977 1401 1168 1465; x_wconf 90' lang='lat' dir='ltr'><strong>pudore</strong></span> <span class='ocrx_word' id='word_1_99' title='bbox 1213 1400 1371 1448; x_wconf 86' lang='lat' dir='ltr'><strong>victus</strong></span> <span class='ocrx_word' id='word_1_100' title='bbox 1416 1406 1607 1465; x_wconf 86' lang='lat' dir='ltr'><strong>tergum</strong></span> <span class='ocrx_word' id='word_1_101' title='bbox 1641 1400 1790 1448; x_wconf 92' lang='lat' dir='ltr'><strong>homo</strong></span> 
     </span>
     <span class='ocr_line' id='line_1_15' title="bbox 113 1479 1788 1546; baseline -0.003 -14"><span class='ocrx_word' id='word_1_102' title='bbox 113 1481 314 1532; x_wconf 83' lang='lat' dir='ltr'><strong>uxorius</strong></span> <span class='ocrx_word' id='word_1_103' title='bbox 336 1486 511 1532; x_wconf 85' lang='lat' dir='ltr'><strong>vertat.</strong></span> <span class='ocrx_word' id='word_1_104' title='bbox 571 1479 795 1546; x_wconf 87' lang='lat' dir='ltr'><strong>Turpem</strong></span> <span class='ocrx_word' id='word_1_105' title='bbox 820 1480 957 1530; x_wconf 91' lang='lat' dir='ltr'><strong>illum</strong></span> <span class='ocrx_word' id='word_1_106' title='bbox 985 1481 1143 1544; x_wconf 86' lang='lat' dir='ltr'><strong>turpis</strong></span> <span class='ocrx_word' id='word_1_107' title='bbox 1178 1480 1341 1528; x_wconf 83' lang='lat' dir='ltr'><strong>uxoris</strong></span> <span class='ocrx_word' id='word_1_108' title='bbox 1365 1480 1594 1528; x_wconf 87' lang='lat' dir='ltr'><strong>maritum</strong></span> <span class='ocrx_word' id='word_1_109' title='bbox 1616 1479 1788 1539; x_wconf 84' lang='lat' dir='ltr'><strong>fuisse,</strong></span> 
     </span>
     <span class='ocr_line' id='line_1_16' title="bbox 114 1559 1790 1626; baseline -0.003 -14"><span class='ocrx_word' id='word_1_110' title='bbox 114 1569 408 1626; x_wconf 80' lang='lat' dir='ltr'><strong>turpemque</strong></span> <span class='ocrx_word' id='word_1_111' title='bbox 441 1561 601 1625; x_wconf 89' lang='lat' dir='ltr'><strong>turpis</strong></span> <span class='ocrx_word' id='word_1_112' title='bbox 636 1561 770 1608; x_wconf 86' lang='lat' dir='ltr'><strong>filiae</strong></span> <span class='ocrx_word' id='word_1_113' title='bbox 803 1565 995 1624; x_wconf 89' lang='lat' dir='ltr'><strong>patrem</strong></span> <span class='ocrx_word' id='word_1_114' title='bbox 1032 1576 1144 1609; x_wconf 90' lang='lat' dir='ltr'><strong>esse</strong></span> <span class='ocrx_word' id='word_1_115' title='bbox 1178 1561 1352 1626; x_wconf 83' lang='lat' dir='ltr'><strong>arguit.</strong></span> <span class='ocrx_word' id='word_1_116' title='bbox 1403 1559 1593 1607; x_wconf 87' lang='lat' dir='ltr'><strong>Rursus</strong></span> <span class='ocrx_word' id='word_1_117' title='bbox 1622 1563 1790 1608; x_wconf 88' lang='lat' dir='ltr'><strong>autem</strong></span> 
     </span>
     <span class='ocr_line' id='line_1_17' title="bbox 113 1640 1791 1707; baseline -0.003 -15"><span class='ocrx_word' id='word_1_118' title='bbox 113 1643 240 1692; x_wconf 85' lang='lat' dir='ltr'><strong>haec</strong></span> <span class='ocrx_word' id='word_1_119' title='bbox 273 1641 574 1707; x_wconf 91' lang='lat' dir='ltr'><strong>singulorum</strong></span> <span class='ocrx_word' id='word_1_120' title='bbox 607 1641 723 1690; x_wconf 87' lang='lat' dir='ltr'><strong>vitia</strong></span> <span class='ocrx_word' id='word_1_121' title='bbox 757 1657 818 1689; x_wconf 89' lang='lat' dir='ltr'><strong>ex</strong></span> <span class='ocrx_word' id='word_1_122' title='bbox 853 1642 1016 1705; x_wconf 89' lang='lat' dir='ltr'><strong>pravis</strong></span> <span class='ocrx_word' id='word_1_123' title='bbox 1052 1641 1265 1689; x_wconf 78' lang='lat' dir='ltr'><strong>civitatis</strong></span> <span class='ocrx_word' id='word_1_124' title='bbox 1300 1641 1519 1688; x_wconf 89' lang='lat' dir='ltr'><strong>moribus</strong></span> <span class='ocrx_word' id='word_1_125' title='bbox 1555 1640 1791 1704; x_wconf 85' lang='lat' dir='ltr'><strong>originem</strong></span> 
     </span>
     <span class='ocr_line' id='line_1_18' title="bbox 115 1719 1790 1785; baseline -0.004 -13"><span class='ocrx_word' id='word_1_126' title='bbox 115 1723 300 1772; x_wconf 89' lang='lat' dir='ltr'><strong>ducere</strong></span> <span class='ocrx_word' id='word_1_127' title='bbox 348 1721 582 1770; x_wconf 87' lang='lat' dir='ltr'><strong>ostendit.</strong></span> <span class='ocrx_word' id='word_1_128' title='bbox 651 1719 761 1769; x_wconf 87' lang='lat' dir='ltr'><strong>Non</strong></span> <span class='ocrx_word' id='word_1_129' title='bbox 802 1726 1000 1785; x_wconf 86' lang='lat' dir='ltr'><strong>potest,</strong></span> <span class='ocrx_word' id='word_1_130' title='bbox 1049 1720 1241 1768; x_wconf 89' lang='lat' dir='ltr'><strong>etiamsi</strong></span> <span class='ocrx_word' id='word_1_131' title='bbox 1290 1721 1479 1784; x_wconf 85' lang='lat' dir='ltr'><strong>cupiat,</strong></span> <span class='ocrx_word' id='word_1_132' title='bbox 1526 1719 1790 1768; x_wconf 88' lang='lat' dir='ltr'><strong>mulierum</strong></span> 
     </span>
     <span class='ocr_line' id='line_1_19' title="bbox 114 1798 1789 1868; baseline -0.002 -19"><span class='ocrx_word' id='word_1_133' title='bbox 114 1802 466 1868; x_wconf 86' lang='lat' dir='ltr'><strong>Spartanarum</strong></span> <span class='ocrx_word' id='word_1_134' title='bbox 503 1800 600 1848; x_wconf 88' lang='lat' dir='ltr'><strong>ulla</strong></span> <span class='ocrx_word' id='word_1_135' title='bbox 633 1800 812 1864; x_wconf 85' lang='lat' dir='ltr'><strong>pudica</strong></span> <span class='ocrx_word' id='word_1_136' title='bbox 849 1803 1082 1863; x_wconf 88' lang='lat' dir='ltr'><strong>castaque</strong></span> <span class='ocrx_word' id='word_1_137' title='bbox 1117 1816 1256 1861; x_wconf 89' lang='lat' dir='ltr'><strong>esse,</strong></span> <span class='ocrx_word' id='word_1_138' title='bbox 1294 1816 1418 1863; x_wconf 87' lang='lat' dir='ltr'><strong>quae</strong></span> <span class='ocrx_word' id='word_1_139' title='bbox 1452 1798 1596 1848; x_wconf 89' lang='lat' dir='ltr'><strong>nudis</strong></span> <span class='ocrx_word' id='word_1_140' title='bbox 1631 1798 1789 1846; x_wconf 88' lang='lat' dir='ltr'><strong>cruri-</strong></span> 
     </span>
     <span class='ocr_line' id='line_1_20' title="bbox 113 1878 1788 1943; baseline -0.003 -12"><span class='ocrx_word' id='word_1_141' title='bbox 113 1883 208 1932; x_wconf 81' lang='lat' dir='ltr'><strong>bus</strong></span> <span class='ocrx_word' id='word_1_142' title='bbox 252 1881 474 1943; x_wconf 80' lang='lat' dir='ltr'><strong>laxisque</strong></span> <span class='ocrx_word' id='word_1_143' title='bbox 514 1881 731 1929; x_wconf 88' lang='lat' dir='ltr'><strong>vestibus</strong></span> <span class='ocrx_word' id='word_1_144' title='bbox 766 1895 878 1928; x_wconf 92' lang='lat' dir='ltr'><strong>cum</strong></span> <span class='ocrx_word' id='word_1_145' title='bbox 922 1880 1180 1928; x_wconf 83' lang='lat' dir='ltr'><strong>iuvenibus</strong></span> <span class='ocrx_word' id='word_1_146' title='bbox 1216 1880 1266 1928; x_wconf 91' lang='lat' dir='ltr'><strong>in</strong></span> <span class='ocrx_word' id='word_1_147' title='bbox 1301 1879 1559 1943; x_wconf 85' lang='lat' dir='ltr'><strong>palaestris</strong></span> <span class='ocrx_word' id='word_1_148' title='bbox 1595 1878 1788 1926; x_wconf 88' lang='lat' dir='ltr'><strong>discur-</strong></span> 
     </span>
     <span class='ocr_line' id='line_1_21' title="bbox 116 1957 1788 2024; baseline -0.002 -15"><span class='ocrx_word' id='word_1_149' title='bbox 116 1965 247 2011; x_wconf 87' lang='lat' dir='ltr'><strong>runt.</strong></span> <span class='ocrx_word' id='word_1_150' title='bbox 315 1960 486 2024; x_wconf 89' lang='lat' dir='ltr'><strong>ltaque</strong></span> <span class='ocrx_word' id='word_1_151' title='bbox 519 1959 760 2008; x_wconf 86' lang='lat' dir='ltr'><strong>Helenam</strong></span> <span class='ocrx_word' id='word_1_152' title='bbox 795 1959 863 2007; x_wconf 89' lang='lat' dir='ltr'><strong>ait</strong></span> <span class='ocrx_word' id='word_1_153' title='bbox 897 1975 1007 2008; x_wconf 87' lang='lat' dir='ltr'><strong>cum</strong></span> <span class='ocrx_word' id='word_1_154' title='bbox 1044 1959 1413 2007; x_wconf 88' lang='lat' dir='ltr'><strong>adolescentulo</strong></span> <span class='ocrx_word' id='word_1_155' title='bbox 1447 1958 1704 2023; x_wconf 83' lang='lat' dir='ltr'><strong>peregrino</strong></span> <span class='ocrx_word' id='word_1_156' title='bbox 1738 1957 1788 2006; x_wconf 89' lang='lat' dir='ltr'><strong>iu</strong></span> 
     </span>
     <span class='ocr_line' id='line_1_22' title="bbox 116 2037 1788 2102; baseline -0.002 -13"><span class='ocrx_word' id='word_1_157' title='bbox 116 2046 301 2090; x_wconf 84' lang='lat' dir='ltr'><strong>terr’am</strong></span> <span class='ocrx_word' id='word_1_158' title='bbox 334 2039 540 2088; x_wconf 87' lang='lat' dir='ltr'><strong>alienam</strong></span> <span class='ocrx_word' id='word_1_159' title='bbox 575 2038 853 2102; x_wconf 84' lang='lat' dir='ltr'><strong>aufugisse3</strong></span> <span class='ocrx_word' id='word_1_160' title='bbox 889 2037 1169 2086; x_wconf 87' lang='lat' dir='ltr'><strong>Menelaum</strong></span> <span class='ocrx_word' id='word_1_161' title='bbox 1205 2044 1384 2098; x_wconf 86' lang='lat' dir='ltr'><strong>autem,</strong></span> <span class='ocrx_word' id='word_1_162' title='bbox 1421 2038 1517 2086; x_wconf 89' lang='lat' dir='ltr'><strong>hoc</strong></span> <span class='ocrx_word' id='word_1_163' title='bbox 1552 2038 1788 2086; x_wconf 86' lang='lat' dir='ltr'><strong>affectum</strong></span> 
     </span>
     <span class='ocr_line' id='line_1_23' title="bbox 114 2117 1788 2183; baseline -0.002 -14"><span class='ocrx_word' id='word_1_164' title='bbox 114 2120 379 2180; x_wconf 88' lang='lat' dir='ltr'><strong>dedecore,</strong></span> <span class='ocrx_word' id='word_1_165' title='bbox 416 2134 559 2183; x_wconf 88' lang='lat' dir='ltr'><strong>quam</strong></span> <span class='ocrx_word' id='word_1_166' title='bbox 593 2118 828 2166; x_wconf 83' lang='lat' dir='ltr'><strong>feminam</strong></span> <span class='ocrx_word' id='word_1_167' title='bbox 865 2119 1013 2166; x_wconf 84' lang='lat' dir='ltr'><strong>etiam</strong></span> <span class='ocrx_word' id='word_1_168' title='bbox 1050 2119 1253 2182; x_wconf 89' lang='lat' dir='ltr'><strong>pecunia</strong></span> <span class='ocrx_word' id='word_1_169' title='bbox 1287 2118 1456 2166; x_wconf 88' lang='lat' dir='ltr'><strong>addita</strong></span> <span class='ocrx_word' id='word_1_170' title='bbox 1500 2134 1528 2165; x_wconf 92' lang='lat' dir='ltr'><strong>a</strong></span> <span class='ocrx_word' id='word_1_171' title='bbox 1563 2133 1618 2166; x_wconf 82' lang='lat' dir='ltr'><strong>se</strong></span> <span class='ocrx_word' id='word_1_172' title='bbox 1652 2117 1788 2165; x_wconf 90' lang='lat' dir='ltr'><strong>able-</strong></span> 
     </span>
     <span class='ocr_line' id='line_1_24' title="bbox 113 2197 1787 2265; baseline -0.002 -17"><span class='ocrx_word' id='word_1_173' title='bbox 113 2215 232 2265; x_wconf 86' lang='lat' dir='ltr'><strong>gare</strong></span> <span class='ocrx_word' id='word_1_174' title='bbox 264 2198 518 2260; x_wconf 77' lang='lat' dir='ltr'><strong>debuerit,</strong></span> <span class='ocrx_word' id='word_1_175' title='bbox 568 2214 674 2246; x_wconf 90' lang='lat' dir='ltr'><strong>eam</strong></span> <span class='ocrx_word' id='word_1_176' title='bbox 709 2199 862 2246; x_wconf 89' lang='lat' dir='ltr'><strong>totius</strong></span> <span class='ocrx_word' id='word_1_177' title='bbox 899 2197 1140 2265; x_wconf 84' lang='lat' dir='ltr'><strong>Graeciae</strong></span> <span class='ocrx_word' id='word_1_178' title='bbox 1175 2199 1327 2262; x_wconf 89' lang='lat' dir='ltr'><strong>copiis</strong></span> <span class='ocrx_word' id='word_1_179' title='bbox 1365 2198 1628 2247; x_wconf 87' lang='lat' dir='ltr'><strong>contractis</strong></span> <span class='ocrx_word' id='word_1_180' title='bbox 1675 2213 1787 2246; x_wconf 92' lang='lat' dir='ltr'><strong>cum</strong></span> 
     </span>
     <span class='ocr_line' id='line_1_25' title="bbox 114 2278 1787 2346; baseline -0.001 -18"><span class='ocrx_word' id='word_1_181' title='bbox 114 2280 432 2346; x_wconf 67' lang='lat' dir='ltr'><strong>plurimorum</strong></span> <span class='ocrx_word' id='word_1_182' title='bbox 468 2282 725 2342; x_wconf 86' lang='lat' dir='ltr'><strong>parentum</strong></span> <span class='ocrx_word' id='word_1_183' title='bbox 761 2278 987 2336; x_wconf 90' lang='lat' dir='ltr'><strong>orbitate,</strong></span> <span class='ocrx_word' id='word_1_184' title='bbox 1024 2294 1138 2327; x_wconf 90' lang='lat' dir='ltr'><strong>cum</strong></span> <span class='ocrx_word' id='word_1_185' title='bbox 1171 2279 1489 2344; x_wconf 85' lang='lat' dir='ltr'><strong>plurimarum</strong></span> <span class='ocrx_word' id='word_1_186' title='bbox 1526 2278 1787 2326; x_wconf 85' lang='lat' dir='ltr'><strong>mulierum</strong></span> 
     </span>
     <span class='ocr_line' id='line_1_26' title="bbox 113 2358 1786 2422; baseline -0.002 -14"><span class='ocrx_word' id='word_1_187' title='bbox 113 2360 378 2420; x_wconf 76' lang='lat' dir='ltr'><strong>viduitate,</strong></span> <span class='ocrx_word' id='word_1_188' title='bbox 430 2374 540 2407; x_wconf 89' lang='lat' dir='ltr'><strong>cum</strong></span> <span class='ocrx_word' id='word_1_189' title='bbox 574 2358 909 2407; x_wconf 88' lang='lat' dir='ltr'><strong>immolatione</strong></span> <span class='ocrx_word' id='word_1_190' title='bbox 942 2359 1072 2407; x_wconf 83' lang='lat' dir='ltr'><strong>{iliae</strong></span> <span class='ocrx_word' id='word_1_191' title='bbox 1107 2358 1276 2407; x_wconf 87' lang='lat' dir='ltr'><strong>fratris</strong></span> <span class='ocrx_word' id='word_1_192' title='bbox 1328 2374 1629 2422; x_wconf 86' lang='lat' dir='ltr'><strong>recuperare</strong></span> <span class='ocrx_word' id='word_1_193' title='bbox 1682 2361 1786 2406; x_wconf 90' lang='lat' dir='ltr'><strong>stu-</strong></span> 
     </span>
     <span class='ocr_line' id='line_1_27' title="bbox 114 2437 1785 2503; baseline -0.002 -15"><span class='ocrx_word' id='word_1_194' title='bbox 114 2440 314 2502; x_wconf 88' lang='lat' dir='ltr'><strong>duisse,</strong></span> <span class='ocrx_word' id='word_1_195' title='bbox 347 2444 601 2503; x_wconf 88' lang='lat' dir='ltr'><strong>receptam</strong></span> <span class='ocrx_word' id='word_1_196' title='bbox 636 2444 803 2487; x_wconf 87' lang='lat' dir='ltr'><strong>autem</strong></span> <span class='ocrx_word' id='word_1_197' title='bbox 839 2454 934 2487; x_wconf 91' lang='lat' dir='ltr'><strong>non</strong></span> <span class='ocrx_word' id='word_1_198' title='bbox 968 2455 1127 2503; x_wconf 89' lang='lat' dir='ltr'><strong>poena</strong></span> <span class='ocrx_word' id='word_1_199' title='bbox 1161 2439 1418 2497; x_wconf 87' lang='lat' dir='ltr'><strong>affecisse,</strong></span> <span class='ocrx_word' id='word_1_200' title='bbox 1469 2439 1558 2486; x_wconf 88' lang='lat' dir='ltr'><strong>sed</strong></span> <span class='ocrx_word' id='word_1_201' title='bbox 1593 2437 1785 2486; x_wconf 90' lang='lat' dir='ltr'><strong>abiecto</strong></span> 
     </span>
     <span class='ocr_line' id='line_1_28' title="bbox 114 2517 1785 2587; baseline -0.002 -19"><span class='ocrx_word' id='word_1_202' title='bbox 114 2520 276 2587; x_wconf 87' lang='lat' dir='ltr'><strong>gladio</strong></span> <span class='ocrx_word' id='word_1_203' title='bbox 326 2520 377 2568; x_wconf 87' lang='lat' dir='ltr'><strong>in</strong></span> <span class='ocrx_word' id='word_1_204' title='bbox 424 2518 676 2582; x_wconf 83' lang='lat' dir='ltr'><strong>amplexus</strong></span> <span class='ocrx_word' id='word_1_205' title='bbox 726 2518 904 2568; x_wconf 89' lang='lat' dir='ltr'><strong>ruisse.</strong></span> <span class='ocrx_word' id='word_1_206' title='bbox 974 2518 1041 2567; x_wconf 79' lang='lat' dir='ltr'><strong>Et</strong></span> <span class='ocrx_word' id='word_1_207' title='bbox 1087 2519 1283 2582; x_wconf 89' lang='lat' dir='ltr'><strong>quidem</strong></span> <span class='ocrx_word' id='word_1_208' title='bbox 1331 2519 1491 2583; x_wconf 90' lang='lat' dir='ltr'><strong>ipsum</strong></span> <span class='ocrx_word' id='word_1_209' title='bbox 1538 2517 1785 2566; x_wconf 89' lang='lat' dir='ltr'><strong>incolume</strong></span> 
     </span>
     <span class='ocr_line' id='line_1_29' title="bbox 117 2596 1786 2665; baseline -0.002 -17"><span class='ocrx_word' id='word_1_210' title='bbox 117 2615 314 2665; x_wconf 89' lang='lat' dir='ltr'><strong>corpus,</strong></span> <span class='ocrx_word' id='word_1_211' title='bbox 346 2601 536 2662; x_wconf 82' lang='lat' dir='ltr'><strong>integra</strong></span> <span class='ocrx_word' id='word_1_212' title='bbox 568 2614 702 2647; x_wconf 88' lang='lat' dir='ltr'><strong>arma</strong></span> <span class='ocrx_word' id='word_1_213' title='bbox 736 2613 797 2646; x_wconf 83' lang='lat' dir='ltr'><strong>ex</strong></span> <span class='ocrx_word' id='word_1_214' title='bbox 832 2597 961 2646; x_wconf 92' lang='lat' dir='ltr'><strong>bello</strong></span> <span class='ocrx_word' id='word_1_215' title='bbox 996 2598 1362 2648; x_wconf 83' lang='lat' dir='ltr'><strong>luctuosissimo</strong></span> <span class='ocrx_word' id='word_1_216' title='bbox 1386 2597 1632 2646; x_wconf 88' lang='lat' dir='ltr'><strong>retulisse.</strong></span> <span class='ocrx_word' id='word_1_217' title='bbox 1669 2596 1786 2644; x_wconf 88' lang='lat' dir='ltr'><strong>Mo-</strong></span> 
     </span>
     <span class='ocr_line' id='line_1_30' title="bbox 117 2676 1785 2743; baseline -0.002 -15"><span class='ocrx_word' id='word_1_218' title='bbox 117 2681 286 2728; x_wconf 90' lang='lat' dir='ltr'><strong>nuisse</strong></span> <span class='ocrx_word' id='word_1_219' title='bbox 321 2694 379 2727; x_wconf 92' lang='lat' dir='ltr'><strong>se</strong></span> <span class='ocrx_word' id='word_1_220' title='bbox 413 2683 659 2742; x_wconf 84' lang='lat' dir='ltr'><strong>nepotem,</strong></span> <span class='ocrx_word' id='word_1_221' title='bbox 695 2694 758 2727; x_wconf 91' lang='lat' dir='ltr'><strong>ne</strong></span> <span class='ocrx_word' id='word_1_222' title='bbox 792 2693 902 2726; x_wconf 87' lang='lat' dir='ltr'><strong>cum</strong></span> <span class='ocrx_word' id='word_1_223' title='bbox 938 2694 1027 2740; x_wconf 87' lang='lat' dir='ltr'><strong>eo,</strong></span> <span class='ocrx_word' id='word_1_224' title='bbox 1076 2679 1160 2743; x_wconf 87' lang='lat' dir='ltr'><strong>qui</strong></span> <span class='ocrx_word' id='word_1_225' title='bbox 1193 2678 1374 2726; x_wconf 87' lang='lat' dir='ltr'><strong>Achilli</strong></span> <span class='ocrx_word' id='word_1_226' title='bbox 1409 2684 1581 2725; x_wconf 88' lang='lat' dir='ltr'><strong>auctor</strong></span> <span class='ocrx_word' id='word_1_227' title='bbox 1614 2676 1785 2724; x_wconf 89' lang='lat' dir='ltr'><strong>mortis</strong></span> 
     </span>
     <span class='ocr_line' id='line_1_31' title="bbox 115 2755 1787 2823; baseline -0.001 -16"><span class='ocrx_word' id='word_1_228' title='bbox 115 2759 311 2819; x_wconf 86' lang='lat' dir='ltr'><strong>fuisset,</strong></span> <span class='ocrx_word' id='word_1_229' title='bbox 346 2757 634 2806; x_wconf 82' lang='lat' dir='ltr'><strong>affinitatem</strong></span> <span class='ocrx_word' id='word_1_230' title='bbox 668 2758 924 2823; x_wconf 85' lang='lat' dir='ltr'><strong>iungeret,</strong></span> <span class='ocrx_word' id='word_1_231' title='bbox 961 2775 1084 2808; x_wconf 82' lang='lat' dir='ltr'><strong>neve</strong></span> <span class='ocrx_word' id='word_1_232' title='bbox 1118 2758 1275 2807; x_wconf 88' lang='lat' dir='ltr'><strong>malae</strong></span> <span class='ocrx_word' id='word_1_233' title='bbox 1310 2758 1477 2806; x_wconf 84' lang='lat' dir='ltr'><strong>matris</strong></span> <span class='ocrx_word' id='word_1_234' title='bbox 1511 2757 1699 2822; x_wconf 88' lang='lat' dir='ltr'><strong>pullum</strong></span> <span class='ocrx_word' id='word_1_235' title='bbox 1734 2755 1787 2805; x_wconf 87' lang='lat' dir='ltr'><strong>in</strong></span> 
     </span>
     <span class='ocr_line' id='line_1_32' title="bbox 115 2835 1786 2901; baseline -0.002 -14"><span class='ocrx_word' id='word_1_236' title='bbox 115 2840 317 2888; x_wconf 88' lang='lat' dir='ltr'><strong>domum</strong></span> <span class='ocrx_word' id='word_1_237' title='bbox 365 2838 637 2901; x_wconf 88' lang='lat' dir='ltr'><strong>reciperet;</strong></span> <span class='ocrx_word' id='word_1_238' title='bbox 680 2838 774 2886; x_wconf 89' lang='lat' dir='ltr'><strong>iam</strong></span> <span class='ocrx_word' id='word_1_239' title='bbox 810 2838 1131 2898; x_wconf 88' lang='lat' dir='ltr'><strong>effecturum,</strong></span> <span class='ocrx_word' id='word_1_240' title='bbox 1177 2844 1231 2887; x_wconf 92' lang='lat' dir='ltr'><strong>ut</strong></span> <span class='ocrx_word' id='word_1_241' title='bbox 1274 2837 1541 2886; x_wconf 87' lang='lat' dir='ltr'><strong>Hermiona</strong></span> <span class='ocrx_word' id='word_1_242' title='bbox 1588 2835 1786 2901; x_wconf 89' lang='lat' dir='ltr'><strong>quidem</strong></span> 
     </span>
     <span class='ocr_line' id='line_1_33' title="bbox 116 2915 1784 2983; baseline -0.002 -15"><span class='ocrx_word' id='word_1_243' title='bbox 116 2919 263 2968; x_wconf 90' lang='lat' dir='ltr'><strong>domo</strong></span> <span class='ocrx_word' id='word_1_244' title='bbox 298 2916 523 2983; x_wconf 86' lang='lat' dir='ltr'><strong>pellatur,</strong></span> <span class='ocrx_word' id='word_1_245' title='bbox 559 2915 809 2966; x_wconf 88' lang='lat' dir='ltr'><strong>Molossus</strong></span> <span class='ocrx_word' id='word_1_246' title='bbox 843 2924 1004 2968; x_wconf 90' lang='lat' dir='ltr'><strong>autem</strong></span> <span class='ocrx_word' id='word_1_247' title='bbox 1039 2918 1296 2967; x_wconf 86' lang='lat' dir='ltr'><strong>incolumis</strong></span> <span class='ocrx_word' id='word_1_248' title='bbox 1329 2918 1421 2965; x_wconf 85' lang='lat' dir='ltr'><strong>sit:</strong></span> <span class='ocrx_word' id='word_1_249' title='bbox 1470 2933 1620 2981; x_wconf 89' lang='lat' dir='ltr'><strong>saepe</strong></span> <span class='ocrx_word' id='word_1_250' title='bbox 1656 2917 1784 2964; x_wconf 89' lang='lat' dir='ltr'><strong>enim</strong></span> 
     </span>
     <span class='ocr_line' id='line_1_34' title="bbox 117 2996 1783 3064; baseline -0.002 -17"><span class='ocrx_word' id='word_1_251' title='bbox 117 2998 311 3063; x_wconf 87' lang='lat' dir='ltr'><strong>spurios</strong></span> <span class='ocrx_word' id='word_1_252' title='bbox 353 2997 483 3045; x_wconf 86' lang='lat' dir='ltr'><strong>filios</strong></span> <span class='ocrx_word' id='word_1_253' title='bbox 532 2997 757 3060; x_wconf 84' lang='lat' dir='ltr'><strong>legitimis</strong></span> <span class='ocrx_word' id='word_1_254' title='bbox 793 3004 845 3047; x_wconf 89' lang='lat' dir='ltr'><strong>et</strong></span> <span class='ocrx_word' id='word_1_255' title='bbox 887 3015 1134 3064; x_wconf 90' lang='lat' dir='ltr'><strong>pauperes</strong></span> <span class='ocrx_word' id='word_1_256' title='bbox 1168 2997 1344 3046; x_wconf 89' lang='lat' dir='ltr'><strong>affines</strong></span> <span class='ocrx_word' id='word_1_257' title='bbox 1380 2996 1606 3046; x_wconf 87' lang='lat' dir='ltr'><strong>divitibus</strong></span> <span class='ocrx_word' id='word_1_258' title='bbox 1642 3011 1783 3061; x_wconf 86' lang='lat' dir='ltr'><strong>prae-</strong></span> 
     </span>
     <span class='ocr_line' id='line_1_35' title="bbox 115 3078 540 3128; baseline -0.007 -1"><span class='ocrx_word' id='word_1_259' title='bbox 115 3078 378 3128; x_wconf 73' lang='lat' dir='ltr'><strong>stantiores</strong></span> <span class='ocrx_word' id='word_1_260' title='bbox 414 3093 540 3126; x_wconf 88' lang='lat' dir='ltr'><strong>esse.</strong></span> 
     </span>
    </p>

    <p class='ocr_par' dir='ltr' id='par_1_3' title="bbox 114 3155 1787 3541">
     <span class='ocr_line' id='line_1_36' title="bbox 247 3155 1785 3222; baseline -0.001 -16"><span class='ocrx_word' id='word_1_261' title='bbox 247 3158 327 3207; x_wconf 89' lang='lat' dir='ltr'><strong>Ad</strong></span> <span class='ocrx_word' id='word_1_262' title='bbox 359 3157 483 3206; x_wconf 88' lang='lat' dir='ltr'><strong>haec</strong></span> <span class='ocrx_word' id='word_1_263' title='bbox 515 3155 805 3217; x_wconf 89' lang='lat' dir='ltr'><strong>Menelaus,</strong></span> <span class='ocrx_word' id='word_1_264' title='bbox 836 3162 1008 3222; x_wconf 88' lang='lat' dir='ltr'><strong>utpote</strong></span> <span class='ocrx_word' id='word_1_265' title='bbox 1042 3158 1344 3207; x_wconf 88' lang='lat' dir='ltr'><strong>conscientia</strong></span> <span class='ocrx_word' id='word_1_266' title='bbox 1381 3157 1632 3205; x_wconf 86' lang='lat' dir='ltr'><strong>convictus</strong></span> <span class='ocrx_word' id='word_1_267' title='bbox 1651 3194 1665 3218; x_wconf 94' lang='lat'><strong>,</strong></span> <span class='ocrx_word' id='word_1_268' title='bbox 1711 3156 1785 3204; x_wconf 92' lang='lat' dir='ltr'><strong>le-</strong></span> 
     </span>
     <span class='ocr_line' id='line_1_37' title="bbox 116 3236 1787 3303; baseline -0.002 -17"><span class='ocrx_word' id='word_1_269' title='bbox 116 3236 250 3286; x_wconf 85' lang='lat' dir='ltr'><strong>niter</strong></span> <span class='ocrx_word' id='word_1_270' title='bbox 281 3236 563 3302; x_wconf 87' lang='lat' dir='ltr'><strong>respondet.</strong></span> <span class='ocrx_word' id='word_1_271' title='bbox 630 3236 698 3285; x_wconf 84' lang='lat' dir='ltr'><strong>Et</strong></span> <span class='ocrx_word' id='word_1_272' title='bbox 742 3238 956 3301; x_wconf 86' lang='lat' dir='ltr'><strong>primum</strong></span> <span class='ocrx_word' id='word_1_273' title='bbox 1002 3239 1200 3303; x_wconf 88' lang='lat' dir='ltr'><strong>quidem</strong></span> <span class='ocrx_word' id='word_1_274' title='bbox 1249 3241 1438 3285; x_wconf 88' lang='lat' dir='ltr'><strong>rectum</strong></span> <span class='ocrx_word' id='word_1_275' title='bbox 1485 3252 1596 3284; x_wconf 91' lang='lat' dir='ltr'><strong>esse</strong></span> <span class='ocrx_word' id='word_1_276' title='bbox 1641 3240 1787 3299; x_wconf 85' lang='lat' dir='ltr'><strong>negat</strong></span> 
     </span>
     <span class='ocr_line' id='line_1_38' title="bbox 114 3315 1782 3382; baseline -0.002 -16"><span class='ocrx_word' id='word_1_277' title='bbox 114 3317 373 3367; x_wconf 88' lang='lat' dir='ltr'><strong>barbaram</strong></span> <span class='ocrx_word' id='word_1_278' title='bbox 430 3316 690 3365; x_wconf 89' lang='lat' dir='ltr'><strong>mulierem</strong></span> <span class='ocrx_word' id='word_1_279' title='bbox 750 3318 990 3382; x_wconf 87' lang='lat' dir='ltr'><strong>captivam</strong></span> <span class='ocrx_word' id='word_1_280' title='bbox 1051 3319 1359 3380; x_wconf 88' lang='lat' dir='ltr'><strong>eandemque</strong></span> <span class='ocrx_word' id='word_1_281' title='bbox 1406 3315 1782 3365; x_wconf 85' lang='lat' dir='ltr'><strong>interfectorum</strong></span> 
     </span>
     <span class='ocr_line' id='line_1_39' title="bbox 121 3394 1784 3461; baseline -0.002 -16"><span class='ocrx_word' id='word_1_282' title='bbox 121 3395 331 3445; x_wconf 85' lang='lat' dir='ltr'><strong>Achillis</strong></span> <span class='ocrx_word' id='word_1_283' title='bbox 362 3397 711 3461; x_wconf 85' lang='lat' dir='ltr'><strong>propinquam,</strong></span> <span class='ocrx_word' id='word_1_284' title='bbox 755 3411 900 3459; x_wconf 87' lang='lat' dir='ltr'><strong>quam</strong></span> <span class='ocrx_word' id='word_1_285' title='bbox 934 3399 984 3445; x_wconf 90' lang='lat' dir='ltr'><strong>in</strong></span> <span class='ocrx_word' id='word_1_286' title='bbox 1017 3398 1211 3447; x_wconf 88' lang='lat' dir='ltr'><strong>ultimas</strong></span> <span class='ocrx_word' id='word_1_287' title='bbox 1245 3403 1401 3446; x_wconf 87' lang='lat' dir='ltr'><strong>terras</strong></span> <span class='ocrx_word' id='word_1_288' title='bbox 1437 3397 1663 3459; x_wconf 84' lang='lat' dir='ltr'><strong>ablegare</strong></span> <span class='ocrx_word' id='word_1_289' title='bbox 1696 3394 1784 3442; x_wconf 91' lang='lat' dir='ltr'><strong>de-</strong></span> 
     </span>
     <span class='ocr_line' id='line_1_40' title="bbox 119 3473 1787 3541; baseline -0.002 -15"><span class='ocrx_word' id='word_1_290' title='bbox 119 3480 272 3540; x_wconf 88' lang='lat' dir='ltr'><strong>ceret,</strong></span> <span class='ocrx_word' id='word_1_291' title='bbox 304 3475 551 3541; x_wconf 82' lang='lat' dir='ltr'><strong>legitimae</strong></span> <span class='ocrx_word' id='word_1_292' title='bbox 585 3476 723 3526; x_wconf 83' lang='lat' dir='ltr'><strong>uxori</strong></span> <span class='ocrx_word' id='word_1_293' title='bbox 757 3476 994 3528; x_wconf 85' lang='lat' dir='ltr'><strong>anteferri</strong></span> <span class='ocrx_word' id='word_1_294' title='bbox 1028 3493 1090 3527; x_wconf 86' lang='lat' dir='ltr'><strong>ex</strong></span> <span class='ocrx_word' id='word_1_295' title='bbox 1123 3492 1279 3541; x_wconf 88' lang='lat' dir='ltr'><strong>eaque</strong></span> <span class='ocrx_word' id='word_1_296' title='bbox 1313 3477 1491 3527; x_wconf 87' lang='lat' dir='ltr'><strong>liberos</strong></span> <span class='ocrx_word' id='word_1_297' title='bbox 1524 3475 1649 3538; x_wconf 86' lang='lat' dir='ltr'><strong>tolli,</strong></span> <span class='ocrx_word' id='word_1_298' title='bbox 1701 3473 1787 3539; x_wconf 91' lang='lat' dir='ltr'><strong>qui</strong></span> 
     </span>
    </p>
   </div>
  </div>
 </body>
</html>
