2124 3860
884 265 1005 320 323

107 411 265 477 quoad
302 411 498 476 quidem
526 409 737 459 Proteus
760 411 895 470 vixit,
931 415 1035 461 tuta
1058 411 1154 460 fuit
1178 411 1238 459 ab
1260 411 1469 474 iniuriiS‚
1504 413 1601 463 hoc
1625 419 1789 466 autem

103 491 358 551 defuncto,
394 491 527 541 filius
563 492 669 540 eius
702 491 1105 554 Theoclymenus
1148 492 1446 542 connubium
1475 495 1580 542 eius
1608 495 1790 546 invitae

104 577 339 633 expetere
374 573 558 636 coepit.
615 572 748 621 Duos
786 572 913 619 enim
950 572 1133 620 liberos
1170 570 1382 621 Proteus
1420 590 1481 622 ex
1509 574 1790 638 Psamatbe,

102 651 253 700 Nerei
289 653 405 707 filia,
442 659 580 701 natos
615 653 829 716 reliquit,
867 651 1291 715 Theoclymenum
1318 669 1485 716 regem
1513 660 1563 703 et
1590 655 1787 721 Ei‹10*)

104 733 207 780 sive
242 731 533 789 Theonoen,
570 732 810 780 divinandi
848 738 954 780 arte
989 732 1201 780 aNereo
1238 733 1528 795 praeditam.
1598 736 1788 787 Helena

103 818 302 872 autem,
356 829 503 875 quum
540 812 634 876 ipsi
679 812 954 874 imputetur
1005 812 1246 876 quidquid
1281 829 1308 860 a
1344 811 1787 865 Pseudo-Helena

103 893 275 957 probri
310 894 643 950 commissum,
679 892 919 954 quidquid
954 892 1005 940 in
1042 891 1261 941 Graecos
1295 892 1636 959 Troianosque
1675 896 1788 944 mali

104 972 292 1018 illatum
330 976 432 1030 est,
469 973 715 1020 dedecore
749 980 898 1034 atque
932 960 1134 1020 infamia
1170 976 1399 1033 notatur,
1436 976 1564 1036 quod
1603 976 1821 1026 malumo

102 1058 260 1099 morte
293 1051 400 1114 ipsa
437 1053 577 1117 peius
614 1068 728 1101 esse
762 1052 954 1100 videtur
988 1052 1221 1115 ingenuis.
1290 1052 1411 1100 Eius
1447 1054 1659 1104 invidiae
1685 1057 1786 1105 dis-

103 1132 366 1180 cutiendae
400 1132 645 1195 simulque
683 1132 1008 1195 recuperandi
1034 1133 1214 1195 prioris
1241 1133 1536 1181 matrimonii
1557 1136 1632 1195 (id
1657 1137 1788 1199 quod

101 1210 187 1258 dii..
204 1211 560 1275 promiserunt)
609 1228 726 1276 spes
763 1218 839 1259 est
871 1211 1069 1274 nuptias
1106 1210 1469 1275 Tlieoclymeni
1502 1215 1788 1279 effugienti3

102 1290 176 1338 sin
227 1291 322 1339 hae
356 1291 642 1339 subeundae
678 1292 802 1347 sint,
853 1306 970 1355 spes
1006 1291 1181 1340 salutis
1232 1291 1283 1338 in
1333 1297 1630 1356 perpetuum
1667 1296 1787 1344 abiit

100 1370 320 1429 mulieri,v
349 1371 428 1419 cui
460 1371 665 1436 insignis
701 1370 980 1435 pulcritudo
1014 1371 1223 1436 insignis
1258 1370 1518 1420 infortunii
1544 1373 1664 1425 *fons
1699 1375 1786 1423 tri·

98 1452 217 1499 buta
252 1454 342 1498 est.

229 1530 368 1579 Haec
413 1530 474 1577 ab
526 1529 718 1580 Helena
765 1531 874 1594 ipsa
923 1530 974 1579 in
1020 1536 1341 1580 monumento
1376 1531 1545 1581 Protei
1580 1535 1786 1585 sedente

99 1610 421 1675 explicantur.
489 1609 664 1659 Potuit
697 1618 862 1659 autem
896 1612 1022 1660 hacc
1055 1611 1239 1672 fabula,
1278 1612 1406 1660 sicut
1433 1612 1651 1676 reliquae
1686 1616 1784 1664 Eu-

98 1691 273 1755 ripidis
309 1706 497 1753 omnes,
532 1692 787 1755 prooemio
825 1707 1021 1739 carere:
1058 1707 1166 1740 nam
1204 1692 1336 1753 quod
1374 1692 1599 1755 sequitur
1633 1693 1785 1743 Hele-

99 1786 194 1819 nae
244 1777 295 1818 et
329 1769 514 1818 Teucri
562 1771 862 1832 colloquium
921 1772 1037 1819 satis
1085 1786 1175 1834 per
1222 1786 1278 1818 se
1325 1771 1548 1819 docendo
1593 1774 1785 1823 theatro

99 1849 330 1897 idoneum
368 1847 552 1913 est**).
622 1849 807 1897 Teucri
853 1852 1118 1899 adventum
1166 1851 1258 1898 etsi
1292 1851 1531 1900 adventus
1567 1852 1787 1902 Menelai

99 1930 150 1977 in
196 1929 481 1994 imaginario
516 1931 756 1978 dramatis
792 1938 1016 1993 tempore
1050 1930 1283 1978 continuo
1320 1932 1668 1995 subsequitur,
1706 1940 1784 1982 ta-

100 2025 213 2058 men
248 2009 388 2057 illum
423 2010 669 2075 aliquanto
692 2011 832 2074 prius
857 2011 1102 2059 accidisse
1132 2011 1445 2073 cogitandum
1485 2018 1575 2060 est.
1646 2013 1783 2062 Nun-

101 2089 222 2137 tium
259 2105 460 2151 eorum·‚
507 2106 634 2154 quae
668 2091 862 2140 interim
901 2090 1083 2139 Troiae
1116 2096 1258 2155 gesta
1294 2095 1492 2150 essent,
1527 2092 1588 2140 ad
1625 2093 1786 2141 Hele-

99 2183 210 2218 nam
258 2171 520 2232 pervenire
571 2171 719 2235 plane
768 2185 978 2218 necesse
1035 2177 1154 2219 erat.
1237 2171 1291 2220 ld
1342 2172 1383 2218 si
1427 2175 1542 2219 ante
1590 2173 1784 2242 ini-tium

99 2264 296 2307 eorum,
347 2266 473 2312 quae
517 2250 573 2297 iu.
614 2265 762 2297 scena
797 2249 1117 2309 exhibe-ntur,
1162 2250 1348 2299 factum
1398 2266 1512 2298 esse
1557 2251 1788 2303 finxisset

98 2328 383 2392 Euripides,
418 2330 660 2394 privasset
694 2346 750 2377 se
772 2334 1020 2393 potestate
1045 2329 1290 2393 duplicem
1318 2347 1487 2379 rerum
1523 2336 1707 2381 statum
1734 2337 1787 2381 et

97 2415 331 2457 mutatam
366 2410 586 2458 Helenae
621 2416 804 2459 sortem
842 2416 894 2457 et
929 2409 1068 2473 quasi
1102 2412 1284 2473 gradus
1321 2410 1664 2460 sollicitudinis
1701 2429 1781 2461 re-

97 2490 462 2553 praesentandi.
516 2488 807 2538 Tenendum
833 2495 911 2537 est
935 2490 983 2537 in
1010 2490 1379 2538 similitudinem
1402 2489 1660 2553 Odysseae
1683 2493 1781 2540 hoc

99 2584 254 2631 genus
288 2569 656 2632 tragoedIarum
700 2564 1013 2619 conformari.
1083 2569 1257 2633 Itaque
1292 2587 1443 2634 quum
1479 2570 1612 2618 illins
1648 2570 1777 2620 duae

154 2750 204 2804 ’ἢ
236 2749 472 2792 Εἰδοθέαν
497 2751 614 2793 hanc
644 2751 892 2807 appellavit
919 2753 1142 2793 Homerus
1173 2749 1256 2792 Od.
1286 2749 1358 2802 lv,
1388 2748 1486 2792 366.

130 2820 210 2875 ²⁸⁵)
241 2820 419 2875 Operae
435 2821 625 2876 pretium
642 2828 708 2864 est
721 2824 862 2865 verba
874 2821 1108 2871 Wielandi‚
1135 2821 1295 2875 quibus
1314 2821 1543 2875 prooemia
1555 2822 1782 2877 Euripidis

242 2903 270 2932 a
300 2892 452 2933 multis
481 2897 648 2934 temere
677 2895 950 2948 reprehensa
981 2892 1262 2947 comprobat,
1295 2892 1784 2945 transcribam-„Wit-

241 2962 395 3013 seben,
427 2962 512 3003 wie
535 2963 667 3014 jeder
695 2964 869 3006 Knoten
897 2979 980 3006 vor
1007 2977 1167 3020 unsern
1199 2962 1357 3018 Augen
1381 2964 1623 3018 geschiirzt
1652 2963 1783 3016 wird,

240 3033 332 3073 und
361 3033 458 3074 sind
488 3031 572 3073 auf
596 3033 680 3073 den
709 3034 923 3091 Ausgang
952 3034 1242 3084 vorbereiten
1272 3033 1387 3074 ohne
1419 3033 1577 3075 darum
1605 3033 1682 3074 fiir
1703 3035 1785 3075 das

242 3101 464 3158 Gelingen
495 3103 574 3143 der
602 3102 870 3160 Auschliige‚
904 3105 975 3146 die
1003 3117 1107 3146 man
1137 3116 1217 3143 uns
1249 3107 1469 3155 vertraut,
1501 3104 1701 3160 weniger
1729 3116 1784 3144 zu

242 3171 400 3214 zittern
433 3173 541 3213 oder
568 3186 649 3212 uns
679 3172 798 3214 ihres
827 3181 961 3231 guten
990 3174 1174 3229 Erfolgs
1202 3172 1403 3228 weniger
1430 3187 1486 3214 zu
1515 3173 1694 3216 freuen:
1735 3185 1783 3213 so

244 3247 338 3283 zart
370 3242 425 3284 ist
456 3242 536 3283 das
567 3243 806 3296 interesse,
851 3245 930 3286 das
962 3259 1010 3287 er
1038 3244 1112 3285 fiir
1141 3242 1260 3284 seine
1289 3243 1660 3298 Hauptpersonen
1691 3242 1786 3284 ein-

247 3312 462 3354 zussfil'sen
492 3313 645 3358 weiss.
691 3313 778 3354 und
818 3328 866 3356 so
905 3328 1047 3357 worm
1077 3313 1133 3355 ist
1162 3313 1241 3354 das
1273 3313 1447 3368 Leben,
1492 3314 1572 3354 das
1614 3326 1663 3353 er
1701 3311 1786 3351 den

245 3382 439 3424 schfinen
484 3383 767 3437 Gescbopfen
810 3384 954 3427 seiner
982 3382 1224 3427 Phantasie
1265 3395 1345 3424 aus
1372 3383 1454 3425 der
1482 3383 1614 3425 Fiille
1643 3380 1788 3422 acinet-

247 3447 410 3506 eignen
439 3454 751 3509 gefiihlvollen
780 3454 911 3498 Secle
944 3452 1202 3497 mittheilt.”

1305 3530 1444 3584 '21²⁸‘
