2170 3848
888 252 966 308 21

85 403 257 454 Mores
279 401 628 455 describuntur
654 399 911 450 hominum
936 397 1189 458 nobilium,
1229 397 1329 461 qui,
1355 398 1664 462 patrimoniis
1683 415 1774 466 per

85 484 328 534 luxuriam
364 487 690 547 sumptusque
724 481 1014 528 immodicos
1038 478 1306 541 dissipatis,
1342 494 1437 527 non
1465 481 1646 530 cedere
1668 481 1772 546 pri-

86 565 216 614 stina
251 563 523 627 dignitate,
560 562 646 610 sed
685 561 827 609 malis
862 559 1050 607 artibus
1080 562 1132 605 et
1166 558 1352 622 rapinis
1387 575 1493 608 rem
1527 560 1774 623 perditam

84 645 352 695 restituere
400 642 643 691 studeant.
713 640 933 702 Quorum
968 642 1200 701 tanquam
1235 644 1388 701 caput
1420 644 1570 703 atque
1604 656 1774 690 exem-

83 725 193 791 plar
227 722 394 786 Lycus
430 723 538 785 ipse
572 720 818 769 inducitur
851 718 1204 782 iniquissimus.
1254 717 1446 768 Horum
1481 719 1774 784 igitur-*cru-

85 804 291 854 delitate
323 801 560 851 familiam
594 798 828 848 Herculis
869 797 1087 846 absentis
1133 798 1299 846 vexari
1334 804 1386 847 et
1419 799 1467 846 in
1503 798 1775 852 discrimen

87 883 268 948 capitis
302 879 481 930 adduci
517 878 770 938 videmuS,
808 894 935 943 quae
970 877 1212 926 societate
1247 893 1358 926 cum
1385 878 1772 931 Atheniensibus

85 965 251 1014 iuncta
284 961 466 1008 florere
498 962 696 1022 poterat
730 958 1004 1006 laetissime
1040 957 1108 1021 (ν.
1138 955 1307 1023 471.);

213 1038 349 1106 κήδη
384 1030 683 1097 συνάψουσ’
717 1035 774 1088 ἔκ
806 1031 848 1088 τ’
881 1031 1187 1103 Ἀθηναίων
1223 1035 1422 1103 χθονὸς

207 1118 460 1184 Σπάρτης
491 1134 545 1168 τε
584 1118 779 1183 Θηβῶν
811 1120 900 1181 θ’,
937 1116 1008 1178 ὡς
1042 1117 1339 1184 ἀνημμένοι
1371 1116 1547 1188 κάλῳς

211 1198 594 1265 πρυμνησίοισι
628 1199 750 1264 βίον
786 1196 949 1266 ἔχοιτῖ
976 1198 1284 1263 εὐδαίμονα.

86 1283 156 1333 Et
189 1281 419 1332 Theseus
468 1282 667 1346 quidem
701 1282 880 1331 auxilio
915 1281 1056 1332 ducit
1080 1281 1290 1332 Herculi
1324 1280 1598 1330 exercitum
1614 1278 1773 1331 Athe-

83 1362 328 1414 niensium
365 1357 432 1426 (ν.
463 1360 663 1424 1135.):

212 1439 327 1508 ἥκω
360 1434 462 1493 σὺν
495 1442 690 1502 ἄλλοις,
727 1440 781 1491 οἳ
813 1442 938 1504 παρ’
970 1436 1216 1493 Ἀσωποῦ
1251 1439 1381 1507 ῥοὰς

213 1519 470 1589 μένουσιν
503 1517 721 1574 ἔνοπλοι
753 1524 853 1590 γῆς
879 1515 1180 1589 Ἀθηναίων
1212 1521 1367 1588 κόροι
1401 1550 1482 1585 -,

84 1603 175 1655 sed
210 1619 323 1653 sero
354 1605 513 1654 venit:

217 1675 362 1750 ἦπου
395 1682 663 1749 λέλειμμαι
696 1680 787 1735 καὶ
820 1682 1095 1750 νεωτέρων
1127 1683 1309 1736 κακῶν

209 1762 427 1830 ὕστερος
461 1763 727 1830 ἀφῖγμαι,-

82 1844 354 1895 Praeterea
389 1847 593 1894 summis
626 1845 883 1895 beneficiis
918 1845 1102 1894 mutuis
1137 1844 1368 1895 Theseus
1401 1849 1549 1909 atque
1574 1841 1770 1892 Hercu-

85 1923 159 1974 les
192 1925 320 1974 inter
353 1941 409 1974 se
441 1926 839 1989 obstringuntur,
889 1930 1036 1988 atque
1070 1925 1194 1973 alter
1227 1926 1436 1974 alterum
1472 1926 1532 1973 ab
1567 1924 1772 1973 interitu

85 2004 313 2062 retrahit,
349 2021 474 2068 quae
507 2005 668 2069 potuit
698 2004 912 2052 felicitas
949 2005 1229 2053 civitatibus
1263 2011 1316 2054 et
1350 2005 1492 2070 ipsis,
1530 2005 1572 2053 si
1606 2019 1662 2052 se
1695 2002 1772 2052 in-

83 2083 242 2134 vicem
276 2083 506 2134 adiuvare
537 2084 825 2146 voluissent,
860 2085 1136 2149 obtingere.
1194 2086 1359 2150 Atque
1393 2086 1502 2150 ipsa
1536 2083 1771 2144 amicitia,
1855 2139 1857 2141 ¹

84 2180 183 2229 qua
229 2163 474 2214 Hercules
510 2163 778 2213 Thebanus
828 2181 938 2212 cum
987 2164 1191 2214 Theseo
1226 2165 1533 2215 Atheniense
1566 2163 1771 2213 coniun-

84 2249 194 2295 ctus
227 2243 413 2303 fuerat,
447 2251 552 2293 tum
586 2243 856 2293 auctoritas
890 2246 1132 2294 maiorum
1168 2252 1221 2295 et
1245 2246 1420 2306 honos,
1456 2261 1552 2309 quo
1577 2244 1771 2293 Hercu-

83 2325 261 2374 les-ab
308 2325 684 2374 Atheniensibus
729 2325 939 2374 affectus
975 2330 1083 2374 erat
1130 2325 1480 2390 (quaecunque
1516 2325 1647 2393 enim
1682 2324 1771 2373 de-

83 2405 226 2455 lubra
269 2403 471 2453 Theseo
518 2413 924 2454 consecraverant
970 2421 1083 2455 cum
1116 2405 1337 2455 Hercule
1371 2405 1771 2455 communicave-

84 2491 197 2536 rant
229 2490 280 2533 et
314 2485 510 2533 omnino
544 2484 693 2549 primi
729 2482 1040 2534 Graecorum
1077 2502 1185 2534 aras
1210 2486 1352 2535 heroi
1378 2485 1618 2534 Thebano
1650 2498 1769 2533 con-

85 2564 441 2625 secraverant),
475 2563 757 2623 Thebanos,
795 2581 857 2613 ne
881 2565 1253 2616 Atheniensium
1274 2567 1542 2617 amicitiam
1561 2579 1768 2629 respue-

85 2651 217 2707 rent,
249 2644 513 2694 admonere
547 2645 764 2693 debebat
799 2645 866 2708 (v.
898 2649 1093 2709 1:303.):

216 2722 458 2775 θυσίαισι
489 2723 718 2774 λαΐνοισί
750 2727 795 2773 τ’
831 2721 1194 2790 ἐξογκώμασιν

218 2801 393 2866 τίμιον
426 2803 604 2866 ἀνάξει
637 2807 762 2855 πᾶσ’
790 2797 1094 2871 Ἀθηναίων
1127 2805 1302 2866 πόλις·

217 2883 422 2944 καλὸς
461 2884 588 2950 γὰρ
633 2885 867 2946 οἰστοῖς
903 2879 1609 2953 στέφανοςἙλλήνων
1640 2881 1767 2934 ὕπο

218 2963 403 3030 ἄνδρ’
438 2961 686 3017 ἐσθλὸν
722 2963 1169 3031 ὠφελοῦντας
1199 2966 1501 3027 εὐκλείας
1525 2967 1768 3031 τυχεῖν.

218 3045 296 3094 Ex
323 3047 419 3103 his,
456 3062 581 3109 quae
607 3050 816 3111 ostendi,
852 3050 1044 3099 indiciis
1081 3055 1240 3098 actam
1269 3065 1380 3098 esse
1405 3047 1623 3096 fabulam
1638 3045 1768 3095 Her-

91 3125 213 3176 culis
250 3125 329 3174 Ol.
364 3128 446 3184 89,
481 3127 528 3173 2.
568 3128 671 3176 sive
705 3144 830 3177 anno
866 3132 980 3182 422.
1018 3130 1258 3188 conficio,
1300 3144 1395 3193 quo
1432 3129 1608 3177 eodem
1642 3140 1768 3174 anno

87 3205 192 3255 Pax
227 3206 572 3270 Aristophanis
608 3208 823 3257 exhibita
858 3216 951 3259 est.
1020 3210 1089 3259 Et
1122 3209 1258 3273 pacis
1295 3208 1599 3257 desiderium
1622 3206 1768 3254 Euri-

87 3287 234 3351 pides
268 3285 377 3350 ipse
414 3302 610 3349 quoque
640 3286 872 3348 declarat,
909 3306 1054 3354 quam
1080 3294 1247 3354 sperat
1271 3289 1438 3337 iuncta
1460 3289 1589 3336 inter
1610 3286 1767 3334 Athe-

89 3366 288 3415 nienses
332 3363 694 3428 Thebaiiosque
749 3369 965 3417 amicitia
1007 3370 1281 3432 tractisque
1325 3385 1383 3417 ea
1425 3366 1770 3416 coniunctione

92 3445 347 3511 Spartanis
392 3445 643 3498 conciliari
682 3462 832 3513 posse
877 3448 945 3513 (v.
980 3446 1134 3515 471.).
1202 3447 1424 3498 Sociatas
1458 3453 1623 3496 autem
1655 3460 1770 3495 cum
