2170 3866
1131 308 1215 371 57
1219 313 1257 369 2

353 457 595 507 simorum
626 455 867 507 actiones.
915 456 985 507 Et
1015 464 1219 524 praeter
1246 468 1355 522 eos,
1388 474 1512 526 quos
1536 461 2046 526 commemoravimus,

352 535 681 587 Theodorum
726 543 876 601 atque
910 537 1238 603 Archelaum,
1284 541 1435 591 etiam
1468 540 1651 604 Polus,
1701 542 2047 595 Aristodemus

351 632 413 666 ac
446 617 656 682 Satyrus
687 618 749 666 ad
785 619 1000 683 agendas
1036 619 1291 686 Euripidis
1325 621 1641 687 potissimum
1675 621 1869 672 fabulas
1902 622 2046 673 iucu-

350 697 588 760 buerunt,
632 703 784 762 atque
828 699 863 747 ii
911 715 974 748 ex
1023 702 1146 750 urbe
1190 701 1238 750 in
1272 702 1449 751 urbem
1498 702 1766 764 migrantes
1801 702 2045 767 plurimos

349 776 504 826 huius
548 777 896 829 delectationis
939 782 1209 847 participes
1255 781 1499 834 fecerunt.
1571 781 1655 831 Sic
1698 782 2046 832 Aristodemus

350 861 407 906 et
439 851 802 941 Neoptolemus
838 859 900 909 ad
937 860 1226 925 Philippum
1261 860 1588 910 Macedonem
1625 867 1867 912 venerunt
1903 869 1954 912 et
1986 863 2045 912 li-

348 938 589 988 beraliter
631 944 747 988 sunt
791 939 946 991 habiti
992 948 1149 990 artem
1199 957 1336 991 suam
1388 943 1724 991 ostendentes.
1808 942 2045 992 Potestas

350 1018 484 1067 enim
516 1019 579 1068 iis
615 1034 855 1069 concessa
889 1026 969 1070 est
1003 1022 1246 1087 quaslibet
1273 1027 1430 1070 terras
1464 1012 1616 1086 atque
1649 1023 1798 1075 etiam
1825 1022 2045 1072 hostium

348 1098 501 1148 urbes
538 1100 849 1149 exercendae
894 1102 1015 1150 artis
1053 1118 1229 1151 caussa
1265 1102 1508 1162 adeundi,
1557 1118 1684 1166 quae
1718 1103 1859 1152 venia
1892 1100 2045 1153 ἄδεια

348 1180 724 1245 appellabatur:
761 1180 825 1230 de
860 1198 956 1245 qua
989 1199 1045 1231 re
1080 1182 1308 1231 conferas
1344 1181 1552 1247 Grysar.
1587 1182 1622 1233 l.
1650 1182 1682 1232 Ι.
1707 1200 1755 1249 p.
1782 1184 1847 1231 12
1882 1189 1935 1232 et
1959 1184 2041 1236 34.

347 1258 489 1308 Idem
525 1259 588 1309 de
622 1261 738 1309 vitis
772 1261 1105 1327 laudibusque
1140 1262 1524 1312 clarissimorum
1560 1263 1875 1325 histrionum,
1919 1262 2042 1323 Poli,

347 1337 635 1400 Theodori,
681 1341 1016 1399 Aristodemi,
1066 1342 1403 1406 Neoptolemi,
1437 1358 1486 1406 p.
1521 1345 1587 1391 35
1619 1359 1758 1408 seqq.
1795 1343 2042 1406 exposuit.

344 1417 612 1483 Nunquam
646 1420 796 1485 igitur
838 1420 978 1470 favor
1012 1421 1265 1485 Euripidis
1308 1423 1438 1471 inter
1470 1422 1776 1472 Macedones
1809 1422 2042 1470 imminu-

344 1503 427 1547 tus
472 1502 579 1548 est:
625 1515 736 1548 nam
784 1499 1083 1549 Thessalum
1125 1517 1323 1565 quoque
1365 1503 1687 1567 tragoedum,
1734 1517 1881 1566 quem
1915 1500 2041 1550 tanti

345 1578 564 1628 faciebat
597 1579 906 1643 Alexander,
953 1585 1011 1630 ut
1057 1587 1252 1647 partem
1287 1582 1428 1646 regni
1463 1582 1694 1630 amittere
1727 1597 1875 1645 quam
1907 1581 2041 1630 illius

345 1658 542 1709 cladem
575 1660 744 1709 videre
778 1661 950 1710 mallet
984 1658 1216 1726 (Grysar.
1241 1678 1291 1727 p.
1312 1662 1435 1725 13.),
1467 1663 1515 1710 in
1549 1660 1808 1727 Euripidis
1841 1660 2042 1724 potissi-

343 1753 482 1790 mum
515 1739 700 1790 fabulis
736 1741 939 1806 agendis
986 1741 1273 1791 elaborasse
1315 1741 1432 1791 inde
1467 1741 1674 1805 colligo,
1726 1740 1861 1806 quod
1893 1740 2042 1790 huius

342 1825 528 1886 poetae
562 1821 783 1870 carmina
816 1822 1100 1871 Alexander
1134 1823 1420 1871 memoriter
1453 1822 1710 1871 recitabat.

475 1899 589 1950 Hac
622 1901 816 1950 ratione
850 1902 1040 1951 factum
1077 1908 1172 1962 est,
1206 1907 1261 1953 ut
1295 1903 1509 1951 eruditio
1530 1900 1906 1951 Atheniensium
1927 1916 2044 1949 cum

345 1980 455 2030 eius
491 1986 673 2045 poetae
708 1983 1026 2043 carminibuS,
1069 1984 1153 2047 qui
1189 1984 1420 2048 princeps
1455 1983 1586 2032 illius
1620 1988 1895 2044 auctorque
1926 1980 2042 2029 fue-

343 2066 424 2111 rat
455 2061 802 2127 divulgandae,
837 2063 968 2128 apud
998 2079 1170 2112 omnes
1199 2070 1371 2126 gentes
1398 2069 1451 2111 et
1479 2062 1703 2111 civitates
1726 2067 1836 2109 tum
1861 2059 2043 2110 Graeci

342 2142 450 2192 sive
483 2141 798 2191 Macedonici
832 2150 937 2192 tum
966 2143 1176 2191 Romani
1212 2143 1407 2207 imperii
1441 2143 1852 2191 increbresceret.
1921 2142 2043 2190 Ete-

341 2222 443 2273 nim
479 2238 709 2271 sermone
726 2222 921 2271 Graeco
957 2240 1071 2276 cum
1105 2224 1282 2272 litteris
1311 2229 1362 2271 et
1385 2239 1553 2270 rerum
1581 2227 1885 2270 vetustarum
1909 2221 2041 2268 fama

342 2317 436 2368 per
469 2301 658 2364 Asiam,
695 2308 939 2366 quatenus
975 2303 1281 2351 Macedones
1317 2303 1365 2349 ei
1398 2300 1778 2365 imperitabant,
1815 2299 2040 2363 prolatis,

343 2381 498 2438 etiam
530 2382 580 2431 in
614 2383 936 2430 barbarorum
971 2382 1180 2438 theatris
1214 2381 1497 2444 tragoediae
1532 2367 1906 2443 spectabantur,
1951 2394 2041 2426 cu-

342 2462 424 2512 ius
456 2462 532 2510 rei
567 2461 866 2511 documento
901 2468 1015 2510 sunt
1050 2478 1138 2523 ea,
1174 2476 1302 2524 quae
1335 2460 1400 2507 de
1436 2459 1603 2508 Crassi
1638 2459 1798 2523 capite
1833 2457 1895 2506 ad
1929 2457 2041 2522 Hy-

342 2542 519 2592 rodem
565 2542 615 2590 in
661 2542 949 2592 Armeniam
994 2541 1156 2590 relato
1192 2540 1491 2590 Plutarchus
1531 2555 1573 2586 c.
1610 2542 1688 2586 33.
1725 2555 1774 2602 p.
1811 2539 1922 2587 564.
1957 2553 2040 2587 re-

341 2622 485 2672 tulit:
518 2622 919 2687 „Composuerat
952 2638 1126 2685 pacem
1161 2619 1395 2685 Hyrodes
1430 2636 1540 2668 cum
1577 2619 1828 2668 Artuasde
1860 2619 2040 2667 Arme-

342 2703 455 2765 nio,
490 2704 631 2751 cuius
666 2718 839 2750 sorore
872 2702 976 2750 filio
1010 2702 1142 2750 illius
1179 2701 1369 2749 Pacoro
1403 2701 1651 2763 desponsa
1685 2698 1935 2762 agitabant
1963 2698 2039 2746 in-

342 2788 426 2832 ter
459 2799 516 2832 se
549 2782 722 2846 epulas
760 2789 812 2830 et
846 2783 1080 2843 convivia,
1116 2798 1245 2845 quae
1278 2780 1449 2829 multis
1486 2778 1852 2827 acroamatibus
1881 2777 2039 2827 Grae-

342 2863 426 2926 cis⁴
454 2863 831 2926 interpolabant.
912 2863 1035 2910 Erat
1067 2863 1198 2911 enim
1233 2876 1394 2924 neque
1429 2859 1674 2908 sermonis
1709 2873 1871 2921 neque
1903 2858 2038 2906 litte-

342 2959 512 2993 rarum
559 2942 796 3005 Hyrodes
840 2941 1143 2991 Graecarum
1189 2941 1355 3001 rudis3
1402 2939 1678 2990 Artuasdes
1724 2953 1842 2985 vero
1888 2938 2039 2986 etiam

342 3023 628 3086 tragoedias
676 3023 1007 3086 componebat
1055 3027 1110 3071 et
1157 3022 1405 3070 orationes
1451 3025 1602 3083 atque
1635 3017 1869 3066 historias
1915 3017 2040 3065 scri-

343 3103 515 3161 bebat,
550 3118 757 3164 quarum
795 3103 957 3150 adhuc
992 3109 1185 3152 exstant
1218 3101 1476 3165 quaedam.
1533 3099 1635 3147 Ubi
1667 3098 1815 3162 igitur
1832 3096 2036 3154 ¹allatum

346 3187 500 3248 caput
535 3181 703 3230 Crassi
738 3182 802 3230 ad
834 3181 970 3231 fores
1005 3190 1112 3244 est,
1149 3181 1356 3231 sublatis
1391 3182 1486 3228 iam
1521 3179 1724 3238 mensiS‚
1758 3177 2038 3240 tragoedia-

345 3277 459 3312 rum
499 3268 642 3310 actor
686 3260 831 3310 Iason
873 3263 1098 3311 recitavit
1157 3278 1219 3310 ex
1261 3261 1472 3309 Bacchis
1517 3257 1773 3322 Euripidis
1820 3257 2038 3321 Agaven.

347 3342 448 3405 Qui
480 3358 631 3407 quum
664 3341 904 3406 placeret,
938 3343 1225 3406 ingrediens
1252 3339 1526 3390 convivium
1553 3338 1779 3394 Sillaces,
1814 3351 1927 3384 cum
1953 3351 2037 3384 re-

346 3438 462 3487 gem
505 3425 775 3472 veneratus
822 3426 990 3480 esset,
1035 3421 1250 3488 proiecit
1294 3422 1346 3470 in
1393 3420 1613 3470 medium
1665 3421 1813 3482 caput
1846 3414 2037 3464 Crassi.

348 3502 424 3554 lbi
454 3502 656 3554 Parthis
689 3502 918 3567 plausum
964 3517 1079 3554 cum
1116 3502 1338 3553 clamore
1371 3506 1428 3552 et
1458 3497 1787 3565 gratulatione
1818 3494 2036 3546 tollenti-
