2170 3848
875 275 997 334 133

109 420 358 487 sequenda
392 436 505 471 esse
539 421 663 471 dixit
695 422 1015 472 Aristoteles:
1050 436 1146 487 quo
1178 421 1287 469 loco
1321 419 1382 468 ad
1418 435 1581 469 rerum
1615 418 1781 485 impli-

108 504 342 564 cationeS,
376 517 470 551 non
500 502 562 550 ad
590 502 842 551 hominum
865 503 991 550 vitas
1016 500 1293 560 imitandas,
1321 500 1482 549 omnia
1511 500 1778 551 revocavit.

239 582 384 632 Alter
429 583 760 631 recentiorum
811 597 950 630 error
983 585 1088 640 est,
1136 579 1267 644 quod
1301 595 1415 628 cum
1448 580 1653 627 interitu
1687 579 1779 627 ho-

107 663 328 722 minum,
364 677 568 725 quorum
604 678 712 710 sors
744 661 1009 726 praecipue
1043 665 1236 723 agatur,
1282 657 1563 721 tragoedias
1608 657 1780 722 utique

106 741 349 791 finiendas
383 756 496 790 esse
523 741 835 799 arbitrantur,
879 755 1028 802 quum
1063 738 1558 788 conversionem
1588 743 1778 786 tantum

109 822 215 870 sive
248 819 639 885 καταστροφήν,
673 835 769 868 non
802 819 1128 877 eversionem,
1165 823 1217 867 et
1241 818 1440 881 quidem
1464 833 1647 876 rerum,
1682 832 1779 865 non

106 903 251 963 vitae,
283 901 566 966 tragoediae
587 899 890 964 propositam
917 914 1030 947 esse
1052 902 1246 947 veteres
1283 898 1540 948 voluerint.
1611 896 1779 959 ltaque

108 996 204 1030 non
233 982 390 1030 minor
424 987 528 1028 erat
560 994 793 1029 numerus
826 978 1210 1044 tragoediarum,
1247 979 1421 1043 quibus
1448 977 1662 1025 miserae
1696 990 1777 1023 res

105 1061 157 1108 in
191 1060 362 1119 laetas,
397 1075 542 1122 quam
578 1075 765 1119 earum,
801 1058 979 1122 quibus
1013 1059 1173 1107 laetae
1205 1059 1254 1108 in
1287 1058 1492 1106 miseras
1527 1060 1778 1104 mutaren-

106 1144 208 1198 tur,
243 1145 294 1188 et
325 1139 784 1204 reprehendebatur
818 1138 1111 1203 EuripideS,
1163 1139 1293 1202 quod
1325 1136 1578 1186 infelicem
1613 1151 1779 1184 rerum

106 1224 337 1268 eventum
370 1219 569 1283 saepius
605 1234 751 1283 quam
785 1218 981 1266 felicem
1029 1218 1283 1278 finxisset,
1333 1216 1633 1265 defendente
1665 1214 1779 1263 Ari-

106 1299 287 1349 stotele
321 1305 371 1348 et
403 1299 616 1348 maxime
650 1299 888 1361 tragicum
923 1303 1180 1362 poetarum
1224 1303 1429 1362 propter
1460 1297 1585 1344 hanc
1618 1295 1779 1359 ipsam

105 1396 212 1429 rem
239 1379 373 1427 illum
400 1378 681 1443 appellante
704 1377 858 1442 (poet.
882 1380 961 1437 13,
979 1381 1029 1426 6.
1064 1378 1193 1427 adde
1221 1394 1346 1441 quae
1370 1375 1430 1424 T.
1450 1375 1486 1425 l.
1517 1392 1568 1440 p.
1585 1377 1649 1423 5⁷
1671 1390 1775 1438 seq.

105 1458 470 1522 disseruimus).
539 1459 606 1507 Et
649 1464 788 1506 recte
833 1457 1032 1521 quidem
1079 1459 1162 1506 hic
1212 1458 1380 1521 gravia
1425 1455 1694 1504 infortunia
1729 1459 1781 1503 et

106 1538 410 1603 perniciosos
445 1543 649 1587 eventus
684 1554 712 1586 a
747 1538 1002 1587 comoedia
1034 1538 1266 1587 iudicavit
1290 1537 1451 1586 aliena
1475 1551 1605 1594 esse,
1640 1539 1780 1583 recte

104 1619 285 1668 laetum
303 1617 489 1667 exitum
513 1618 562 1667 in
585 1617 891 1666 comoediam
904 1617 1060 1682 magis
1088 1634 1231 1681 quam
1256 1618 1305 1666 in
1328 1616 1634 1681 tragoediam
1662 1630 1780 1663 con-

106 1698 274 1747 venire
308 1698 442 1756 dixit,
480 1699 662 1747 erravit
695 1699 846 1759 idem,
882 1699 922 1746 si
956 1699 1258 1760 tragoediam
1292 1697 1538 1746 dedecere
1572 1695 1778 1758 putavit.

104 1778 217 1828 Non
250 1778 378 1826 enim
426 1777 663 1826 felicitate
705 1777 783 1826 vel
817 1776 1142 1838 infelicitate,
1189 1777 1279 1826 sed
1312 1775 1587 1841 granditate
1621 1779 1673 1822 et
1706 1774 1777 1821 le-

105 1859 258 1906 vitate
290 1858 476 1920 tragica
511 1875 539 1905 a
573 1857 776 1906 comicis
812 1858 1206 1921 distinguuntur,
1256 1872 1313 1904 ac
1360 1855 1540 1903 decent
1580 1859 1778 1916 tragoe-

108 1938 241 1986 diam
289 1952 609 2002 quaecunque
644 1937 951 1986 maiestatem
987 1936 1193 1984 deorum
1227 1933 1572 1994 manifestant,
1620 1932 1777 1996 qualis

106 2023 186 2066 est
217 2017 462 2081 inopinata
494 2023 642 2080 atque
673 2018 921 2080 insperata
954 2031 1119 2064 rerum
1154 2015 1434 2074 conversio,
1480 2029 1631 2077 quum
1666 2013 1778 2061 effi·

105 2097 301 2146 ciuntur
333 2113 422 2158 ea,
475 2113 602 2160 quae
648 2096 874 2145 humanis
908 2096 1090 2145 viribus
1126 2095 1263 2143 effici
1297 2109 1447 2158 posse
1480 2094 1777 2156 desperave-

106 2191 289 2237 ramuS,
324 2192 423 2226 non
455 2178 614 2226 minus
647 2176 776 2225 laeta
810 2192 955 2240 quam
992 2176 1192 2225 misera.

235 2255 439 2306 Tertius
473 2257 748 2306 recentium
783 2273 922 2305 error
955 2262 1049 2319 est,
1088 2257 1219 2320 quod
1254 2270 1452 2319 semper
1474 2253 1778 2319 singulorum

106 2337 379 2399 hominum,
414 2352 659 2399 nunquam
696 2336 968 2386 civitatium
1002 2336 1081 2385 vel
1115 2336 1411 2401 populorum
1445 2333 1546 2382 fata
1580 2339 1778 2397 tragoe-

105 2418 188 2467 dia
234 2416 429 2466 ostendi
478 2416 754 2481 opinantur.
820 2415 1006 2466 Tenuis
1053 2417 1262 2465 materia
1294 2419 1410 2465 sunt
1441 2429 1524 2463 res
1559 2414 1779 2477 singulo-

106 2513 246 2555 rum,
282 2501 336 2544 et
366 2497 512 2560 longe
545 2497 797 2562 tragoedia
829 2496 1037 2545 inferior
1072 2502 1208 2546 esset
1241 2512 1386 2560 quam
1421 2494 1688 2559 epopoeia‚
1737 2494 1780 2542 si

108 2583 211 2627 tam
262 2576 482 2641 angustis
530 2577 868 2626 contineretur
910 2576 1162 2625 terminis:
1209 2593 1238 2624 a
1281 2591 1378 2639 qua
1422 2574 1506 2622 illa
1539 2573 1780 2621 modestia

105 2663 207 2706 tam
245 2656 391 2721 longe
424 2657 587 2716 abest,
621 2662 676 2705 ut
708 2672 972 2722 nunquam·
994 2657 1123 2705 circa
1158 2656 1375 2721 singulos
1409 2654 1653 2709 homines,
1689 2652 1781 2700 sed

110 2748 312 2802 semper
343 2740 430 2785 aut
463 2735 596 2785 circa
629 2736 870 2797 familias,
906 2741 962 2784 ut
996 2735 1251 2800 Odyssea,
1286 2739 1372 2784 aut
1404 2733 1534 2781 circa
1567 2732 1778 2798 populos

109 2824 163 2866 et
195 2815 529 2881 respublica,
575 2821 631 2864 ut
663 2816 807 2873 Ilias,
844 2824 1083 2881 occupata
1116 2817 1196 2867 sit.
1264 2815 1332 2863 Et
1365 2822 1537 2878 aperte
1570 2812 1780 2878 populo-

107 2914 217 2947 rum
263 2912 347 2946 res
398 2901 450 2944 et
482 2911 650 2944 rerum
681 2897 988 2961 publicarum
1024 2901 1107 2944 aut
1141 2894 1487 2944 conversiones
1522 2900 1608 2942 aut
1640 2907 1779 2941 ever-

109 2979 273 3026 aiones
306 2974 491 3024 fabulis
526 2974 928 3036 Phoenissarum,
977 2977 1258 3035 Troadum,
1305 2973 1570 3033 Hecubae,
1606 2972 1779 3033 Rhesi,

107 3055 505 3115 Heraclidarum,
527 3054 812 3119 Supplicum
835 3057 1053 3119 itemque
1067 3056 1330 3105 Persarum
1350 3054 1588 3118 Aeschyli
1613 3058 1779 3101 osten-

109 3137 309 3185 duntur:
361 3135 538 3199 quibus
583 3134 635 3182 in
681 3135 860 3184 fabulis
907 3153 1031 3200 quae
1065 3137 1248 3201 primas
1282 3139 1428 3199 agunt
1461 3140 1628 3198 partes
1663 3149 1777 3197 per-

109 3232 278 3275 sonae,
310 3215 486 3264 harum
519 3216 568 3263 in
600 3214 733 3263 nulla
766 3231 1009 3265 summum
1042 3232 1208 3264 rerum
1242 3218 1545 3262 momentum
1579 3217 1670 3261 est.

240 3295 475 3360 Exposita
509 3294 789 3344 Aristotelis
824 3296 1093 3353 sententia,
1139 3294 1223 3357 qui
1266 3309 1350 3342 res
1397 3298 1449 3342 et
1487 3293 1620 3342 facta
1656 3288 1781 3339 dixit

109 3376 260 3425 finem
292 3375 579 3439 tragoediae
612 3376 924 3440 propositum
960 3392 1100 3435 esse,
1145 3374 1367 3438 itemque
1402 3371 1659 3433 Schilleri,
1696 3368 1781 3434 qui

108 3454 335 3506 homines
367 3455 592 3521 vitasque
625 3455 892 3521 praecipue
923 3455 1143 3506 imitatus
1166 3457 1263 3515 est,
1298 3452 1498 3503 tertiam
1521 3452 1782 3515 adiungam
