2170 3848
891 257 972 316 53

76 411 257 460 marito
303 407 571 459 interfecto
617 409 812 468 doleat,
860 407 1091 457 exstincti
1126 421 1301 455 caussa
1335 407 1640 458 simultatem
1673 425 1764 475 ge-

76 506 191 540 rere
225 505 340 538 cum
373 505 509 537 vivo:

208 569 443 630 „Illae
475 585 669 616 meae
703 574 839 615 tam
872 565 1164 632 *)'potes
1193 567 1393 631 pacis
1421 567 1694 633 potiri-’⁹

75 650 195 700 Inde
227 649 414 714 duplici
450 648 687 696 felicitate
722 646 884 694 laetus
918 648 980 695 ad
1005 662 1141 694 sacra
1169 654 1310 695 extra
1337 649 1509 696 urbem
1534 648 1763 698 facienda

75 746 165 780 rex
201 729 547 794 proficiscitur,
584 743 749 775 secum
784 726 970 774 ducens
1007 726 1372 791 Cresphontem
1405 733 1461 776 ut
1489 727 1760 793 hospitem.

77 810 367 861 Profectum
402 809 612 870 Merope
647 812 932 854 exsecratur
968 806 1170 871 (fragm.
1208 807 1306 855 inc.
1342 806 1478 870 39.):

207 889 379 953 ‚‚cm·‚
414 886 585 954 quod
615 886 682 934 in
715 903 807 935 me
843 894 958 946 est,
997 887 1406 936 exsecrabor
1433 887 1565 946 hoc,
1591 884 1762 952 quod

866 967 1091 1028 lucet,
1128 966 1468 1034 quidquid
1502 965 1758 1029 est**).”

207 1047 522 1097 Intervallum
557 1046 797 1110 temporis
834 1048 1023 1112 expleri
1058 1049 1216 1111 potuit
1250 1047 1464 1096 carmine
1499 1047 1613 1108 ino,
1661 1062 1759 1111 quo

77 1130 259 1182 chorus
293 1127 429 1194 pacis
464 1133 514 1175 et
543 1127 833 1186 concordiae
867 1128 1168 1178 desiderium
1203 1127 1497 1178 declaravit:

207 1207 414 1275 Εἰρήνη
449 1205 790 1273 βαθύπλουτε
823 1204 911 1257 καὶ

205 1287 455 1342 καλλίστα
488 1287 746 1353 μακάρων
780 1290 943 1353 θεῶν,

208 1370 361 1439 ζῆλός
395 1387 486 1433 μοι
519 1368 692 1433 σέθεν,
728 1367 799 1429 ὡς
832 1369 1008 1435 χρονί-

211 1452 327 1516 ζεις,
361 1448 575 1503 δέδοικα
593 1448 682 1512 «δὲ,
718 1447 790 1517 μὴ
824 1451 1012 1512 πόνοις
1032 1450 1142 1517 ***)

205 1530 477 1599 ὑπερβάλῃ
510 1542 574 1598 με
605 1534 790 1598 γῆρας,

208 1612 339 1677 πρὶν
373 1611 473 1664 σὰν
506 1612 789 1679 χαρίεσσαν
822 1612 1091 1678 προςιδεῖν
1126 1609 1273 1678 ὥραν

205 1692 297 1747 καὶ
326 1695 673 1761 καλλιχόρους
708 1693 820 1744 ἄοι-

207 1774 304 1835 δὰς
335 1774 764 1840 φιλοστεφάνους
794 1789 848 1824 τε
881 1773 984 1825 κώ-

210 1871 378 1920 μους·
411 1855 496 1906 ἴθι
527 1873 645 1921 μοι,
685 1855 903 1918 πότνια,
940 1853 1111 1917 πόλιν,

209 1935 310 1988 τὰν
342 1935 391 1988 δ’
410 1936 471 2002 †)
509 1934 709 2002 ἐχθρὰν
742 1935 924 1986 στάσιν
959 1929 1088 2001 εἶργ’
1123 1933 1211 1984 ἀπ’
1247 1933 1324 1985 οἵ·

212 2033 326 2068 κων
357 2015 456 2069 τὰν
487 2013 816 2081 μαινομέναν
849 2018 895 2066 τ’
930 2012 1058 2080 ἔριν,

208 2098 392 2167 θηκτῷ
423 2095 752 2162 τερπομέναν
786 2097 999 2164 σιδάρῳ.

75 2179 179 2230 Re's
212 2182 355 2244 gesta
386 2195 415 2228 a
449 2182 619 2228 nuntio
654 2196 819 2228 coram
854 2179 1062 2243 Meropa
1097 2178 1324 2242 exposita
1357 2183 1459 2226 est:

210 2287 274 2297 —-
359 2252 361 2254 ¹
407 2288 470 2296 —
605 2287 667 2297 -—-
800 2289 863 2296 —
997 2298 1031 2320 „
1051 2259 1245 2325 Opem

215 2339 573 2390 censivam
610 2340 978 2399 advocant,
1028 2345 1189 2388 eunt
1227 2337 1621 2404 adfontem,
1670 2337 1756 2385 ηἰ-

871 2419 1115 2470 tidant
1153 2410 1541 2486 corporast’*

207 2529 266 2539 —
438 2528 501 2536 ——-
670 2530 733 2538 μ-
899 2529 964 2538 -ι
1129 2528 1195 2536 -n

213 2580 336 2643 „In
376 2585 644 2631 terram
694 2581 1022 2633 cadentes
1070 2579 1364 2629 cubiteis
1391 2577 1759 2645 pinsebant

870 2663 1115 2711 humum
1142 2658 1295 2726 ††).’'

78 2741 225 2805 Quod
271 2740 623 2805 epigrammate
669 2742 915 2807 cyziceno
950 2742 1161 2808 Merope
1197 2740 1299 2788 filio
1332 2741 1526 2788 hostem
1561 2737 1761 2787 interfi-

79 2821 227 2872 cienti
272 2836 508 2885 praesens
556 2823 908 2884 exhibebatur,
958 2824 1006 2871 id
1054 2821 1155 2870 noli
1201 2822 1360 2884 ipsum
1409 2835 1470 2868 ex
1507 2818 1760 2883 Euripidis

80 2917 236 2967 opere
269 2917 561 2966 expressum
595 2904 752 2953 fuisse
786 2905 1009 2968 opinari:
1058 2908 1274 2950 mentem
1324 2900 1452 2949 enim
1501 2905 1761 2965 poetarum

135 3036 186 3092 ²⁵)
214 3037 398 3093 Fragm.
430 3036 513 3078 ine.
542 3035 611 3078 31.
671 3037 811 3079 Tam
840 3051 922 3092 pro
953 3042 1140 3079 tamen
1169 3034 1364 3091 positum
1394 3048 1491 3077 esse
1522 3032 1629 3076 dicit
1649 3033 1758 3075 Dio-

220 3108 374 3150 medes
405 3108 744 3163 grammaticus.

110 3178 187 3233 **)
215 3178 308 3220 Cic.
339 3177 391 3220 N.
423 3179 476 3219 Ι).
518 3178 574 3230 ll,
602 3176 672 3230 25,
698 3177 768 3220 65.
826 3179 949 3220 Bene
979 3177 1183 3221 convenit
1221 3176 1266 3219 in
1294 3177 1529 3232 Meropem
1558 3175 1760 3232 philoso-

220 3249 360 3303 pham
392 3249 521 3291 Lucis
555 3250 630 3291 vel
657 3248 782 3291 Coeli
810 3248 1030 3292 invocatio
1062 3262 1142 3303 pro
1171 3248 1308 3292 lovis.

82 3318 188 3374 ssffi‘)
217 3319 363 3375 Vulgo
394 3319 581 3362 δέδοικα
612 3317 678 3372 δὲ,
706 3315 768 3375 μὴ
799 3320 908 3378 πρὶν
938 3317 1113 3371 πόνοις.

129 3390 189 3444 ·1·)
220 3389 366 3446 Vulgo
395 3384 538 3433 τάνδ’.

101 3459 194 3516 ¹1··1·)
223 3459 410 3516 Fragm.
438 3460 525 3506 inc.
560 3459 632 3504 69.
