2202 3892
1145 202 1265 261 242

364 355 476 403 dem
509 365 746 416 personas
778 349 896 398 huic
931 348 1166 398 dramatis
1201 348 1378 398 actioni
1412 349 1725 414 interfuisse,
1774 357 1896 416 quot
1938 351 2036 401 illis

362 432 647 495 imaginibus
691 434 1154 495 repraesentantur,
1203 430 1392 479 credas.
1470 430 1596 479 Nam
1630 432 1803 480 abesse
1847 434 1908 482 ab
1941 433 2036 480 hac

365 527 515 561 scena
560 525 730 574 regem
795 515 849 558 et
895 508 1112 573 reginam
1163 507 1241 556 vel
1289 514 1491 572 propter
1524 515 1742 563 actorum
1775 527 2035 560 numerum

364 589 620 639 definitum
658 602 866 636 necesse·
897 588 1002 637 fuit.
1071 587 1138 635 Et
1172 589 1347 637 absunt
1378 588 1451 636 illi
1484 604 1511 636 a
1548 589 2034 652 picturis-2vasor11m,

304 688 306 690 ’
364 686 490 733 quae
534 669 583 715 iu
620 667 1043 736 MnoeoEtrusc-
1078 669 1174 715 tab.
1216 672 1291 717 18.
1328 674 1380 716 et
1417 670 1494 714 19.
1532 673 1644 716 sunt
1677 667 1918 727 redditae,
1955 670 2036 717 ubi

364 749 523 814 geniis
570 748 992 796 intercedentibus
1040 747 1380 808 Alexandrus,
1432 748 1584 795 altera
1629 764 1775 795 manu
1821 747 2037 811 gladium

365 830 571 887 tollens,
628 827 781 875 altera
829 828 1066 874 verbenas
1117 833 1320 885 tenens,
1381 844 1408 875 a
1455 827 1688 875 fratribus
1741 826 2039 875 defenditur.

366 909 545 958 Adstat
581 914 743 954 autem
779 908 1109 970 paedagoguS‚
1147 907 1230 970 qui
1258 907 1586 955 Alexandrum
1622 906 1848 955 sustulit:
1884 922 1978 970 quo
2013 922 2042 954 e

366 988 512 1038 turba
559 987 837 1050 prodeunte
886 992 937 1034 et
983 986 1139 1033 allatis
1189 987 1468 1050 crepundiis
1514 986 1792 1034 vaticinium
1831 985 2042 1034 Cassan-

367 1070 487 1117 drae
523 1067 869 1124 confirmante,
923 1071 1151 1129 parentes
1185 1065 1314 1114 illius
1350 1066 1411 1114 ad
1447 1065 1787 1132 accipiendum
1821 1066 2043 1115 nuntium

368 1163 430 1197 ex
464 1146 667 1194 aedibus
704 1150 992 1210 provocatos
1029 1162 1141 1194 esse
1174 1147 1445 1210 putandum
1481 1152 1574 1195 est.
1644 1145 1717 1196 De
1761 1162 1854 1210 qua
1886 1162 1944 1195 re
1978 1144 2042 1194 cf.

369 1227 510 1278 Ovid.
546 1242 590 1275 v.
625 1229 721 1273 89:

500 1305 770 1367 „luterem
807 1303 977 1363 credo,
1025 1305 1186 1352 versis
1221 1303 1290 1352 ad
1318 1321 1572 1370 prospera
1593 1306 1751 1370 fatis,

499 1386 696 1450 Regius
733 1399 981 1449 agnoscor
1008 1400 1137 1449 per
1172 1391 1328 1432 rata
1360 1386 1566 1448 signa
1597 1384 1786 1449 puer,''

370 1472 421 1516 et
454 1466 679 1515 Servium
716 1465 835 1511 Aen.
870 1462 934 1523 V,
970 1465 1100 1510 370:
1167 1463 1484 1521 „Secundum
1524 1479 1640 1513 vero
1673 1464 1853 1514 Troica
1885 1461 2044 1512 Nero-

368 1546 444 1595 nis
480 1544 603 1593 adeo
639 1542 737 1590 fuit
769 1542 941 1604 fortis,
988 1546 1042 1591 nt
1075 1543 1125 1590 in
1159 1541 1341 1590 Troiae
1375 1543 1565 1607 agonali
1599 1543 1865 1591 certamine
1898 1532 2045 1607 su'pe-

369 1629 504 1673 raret
539 1638 739 1682 omnes,
786 1622 933 1671 etiam
981 1622 1142 1686 ipsum
1190 1622 1491 1670 Hectorem:
1537 1623 1621 1685 qui
1665 1639 1776 1672 cum
1811 1623 1963 1671 iratus
1995 1621 2047 1670 in

371 1721 483 1753 eum
535 1702 803 1764 stringeret
847 1701 1091 1764 gladium,
1141 1701 1264 1749 dixit
1307 1717 1363 1749 se
1397 1717 1509 1748 esse
1542 1716 1827 1764 germanum
1861 1706 1912 1750 et
1944 1700 2046 1748 al-

371 1783 533 1832 latis
569 1781 955 1844 crepundiis
990 1782 1219 1845 probavit
1251 1781 1335 1844 qui
1369 1781 1458 1828 sub
1486 1780 1656 1829 habitu
1684 1781 1858 1830 rustici
1884 1779 2048 1828 adhuc

370 1860 610 1912 latebat.'’
680 1859 757 1909 Cf.
794 1860 982 1910 Welck.
1018 1879 1067 1926 p.
1105 1863 1217 1910 464.
1291 1861 1474 1909 Aderat
1504 1860 1657 1924 igitur
1690 1861 1740 1909 in
1777 1863 2049 1924 pastorum,

371 1943 455 2006 qui
491 1939 720 1989 Paridem
759 1941 979 1989 comitati
1013 1948 1169 2000 erant,
1205 1946 1402 1990 caterva
1436 1941 1499 1998 is,
1535 1941 1617 2004 qui
1646 1942 1778 1989 hunc
1803 1944 2050 1988 servatum

372 2022 693 2080 educaverat,
745 2024 798 2068 et
833 2027 1041 2085 cogente
1085 2020 1387 2070 necessitate
1430 2021 1689 2109 veritatem
1735 2019 1841 2083 regi
1885 2023 1937 2068 et
1968 2033 2050 2067 re-

372 2101 518 2167 ginae
559 2100 752 2164 aperire
789 2100 1024 2148 decrevit.

505 2179 657 2228 Chori
692 2179 841 2228 verba
873 2180 998 2227 haec
1034 2194 1146 2227 esse
1183 2182 1319 2241 puto,
1354 2178 1418 2227 de
1451 2183 1655 2243 recepto
1690 2177 1794 2227 filio
1814 2175 2052 2226 Hecubae

373 2258 663 2325 gratulantis
679 2275 693 2305 ε

498 2331 715 2402 Ἑκάβη,
749 2333 809 2386 τὸ
843 2338 999 2386 θεῖον
1032 2332 1103 2395 ὡς
1135 2336 1361 2385 ἄελπτον
1395 2333 1596 2400 ἔρχεται

506 2420 804 2484 θνητοῖσιν,
839 2413 971 2468 ἕλκει
1010 2415 1058 2468 δ’
1095 2415 1275 2466 οὔποτ’
1313 2411 1369 2466 ἐκ
1401 2414 1601 2466 ταύτοῦ
1634 2412 1809 2480 τύχας.

375 2499 486 2549 Hac
528 2499 665 2548 facta
706 2514 872 2547 rerum
917 2498 1233 2546 conversione
1277 2503 1506 2560 parentes
1564 2496 1747 2543 laetitia
1791 2493 1916 2543 adeo
1962 2507 2054 2542 ex-

377 2579 651 2640 sultarunt,
713 2585 771 2628 ut
817 2577 948 2627 festa
994 2578 1217 2626 Priamus
1274 2593 1387 2625 cum
1433 2576 1655 2624 cantibus
1707 2581 1758 2623 et
1801 2570 2054 2622 sacrificiis

378 2659 543 2709 statim
578 2675 669 2723 per
703 2663 858 2707 totam
891 2660 1066 2707 urbem
1101 2657 1339 2706 celebrari
1372 2638 1593 2715 iuberem
1629 2654 1693 2703 cf.
1722 2653 1862 2703 Ovid.
1894 2668 1939 2702 v.
1963 2653 2053 2703 91:

509 2737 720 2801 „Laeta
754 2738 932 2788 domus
966 2744 1090 2787 nato
1115 2753 1216 2802 per
1248 2742 1482 2802 tempora
1516 2737 1672 2800 longa
1705 2738 1943 2800 recepto,-

578 2819 743 2867 Addit
780 2826 830 2867 et
867 2817 936 2867 ad
956 2819 1124 2882 festos
1157 2817 1293 2865 hunc
1327 2832 1524 2883 qaoque
1563 2815 1719 2864 Troia
1755 2811 1942 2862 diem.²'

381 2896 526 2945 Adde
560 2899 735 2948 Tzetz.
771 2899 1038 2948 Antehom.
1074 2899 1303 2945 78—85.

510 2975 642 3025 Tum
693 2980 800 3026 sine
844 2996 982 3027 mora
1027 2977 1332 3026 Alexandrus
1377 2975 1611 3023 iudicium
1647 2991 1675 3022 a
1710 2988 1764 3020 se
1799 2971 1862 3020 de
1895 2969 2053 3018 tribus

383 3054 569 3103 deabus
603 3057 788 3105 factum
825 3065 878 3107 et
911 3051 1149 3123 insignem
1182 3057 1368 3119 patriae
1391 3055 1593 3118 gloriam
1619 3052 1734 3100 fatis
1758 3049 2052 3098 destinatam

384 3136 649 3183 ostendens
684 3136 831 3185 iussit
865 3138 1024 3185 classe
1058 3142 1226 3200 parata
1262 3135 1392 3183 cives
1428 3135 1476 3181 in
1503 3127 1856 3182 Graeciam'ad
1882 3131 2053 3191 peten-

385 3213 496 3261 dam
517 3214 755 3263 Helenam
794 3233 848 3264 se
883 3218 1010 3264 duce
1043 3215 1321 3280 proficisci;
1356 3210 1901 3268 cf.0vid.v.54-88.‚
1938 3221 2052 3253 cum

384 3307 481 3354 quo
533 3296 774 3342 consentit
820 3295 973 3343 Dares
1023 3295 1189 3357 Phryx
1240 3310 1283 3344 c.
1320 3298 1378 3342 7:
1443 3284 1757 3354 „Alexander
1804 3286 2054 3335 cohortari

385 3371 567 3437 coepit,
602 3379 654 3422 ut
687 3374 857 3423 classis
893 3379 1214 3439 praeparetur
1247 3377 1298 3422 et
1330 3373 1378 3423 in
1415 3372 1671 3421 Graeciam
1703 3366 1953 3417 mittatur:
1999 3379 2054 3413 se
