2124 3860
1031 262 1149 317 3⁰2

275 412 568 475 cogitaverat
629 411 824 470 praeter
882 404 1226 453 Archilochum
1244 442 1263 473 ,Β
1315 404 1409 467 .qui
1478 408 1645 456 morbo
1701 407 1926 456 laborans

275 493 498 538 avertere
541 484 790 532 daemonis
834 485 952 532 iram
998 484 1188 530 studuit
1221 485 1528 532 retractando
1557 485 1927 550 revocandoque

276 582 400 631 quae
434 566 479 613 in
508 563 746 612 Helenam
772 567 1087 626 congesserat
1117 565 1319 627 probra;
1355 579 1512 626 neque
1537 563 1796 628 Euripides
1817 565 1927 630 ipse

275 650 358 693 aut
392 650 530 692 antea
565 648 649 691 ant
681 649 881 707 postea,
925 658 1068 705 quam
1104 658 1272 690 novam
1308 643 1434 690 hanc
1468 642 1703 690 Helenam
1737 645 1786 692 in
1819 644 1926 693 vul-

274 739 364 789 gus
414 723 610 782 ederet,
658 722 806 770 ullam
860 723 964 769 eius
1016 723 1307 769 mentionem
1356 721 1504 781 fecit,
1564 722 1613 769 in
1656 722 1926 771 accusanda

273 801 451 851 Troica
488 802 673 850 Helena
709 802 919 850 omnium
957 802 1389 850 constantissimus.

401 882 537 930 Idem
585 888 776 943 tempus
823 880 1100 942 tragoediae
1143 879 1288 927 huius
1322 880 1369 926 in
1406 885 1652 928 certamen
1684 879 1929 928 demissae

271 961 509 1026 Bergkius
544 960 671 1024 apud
709 959 1018 1008 Welckerum
1056 975 1102 1022 p.
1139 961 1279 1009 1587.
1328 974 1387 1006 ex
1423 958 1772 1008 Dioscurorum
1816 974 1928 1007 ver-

270 1041 344 1089 bis
379 1040 588 1088 coniecit
621 1037 1058 1102 pronuntiantium,
1108 1052 1161 1084 se
1207 1039 1252 1086 in
1289 1037 1505 1086 Siculum
1550 1055 1684 1087 mare
1727 1038 1786 1086 ad
1822 1052 1926 1086 ser-

268 1119 448 1169 vandas
482 1135 629 1167 naves
665 1116 1059 1179 (Atheniensium
1097 1117 1307 1178 scilicet)
1343 1119 1558 1166 abituros
1593 1134 1722 1176 esse,
1756 1114 1927 1165 simul-

270 1215 366 1264 que
392 1198 564 1246 rviolati
597 1196 907 1244 iurisiurandi
942 1211 1124 1259 poenas
1159 1212 1185 1242 a
1222 1197 1447 1245 scelestis
1482 1204 1764 1247 exacturos:

395 1275 472 1327 νὼ
505 1274 553 1326 δ’
588 1271 670 1325 ἐπὶ
704 1273 902 1324 πόντον
935 1274 1159 1324 Σικελὸν
1197 1274 1425 1340 σπουδῇ,

395 1355 620 1406 σώσοντε
653 1355 789 1405 νεῶν
822 1352 1034 1417 πρώρας
1068 1351 1290 1415 ἐνάλους
1322 1357 1429 1405 κτλ.

267 1436 401 1486 Idem
438 1438 512 1485 vir
544 1438 734 1495 doctus,
771 1435 895 1499 quod
926 1436 1109 1483 crimen
1139 1437 1339 1499 periurii
1376 1437 1435 1483 ad
1457 1452 1601 1484 unum
1625 1435 1926 1483 Alcibiadem

267 1517 514 1580 pertinere
547 1516 745 1579 putavit,
778 1530 969 1562 errasse
1003 1515 1208 1565 videtur.
1281 1515 1457 1564 Parum
1492 1516 1617 1563 enim
1654 1520 1927 1579 opportuno

268 1602 491 1659 tempore
542 1595 587 1642 iu
634 1594 768 1643 illum
803 1593 1064 1657 Euripides
1101 1595 1315 1641 invectus
1351 1601 1516 1651 esset,
1567 1611 1724 1659 neque
1766 1593 1926 1642 minus

266 1675 397 1723 iuste
432 1674 754 1737 Syracusani,
803 1689 943 1737 quam
981 1674 1127 1731 civeS,
1165 1676 1527 1723 accusabantur.
1584 1673 1926 1721 Reminiscen-

266 1754 383 1802 dum
432 1754 558 1802 euim
609 1760 683 1801 est
732 1752 954 1809 illorum,
1003 1769 1126 1816 quae
1174 1752 1492 1816 Thucydides
1541 1752 1649 1813 Vll,
1682 1754 1746 1800 82
1787 1767 1925 1814 seqq.

266 1833 531 1881 memoriae
572 1832 813 1895 prodidit:
871 1831 1150 1896 „Gylippus
1197 1837 1249 1879 et
1294 1832 1583 1896 Syracusani
1644 1831 1929 1880 denuntiant

267 1911 507 1977 primum,
555 1912 595 1958 si
645 1911 751 1973 quis
787 1912 846 1959 ad
884 1928 938 1960 se
973 1912 1182 1959 transire
1216 1912 1364 1959 vellet
1397 1912 1755 1970 insulanorum,
1802 1910 1927 1958 libe·

266 2007 374 2040 rum
411 1990 534 2039 sore.
602 1989 922 2039 Transierunt
969 1991 1176 2053 aliquot,
1225 2007 1315 2037 uec
1349 1996 1510 2039 tamen
1543 1990 1725 2039 multae
1759 1989 1927 2038 civit-a-

268 2075 362 2119 teS.
429 2071 548 2120 Mox
592 2070 770 2118 deinde
804 2071 999 2134 reliquis
1046 2070 1295 2128 omnibus,
1332 2071 1412 2132 qui
1449 2086 1559 2118 cum
1593 2069 1925 2117 Demosthene

267 2154 433 2208 erant,
486 2149 649 2196 oblata
693 2156 769 2197 est
818 2150 1058 2209 conditio,
1110 2150 1149 2196 si
1189 2151 1440 2198 traderent
1474 2165 1635 2210 arma,
1683 2147 1924 2196 neminem

266 2243 434 2276 eorum
499 2233 702 2276 morte
759 2228 1072 2275 affectum
1134 2228 1212 2273 iri
1262 2234 1367 2274 aut
1431 2228 1757 2275 violentia
1815 2228 1926 2272 ant

267 2305 550 2354 vinculis
595 2314 706 2354 aut
748 2306 960 2370 inopia
995 2321 1207 2353 rerum
1244 2306 1316 2352 ad
1352 2305 1595 2353 victum
1629 2320 1923 2353 necessa-

267 2386 519 2434 riarum.
598 2385 759 2448 Atque
804 2385 871 2433 ita
918 2384 1151 2434 dedidere
1199 2399 1253 2431 se
1298 2385 1430 2447 ipsos
1475 2385 1661 2442 cuncti,
1722 2398 1925 2432 numero

268 2479 357 2512 sex
401 2459 577 2521 millia,
628 2479 922 2527 omnemque
956 2463 1238 2528 pecuniam,
1289 2480 1432 2525 quam
1469 2464 1736 2519 habebant,
1771 2464 1925 2526 depo-

267 2548 469 2592 suerunt
503 2543 708 2591 effusam
743 2543 791 2591 iu
826 2549 965 2592 scuta
1000 2543 1294 2605 resupinata,
1331 2559 1423 2605 qua
1458 2543 1662 2607 pecunia
1699 2549 1926 2604 quattuor

267 2629 407 2671 scuta
439 2623 722 2686 replevere,
757 2624 1018 2686 statimque
1053 2623 1098 2670 iu
1126 2623 1293 2670 urbem
1326 2639 1352 2668 a
1383 2622 1698 2686 Syracusanis
1726 2619 1926 2670 deducti

267 2697 426 2750 sunt-’⁷
493 2702 559 2750 Hi
602 2700 778 2750 deinde
823 2718 917 2750 non
965 2703 1150 2763 minim,
1202 2718 1345 2763 quam
1382 2701 1552 2749 Niciae
1587 2702 1797 2759 milites,
1845 2699 1926 2763 qni

267 2779 395 2828 nulla
442 2782 667 2844 pactione
702 2783 747 2830 in
782 2782 1000 2829 bostium
1035 2786 1330 2846 potestatem
1368 2787 1704 2845 pervenerant,
1740 2781 1787 2827 in
1821 2779 1924 2826 lau-

265 2858 442 2908 tumias
476 2867 587 2908 suut
621 2862 776 2919 missi,
819 2878 875 2910 ac
910 2861 1263 2910 Demosthenes
1299 2877 1493 2924 quoque
1528 2877 1636 2908 cum
1677 2859 1816 2907 Nicia
1850 2858 1924 2905 in·

265 2936 500 2986 terfectus
536 2945 626 2987 est.
693 2941 844 2989 Addit
878 2940 1222 3004 Thucydides:
1272 2940 1381 2999 „Ad
1418 2939 1826 2997 internecionem,
1870 2940 1925 2984 ut

263 3015 423 3078 aiunt,
459 3022 511 3064 et
543 3019 787 3082 peditatus
823 3027 873 3068 et
907 3020 1078 3068 classis
1115 3023 1165 3066 et
1198 3020 1390 3066 omuino
1427 3020 1584 3066 omnia
1615 3017 1920 3071 interierunt,

264 3101 315 3145 et
348 3097 610 3162 pauculi
657 3115 686 3146 e
718 3099 941 3148 multis
988 3098 1222 3146 domum
1259 3098 1513 3146 reversi
1548 3090 1763 3146 sunt.’''
1813 3093 1917 3142 Ho-

261 3190 386 3236 rum,
421 3176 503 3239 qui
530 3178 776 3226 etiamtum
808 3180 1090 3227 servitutem
1124 3179 1413 3235 serviebant,
1449 3177 1526 3224 vel
1559 3167 1768 3224 mendici
1790 3173 1919 3221 inter

259 3254 429 3304 hostes
462 3257 704 3319 errabant,
740 3260 1081 3307 servandorum
1118 3273 1256 3318 spem
1291 3257 1553 3306 ostendunt
1586 3251 1835 3303 Dioscuri:

388 3361 452 3369 —
583 3360 648 3371 —
772 3336 997 3397 τούτους
1028 3335 1342 3401 χαλεπῶν

389 3407 755 3475 ἐκλύοντες
787 3417 1056 3484 μόχθων
1089 3415 1337 3479 σώζομεν.
