2202 3892
1156 266 1278 323 268

390 416 481 466 bus
516 417 760 463 exactura.
840 411 970 462 Tum
1003 416 1135 461 tecte
1174 412 1454 478 significans
1488 429 1629 464 suum
1662 417 1912 466 interitum
1947 431 2061 466 cum

385 494 666 544 Atridarum
712 492 886 541 domus
937 493 1139 542 interitu
1187 493 1500 541 coniunctum
1547 494 1694 545 docet
1738 497 1896 547 multo
1944 496 2060 545 feli-

389 574 571 622 ciorem
621 571 949 621 Troianorum
1002 580 1187 621 sortem
1241 589 1382 636 quam
1435 573 1736 623 Graecorum
1787 578 1879 624 iam
1916 581 2060 625 antea

385 653 556 701 fuisse.
628 652 734 700 Hos
789 653 916 701 enim
966 670 1054 718 pro
1090 653 1245 717 patria
1280 660 1551 717 pugnantes
1588 655 1936 703 honestissime
1971 671 2061 704 oc-

386 732 643 789 cubuisse,
690 733 830 790 illos‚
879 733 1009 782 bello
1057 734 1186 797 turpi
1236 733 1297 780 de
1333 749 1507 781 caussa
1551 741 1808 799 suscepto,
1843 734 2058 796 privatos

385 828 590 861 uxorum
628 813 992 876 liberorumque
1027 814 1402 871 consuetudine,
1451 814 1623 878 procul
1660 830 1684 860 a
1720 813 1877 877 patria
1911 813 2061 860 inter-

384 893 487 940 isse
541 893 736 940 nemine
783 909 944 956 neque
993 900 1316 956 componente
1367 909 1524 955 neque
1558 894 1773 958 lugente.
1842 892 2061 941 Felicem

385 973 531 1021 etiam
568 973 837 1020 Hectorem
875 979 923 1020 et
958 974 1232 1035 quicunque
1268 981 1540 1035 pugnantes
1565 974 1834 1022 occiderint
1854 979 2063 1038 propter

384 1059 675 1116 perpetuam
723 1053 911 1100 virtutis
968 1053 1255 1099 memoriam
1300 1053 1655 1116 praedicandos
1702 1069 1831 1100 esse.
1916 1053 2062 1114 Quod

382 1132 478 1181 nisi
526 1132 710 1180 bellum
760 1133 939 1180 Graeci
986 1131 1292 1190 intulissent,
1344 1147 1507 1194 neque
1539 1133 1670 1179 illius
1717 1133 1868 1180 virtus
1901 1147 2062 1195 neque

382 1210 574 1260 Paridis
610 1213 930 1271 connubium,
978 1228 1073 1275 quo
1119 1228 1226 1259 cum
1264 1211 1375 1259 love
1410 1212 1700 1259 affinitatem
1749 1213 1881 1273 iniit,
1926 1213 2062 1260 sama

384 1292 765 1341 celebrarentur.
839 1291 1007 1340 Vitare
1060 1291 1241 1339 bellum
1290 1292 1472 1339 decere
1505 1291 1806 1354 prudentes3
1859 1294 1935 1340 sin
1982 1292 2059 1340 in-

381 1371 601 1437 gruerit,
652 1372 798 1420 etiam
847 1371 1141 1419 occumbere
1176 1372 1383 1419 honeste
1419 1371 1642 1434 pulcrum
1679 1387 1807 1420 esse.
1876 1372 2059 1433 Quam-

385 1452 556 1500 obrem
592 1466 752 1513 neque
788 1465 843 1498 se
877 1466 1035 1512 neque
1062 1452 1270 1513 patriam
1304 1451 1744 1498 commiserandum
1783 1467 1914 1500 esse.
1962 1451 2058 1499 His

384 1532 565 1580 auditis
611 1547 790 1596 praeco
827 1529 1131 1577 Graecorum
1182 1531 1412 1591 miratur,
1459 1530 1587 1592 quod
1624 1531 1822 1578 insanae
1856 1530 2059 1593 virginis

384 1612 715 1669 concubitum,
752 1626 893 1674 quem
931 1609 1008 1656 vel
1044 1609 1255 1657 humiles
1291 1614 1542 1673 spernant,
1583 1625 1800 1659 summus
1836 1610 2058 1659 Graeco-

382 1709 490 1742 rum
520 1692 790 1756 imperator
816 1690 1145 1753 concupiscat,
1184 1695 1402 1737 ceterum
1432 1689 1657 1737 vaticinia
1686 1691 1843 1738 ventis
1871 1690 1953 1738 dat
1978 1690 2057 1739 fe-

385 1773 538 1821 renda
567 1779 618 1819 et
645 1771 783 1833 sequi
813 1769 943 1817 illam
973 1769 1032 1816 ad
1062 1770 1477 1834 Agamemnonem
1506 1770 1659 1827 iubet,
1686 1769 1943 1818 Hecubam
1970 1786 2057 1818 au-

379 1858 481 1901 tem
518 1858 807 1915 exspectare
842 1866 943 1908 eos,
979 1850 1062 1912 qui
1099 1850 1158 1897 ad
1196 1849 1428 1914 Ulyssem
1468 1855 1637 1898 essent
1669 1849 1878 1899 ducturi.
1928 1848 2060 1898 Tum

385 1931 660 1981 cassandra
709 1946 919 1993 unquam
958 1929 1217 1978 Hecubam
1255 1930 1529 1993 Penelopae
1569 1929 1915 1978 famulaturam
1947 1945 2061 1978 esse

381 2019 554 2076 negat,
606 2011 801 2075 Ulyssis
849 2017 1013 2058 autem
1061 2026 1150 2074 per
1197 2011 1368 2058 decem
1416 2010 1628 2058 errantis
1663 2026 1815 2058 anuos
1849 2010 1975 2058 mala
2010 2013 2063 2058 et

382 2092 580 2140 labores
616 2107 785 2139 omnes
821 2090 1062 2155 praedicit
1096 2094 1276 2147 tantos,
1311 2096 1367 2138 ut
1400 2106 1574 2138 aurum
1616 2091 1660 2138 ei
1697 2090 1851 2138 videri
1883 2091 2062 2139 debeat

381 2171 634 2235 Phrygum
687 2171 886 2218 miseria
935 2186 1045 2218 cum
1096 2186 1181 2217 sua
1230 2174 1529 2232 comparata.
1598 2170 1857 2218 Postremo
1891 2184 2060 2216 rursus

383 2251 702 2311 commotior,
752 2265 806 2297 se
855 2254 1019 2296 mente
1065 2250 1357 2314 praevidens
1402 2265 1497 2297 una
1548 2265 1659 2297 cum
1694 2251 2060 2311 Agamemnone

380 2331 680 2394 iugulatam,
726 2330 930 2377 eiectam
978 2329 1027 2376 in
1074 2329 1338 2376 convallem
1391 2329 1655 2387 torrentis,
1691 2329 1901 2388 nudam,
1937 2327 2059 2376 seris

380 2410 682 2468 laniandam,
720 2409 947 2472 decerpit
980 2408 1156 2471 eapitis
1190 2408 1457 2470 abiicitque
1492 2423 1746 2467 coronam;
1782 2408 1976 2470 iamque
2009 2407 2058 2455 in

380 2508 552 2541 navem
578 2490 914 2539 conscendere
943 2493 995 2536 et
1022 2489 1069 2536 in
1098 2489 1248 2535 altum
1273 2488 1520 2553 proficisci
1552 2488 1753 2551 cupiens
1790 2488 1954 2535 valere
1982 2486 2060 2534 iu-

382 2572 469 2621 bet
493 2578 700 2619 matrem
727 2575 1034 2633 patremque,
1070 2568 1234 2616 valere
1268 2568 1478 2632 patriam
1504 2566 1786 2630 fratresque
1821 2567 1869 2615 in
1896 2582 1953 2615 ea
1979 2581 2059 2615 se-

381 2651 576 2715 pultos;
613 2649 699 2697 sed
738 2650 873 2697 brevi
911 2665 982 2706 se,
1018 2649 1099 2696 ubi
1134 2647 1314 2696 Furiae
1348 2648 1502 2694 instar
1535 2647 1583 2694 in
1617 2645 1878 2694 Graeciam
1911 2647 2061 2708 ducta

380 2730 552 2789 fuerit,
588 2729 839 2777 victricem
877 2729 999 2776 dicit
1031 2729 1146 2777 inde
1179 2729 1241 2776 ad
1274 2727 1459 2774 inferos
1495 2726 1845 2775 descensuram
1879 2730 1930 2774 et
1948 2740 2059 2773 cum

380 2810 480 2859 iuis
514 2810 576 2857 iri
611 2809 942 2858 coniunctum.
1915 2852 1924 2863 x

515 2888 944 2937 Manifestohaec
977 2887 1260 2936 vaticinatio
1295 2887 1365 2934 illi
1388 2887 1554 2951 priori,
1591 2902 1715 2950 quae
1751 2885 1843 2933 fuit
1871 2885 1921 2932 in
1947 2883 2058 2932 Alc·

381 2968 552 3019 xandri
589 2968 783 3027 fabula,
819 2969 1116 3032 respondet,
1153 2974 1205 3016 et
1237 2967 1331 3015 hac
1367 2969 1563 3031 quidem
1590 2967 1715 3014 laeta
1739 2966 1785 3012 in
1815 2964 2057 3022 tristibus,

381 3049 467 3098 illa
502 3052 666 3096 autem
701 3048 862 3094 tristia
898 3050 945 3095 in
982 3049 1125 3095 laetis
1161 3048 1307 3096 rebus
1351 3048 1711 3109 praedicuntur.
1780 3045 1935 3105 Qua-m
1971 3057 2059 3090 au-

382 3133 482 3178 tem
518 3127 794 3174 Cassandra
830 3128 1050 3175 enuntiat
1084 3128 1392 3185 sententiam,
1431 3127 1685 3173 honestam
1715 3128 1922 3171 mortem
1946 3137 2059 3170 cru-

384 3208 483 3257 deli
516 3206 718 3254 victoria
755 3207 1009 3254 meliorem
1047 3223 1186 3264 esse,
1237 3207 1405 3253 eadem
1443 3207 1665 3254 omnibus
1701 3202 1846 3251 huius
1882 3200 2059 3248 carmi-

383 3288 477 3336 nis·
505 3286 723 3352 partibus
759 3286 1066 3346 declaratur,
1114 3293 1168 3334 ut
1204 3302 1349 3333 sensu
1388 3287 1606 3334 caruisse
1650 3283 1771 3332 mihi
1806 3281 2061 3327 videantur

383 3367 469 3430 qui
517 3365 742 3414 miserias
785 3382 841 3413 ac
888 3366 1283 3431 desperationem
1330 3366 1582 3413 hominum
1632 3362 1763 3411 omni
1802 3359 2061 3429 ¹obnitendi

384 3450 633 3510 potestate
678 3446 977 3511 privatorum
1022 3445 1109 3494 illo
1156 3446 1348 3494 ostendi
1390 3445 1711 3494 affirmarunt.
1779 3439 1978 3490 Grande
2011 3443 2062 3487 et
