<?xml version="1.0" encoding="UTF-8"?>
<!DOCTYPE html PUBLIC "-//W3C//DTD XHTML 1.0 Transitional//EN"
    "http://www.w3.org/TR/xhtml1/DTD/xhtml1-transitional.dtd">
<html xmlns="http://www.w3.org/1999/xhtml" xml:lang="en" lang="en">
 <head>
  <title>
</title>
<meta http-equiv="Content-Type" content="text/html;charset=utf-8" />
  <meta name='ocr-system' content='tesseract 3.04.00' />
  <meta name='ocr-capabilities' content='ocr_page ocr_carea ocr_par ocr_line ocrx_word'/>
</head>
<body>
  <div class='ocr_page' id='page_1' title='image "./euripidesrestitu02hartuoft_0589.png"; bbox 0 0 2170 3866; ppageno 0'>
   <div class='ocr_carea' id='block_1_1' title="bbox 892 251 1020 311">
    <p class='ocr_par' dir='ltr' id='par_1_1' title="bbox 892 251 1020 311">
     <span class='ocr_line' id='line_1_1' title="bbox 892 251 1020 311; baseline 0.008 -1"><span class='ocrx_word' id='word_1_1' title='bbox 892 251 1020 311; x_wconf 71' lang='lat'><strong>577</strong></span> 
     </span>
    </p>
   </div>
   <div class='ocr_carea' id='block_1_2' title="bbox 81 400 1812 1431">
    <p class='ocr_par' dir='ltr' id='par_1_2' title="bbox 81 400 1812 1190">
     <span class='ocr_line' id='line_1_2' title="bbox 234 400 1812 467; baseline 0.001 -16"><span class='ocrx_word' id='word_1_2' title='bbox 234 401 685 467; x_wconf 71' lang='lat' dir='ltr'><strong>Philosophorum,</strong></span> <span class='ocrx_word' id='word_1_3' title='bbox 735 402 817 465; x_wconf 89' lang='lat' dir='ltr'><strong>qui</strong></span> <span class='ocrx_word' id='word_1_4' title='bbox 852 400 1105 465; x_wconf 77' lang='lat' dir='ltr'>Euripidis</span> <span class='ocrx_word' id='word_1_5' title='bbox 1150 401 1319 450; x_wconf 87' lang='lat' dir='ltr'><strong>studio</strong></span> <span class='ocrx_word' id='word_1_6' title='bbox 1355 401 1574 467; x_wconf 87' lang='lat' dir='ltr'><strong>insignes</strong></span> <span class='ocrx_word' id='word_1_7' title='bbox 1608 401 1812 466; x_wconf 89' lang='lat' dir='ltr'><strong>fuerint,</strong></span> 
     </span>
     <span class='ocr_line' id='line_1_3' title="bbox 99 480 1811 548; baseline -0.001 -15"><span class='ocrx_word' id='word_1_8' title='bbox 99 482 414 544; x_wconf 76' lang='lat' dir='ltr'><strong>crantorem,</strong></span> <span class='ocrx_word' id='word_1_9' title='bbox 452 482 790 548; x_wconf 80' lang='lat' dir='ltr'><strong>Chrysippum</strong></span> <span class='ocrx_word' id='word_1_10' title='bbox 826 487 880 530; x_wconf 92' lang='lat' dir='ltr'><strong>et</strong></span> <span class='ocrx_word' id='word_1_11' title='bbox 914 480 1268 530; x_wconf 83' lang='lat' dir='ltr'><strong>Menedemum</strong></span> <span class='ocrx_word' id='word_1_12' title='bbox 1297 497 1694 533; x_wconf 89' lang='lat' dir='ltr'><strong>commemorare</strong></span> <span class='ocrx_word' id='word_1_13' title='bbox 1729 499 1811 532; x_wconf 80' lang='lat' dir='ltr'><strong>sa·</strong></span> 
     </span>
     <span class='ocr_line' id='line_1_4' title="bbox 98 561 1812 628; baseline 0 -15"><span class='ocrx_word' id='word_1_14' title='bbox 98 563 164 613; x_wconf 88' lang='lat' dir='ltr'><strong>tis</strong></span> <span class='ocrx_word' id='word_1_15' title='bbox 199 564 388 624; x_wconf 76' lang='lat' dir='ltr'><strong>habeo,</strong></span> <span class='ocrx_word' id='word_1_16' title='bbox 423 579 635 628; x_wconf 89' lang='lat' dir='ltr'><strong>quorum</strong></span> <span class='ocrx_word' id='word_1_17' title='bbox 672 563 756 611; x_wconf 91' lang='lat' dir='ltr'><strong>ille</strong></span> <span class='ocrx_word' id='word_1_18' title='bbox 790 561 1087 626; x_wconf 78' lang='lat' dir='ltr'><strong>Euripidem</strong></span> <span class='ocrx_word' id='word_1_19' title='bbox 1123 578 1221 610; x_wconf 91' lang='lat' dir='ltr'><strong>non</strong></span> <span class='ocrx_word' id='word_1_20' title='bbox 1255 561 1549 611; x_wconf 81' lang='lat' dir='ltr'><strong>inferiorem</strong></span> <span class='ocrx_word' id='word_1_21' title='bbox 1586 562 1812 613; x_wconf 85' lang='lat' dir='ltr'><strong>Homero</strong></span> 
     </span>
     <span class='ocr_line' id='line_1_5' title="bbox 97 641 1812 707; baseline -0.001 -14"><span class='ocrx_word' id='word_1_22' title='bbox 97 660 213 694; x_wconf 89' lang='lat' dir='ltr'><strong>esse</strong></span> <span class='ocrx_word' id='word_1_23' title='bbox 247 643 506 706; x_wconf 89' lang='lat' dir='ltr'><strong>iudicavit,</strong></span> <span class='ocrx_word' id='word_1_24' title='bbox 554 643 872 706; x_wconf 84' lang='lat' dir='ltr'><strong>Chrysippus</strong></span> <span class='ocrx_word' id='word_1_25' title='bbox 916 647 1086 690; x_wconf 86' lang='lat' dir='ltr'><strong>autem</strong></span> <span class='ocrx_word' id='word_1_26' title='bbox 1123 641 1311 707; x_wconf 87' lang='lat' dir='ltr'><strong>scripta</strong></span> <span class='ocrx_word' id='word_1_27' title='bbox 1346 659 1434 691; x_wconf 78' lang='lat' dir='ltr'><strong>aua</strong></span> <span class='ocrx_word' id='word_1_28' title='bbox 1470 643 1633 691; x_wconf 87' lang='lat' dir='ltr'><strong>omnia</strong></span> <span class='ocrx_word' id='word_1_29' title='bbox 1667 643 1812 693; x_wconf 89' lang='lat' dir='ltr'><strong>testi-</strong></span> 
     </span>
     <span class='ocr_line' id='line_1_6' title="bbox 96 721 1811 789; baseline 0.001 -16"><span class='ocrx_word' id='word_1_30' title='bbox 96 724 280 774; x_wconf 86' lang='lat' dir='ltr'><strong>moniis</strong></span> <span class='ocrx_word' id='word_1_31' title='bbox 316 725 448 773; x_wconf 89' lang='lat' dir='ltr'><strong>illius</strong></span> <span class='ocrx_word' id='word_1_32' title='bbox 475 723 706 789; x_wconf 80' lang='lat' dir='ltr'><strong>replevit,</strong></span> <span class='ocrx_word' id='word_1_33' title='bbox 743 721 1076 771; x_wconf 85' lang='lat' dir='ltr'><strong>Menedemus</strong></span> <span class='ocrx_word' id='word_1_34' title='bbox 1105 722 1321 786; x_wconf 91' lang='lat' dir='ltr'><strong>denique</strong></span> <span class='ocrx_word' id='word_1_35' title='bbox 1347 728 1552 788; x_wconf 84' lang='lat' dir='ltr'><strong>praeter</strong></span> <span class='ocrx_word' id='word_1_36' title='bbox 1576 722 1811 774; x_wconf 82' lang='lat' dir='ltr'><strong>Medeam</strong></span> 
     </span>
     <span class='ocr_line' id='line_1_7' title="bbox 97 802 1807 868; baseline -0.001 -14"><span class='ocrx_word' id='word_1_37' title='bbox 97 803 325 854; x_wconf 90' lang='lat' dir='ltr'><strong>eiusdem</strong></span> <span class='ocrx_word' id='word_1_38' title='bbox 372 804 493 853; x_wconf 89' lang='lat' dir='ltr'><strong>nihil</strong></span> <span class='ocrx_word' id='word_1_39' title='bbox 543 804 841 868; x_wconf 90' lang='lat' dir='ltr'><strong>scriptorum</strong></span> <span class='ocrx_word' id='word_1_40' title='bbox 903 802 1090 865; x_wconf 82' lang='lat' dir='ltr'><strong>legisse</strong></span> <span class='ocrx_word' id='word_1_41' title='bbox 1142 802 1432 862; x_wconf 80' lang='lat' dir='ltr'><strong>dicebatur3</strong></span> <span class='ocrx_word' id='word_1_42' title='bbox 1497 802 1563 851; x_wconf 92' lang='lat' dir='ltr'><strong>cf.</strong></span> <span class='ocrx_word' id='word_1_43' title='bbox 1602 802 1807 867; x_wconf 81' lang='lat' dir='ltr'><strong>Diogen.</strong></span> 
     </span>
     <span class='ocr_line' id='line_1_8' title="bbox 95 881 1812 948; baseline 0.001 -15"><span class='ocrx_word' id='word_1_44' title='bbox 95 883 265 933; x_wconf 89' lang='lat' dir='ltr'><strong>Laert.</strong></span> <span class='ocrx_word' id='word_1_45' title='bbox 294 884 353 947; x_wconf 75' lang='lat' dir='ltr'><strong>ll,</strong></span> <span class='ocrx_word' id='word_1_46' title='bbox 383 888 465 934; x_wconf 83' lang='lat'><strong>26.</strong></span> <span class='ocrx_word' id='word_1_47' title='bbox 498 885 612 935; x_wconf 87' lang='grc'><strong>134.</strong></span> <span class='ocrx_word' id='word_1_48' title='bbox 653 882 765 943; x_wconf 88' lang='lat' dir='ltr'><strong>Vll,</strong></span> <span class='ocrx_word' id='word_1_49' title='bbox 800 885 912 932; x_wconf 86' lang='lat'><strong>180.</strong></span> <span class='ocrx_word' id='word_1_50' title='bbox 986 881 1315 932; x_wconf 86' lang='lat' dir='ltr'><strong>Plutarchum</strong></span> <span class='ocrx_word' id='word_1_51' title='bbox 1352 898 1554 947; x_wconf 90' lang='lat' dir='ltr'><strong>quoque</strong></span> <span class='ocrx_word' id='word_1_52' title='bbox 1589 884 1812 948; x_wconf 88' lang='lat' dir='ltr'><strong>qualibet</strong></span> 
     </span>
     <span class='ocr_line' id='line_1_9' title="bbox 95 963 1810 1027; baseline -0.002 -10"><span class='ocrx_word' id='word_1_53' title='bbox 95 964 363 1017; x_wconf 50' lang='lat' dir='ltr'><strong>&amp;casione</strong></span> <span class='ocrx_word' id='word_1_54' title='bbox 423 965 575 1013; x_wconf 87' lang='lat' dir='ltr'><strong>verba</strong></span> <span class='ocrx_word' id='word_1_55' title='bbox 624 963 784 1012; x_wconf 86' lang='lat' dir='ltr'><strong>nostri</strong></span> <span class='ocrx_word' id='word_1_56' title='bbox 835 963 1091 1027; x_wconf 87' lang='lat' dir='ltr'><strong>respicere</strong></span> <span class='ocrx_word' id='word_1_57' title='bbox 1145 979 1204 1012; x_wconf 91' lang='lat' dir='ltr'><strong>ac</strong></span> <span class='ocrx_word' id='word_1_58' title='bbox 1253 963 1588 1012; x_wconf 79' lang='lat' dir='ltr'><strong>transcribere</strong></span> <span class='ocrx_word' id='word_1_59' title='bbox 1638 970 1810 1013; x_wconf 88' lang='lat' dir='ltr'><strong>notum</strong></span> 
     </span>
     <span class='ocr_line' id='line_1_10' title="bbox 81 1043 1808 1109; baseline 0 -15"><span class='ocrx_word' id='word_1_60' title='bbox 81 1050 196 1097; x_wconf 80' lang='lat' dir='ltr'><strong>-est.</strong></span> <span class='ocrx_word' id='word_1_61' title='bbox 268 1045 527 1106; x_wconf 79' lang='lat' dir='ltr'><strong>Oratores,</strong></span> <span class='ocrx_word' id='word_1_62' title='bbox 563 1045 832 1109; x_wconf 85' lang='lat' dir='ltr'><strong>praecipue</strong></span> <span class='ocrx_word' id='word_1_63' title='bbox 867 1043 1127 1108; x_wconf 84' lang='lat' dir='ltr'><strong>Lycurgus</strong></span> <span class='ocrx_word' id='word_1_64' title='bbox 1165 1049 1216 1092; x_wconf 91' lang='lat' dir='ltr'><strong>et</strong></span> <span class='ocrx_word' id='word_1_65' title='bbox 1249 1043 1523 1104; x_wconf 73' lang='lat' dir='ltr'><strong>Isocrate8‚</strong></span> <span class='ocrx_word' id='word_1_66' title='bbox 1571 1051 1808 1108; x_wconf 83' lang='lat' dir='ltr'><strong>quantum</strong></span> 
     </span>
     <span class='ocr_line' id='line_1_11' title="bbox 95 1124 1404 1190; baseline -0.001 -16"><span class='ocrx_word' id='word_1_67' title='bbox 95 1124 327 1190; x_wconf 81' lang='lat' dir='ltr'><strong>Euripidi</strong></span> <span class='ocrx_word' id='word_1_68' title='bbox 361 1126 645 1184; x_wconf 83' lang='lat' dir='ltr'><strong>tribuerint,</strong></span> <span class='ocrx_word' id='word_1_69' title='bbox 683 1124 870 1187; x_wconf 86' lang='lat' dir='ltr'><strong>scripta</strong></span> <span class='ocrx_word' id='word_1_70' title='bbox 907 1140 1081 1172; x_wconf 91' lang='lat' dir='ltr'><strong>eorum</strong></span> <span class='ocrx_word' id='word_1_71' title='bbox 1119 1126 1404 1173; x_wconf 89' lang='lat' dir='ltr'><strong>ostendunt.</strong></span> 
     </span>
    </p>

    <p class='ocr_par' dir='ltr' id='par_1_3' title="bbox 94 1203 1810 1431">
     <span class='ocr_line' id='line_1_12' title="bbox 230 1203 1808 1271; baseline 0 -17"><span class='ocrx_word' id='word_1_72' title='bbox 230 1205 571 1254; x_wconf 89' lang='lat' dir='ltr'><strong>Romanorum</strong></span> <span class='ocrx_word' id='word_1_73' title='bbox 606 1204 906 1268; x_wconf 79' lang='lat' dir='ltr'><strong>tragicorum</strong></span> <span class='ocrx_word' id='word_1_74' title='bbox 943 1203 1306 1254; x_wconf 82' lang='lat' dir='ltr'><strong>imitationibus</strong></span> <span class='ocrx_word' id='word_1_75' title='bbox 1355 1220 1564 1271; x_wconf 85' lang='lat' dir='ltr'><strong>magnus</strong></span> <span class='ocrx_word' id='word_1_76' title='bbox 1611 1203 1808 1254; x_wconf 88' lang='lat' dir='ltr'><strong>fabula-</strong></span> 
     </span>
     <span class='ocr_line' id='line_1_13' title="bbox 95 1283 1810 1350; baseline 0 -15"><span class='ocrx_word' id='word_1_77' title='bbox 95 1302 208 1335; x_wconf 89' lang='lat' dir='ltr'><strong>rum</strong></span> <span class='ocrx_word' id='word_1_78' title='bbox 245 1285 504 1350; x_wconf 83' lang='lat' dir='ltr'><strong>Euripidis</strong></span> <span class='ocrx_word' id='word_1_79' title='bbox 542 1300 778 1333; x_wconf 86' lang='lat' dir='ltr'><strong>numerus</strong></span> <span class='ocrx_word' id='word_1_80' title='bbox 815 1283 1100 1349; x_wconf 83' lang='lat' dir='ltr'><strong>divulgatus</strong></span> <span class='ocrx_word' id='word_1_81' title='bbox 1138 1283 1344 1348; x_wconf 87' lang='lat' dir='ltr'><strong>erat*)‚</strong></span> <span class='ocrx_word' id='word_1_82' title='bbox 1381 1286 1514 1350; x_wconf 90' lang='lat' dir='ltr'><strong>quod</strong></span> <span class='ocrx_word' id='word_1_83' title='bbox 1549 1301 1647 1349; x_wconf 89' lang='lat' dir='ltr'><strong>quo</strong></span> <span class='ocrx_word' id='word_1_84' title='bbox 1681 1285 1810 1335; x_wconf 85' lang='lat' dir='ltr'><strong>faci-</strong></span> 
     </span>
     <span class='ocr_line' id='line_1_14' title="bbox 94 1363 1053 1431; baseline -0.001 -18"><span class='ocrx_word' id='word_1_85' title='bbox 94 1365 193 1414; x_wconf 87' lang='lat' dir='ltr'><strong>lius</strong></span> <span class='ocrx_word' id='word_1_86' title='bbox 227 1366 521 1431; x_wconf 82' lang='lat' dir='ltr'><strong>perspicias.,</strong></span> <span class='ocrx_word' id='word_1_87' title='bbox 555 1363 773 1412; x_wconf 89' lang='lat' dir='ltr'><strong>indicem</strong></span> <span class='ocrx_word' id='word_1_88' title='bbox 807 1379 1053 1429; x_wconf 88' lang='lat' dir='ltr'><strong>propono.</strong></span> 
     </span>
    </p>
   </div>
   <div class='ocr_carea' id='block_1_3' title="bbox 93 1443 1741 2874">
    <p class='ocr_par' dir='ltr' id='par_1_4' title="bbox 131 1443 1346 1506">
     <span class='ocr_line' id='line_1_15' title="bbox 131 1443 1346 1506; baseline 0.002 -14"><span class='ocrx_word' id='word_1_89' title='bbox 131 1447 177 1494; x_wconf 93' lang='lat'><strong>1.</strong></span> <span class='ocrx_word' id='word_1_90' title='bbox 215 1445 554 1495; x_wconf 84' lang='lat' dir='ltr'><strong>Alexandrum</strong></span> <span class='ocrx_word' id='word_1_91' title='bbox 591 1445 811 1493; x_wconf 87' lang='lat' dir='ltr'><strong>imitatus</strong></span> <span class='ocrx_word' id='word_1_92' title='bbox 849 1450 958 1493; x_wconf 89' lang='lat' dir='ltr'><strong>erat</strong></span> <span class='ocrx_word' id='word_1_93' title='bbox 1053 1482 1065 1494; x_wconf 93' lang='lat'><strong>.</strong></span> <span class='ocrx_word' id='word_1_94' title='bbox 1135 1443 1346 1506; x_wconf 76' lang='lat' dir='ltr'><strong>EnniuS‚</strong></span> 
     </span>
    </p>

    <p class='ocr_par' dir='ltr' id='par_1_5' title="bbox 129 1525 1661 1589">
     <span class='ocr_line' id='line_1_16' title="bbox 129 1525 1661 1589; baseline 0.001 -14"><span class='ocrx_word' id='word_1_95' title='bbox 129 1527 176 1576; x_wconf 85' lang='lat'><strong>2.</strong></span> <span class='ocrx_word' id='word_1_96' title='bbox 213 1525 523 1575; x_wconf 84' lang='lat' dir='ltr'><strong>Alcestidem</strong></span> <span class='ocrx_word' id='word_1_97' title='bbox 552 1560 978 1574; x_wconf 89' lang='lat'><strong>......</strong></span> <span class='ocrx_word' id='word_1_98' title='bbox 1053 1559 1066 1573; x_wconf 94' lang='lat'><strong>.</strong></span> <span class='ocrx_word' id='word_1_99' title='bbox 1134 1526 1302 1574; x_wconf 87' lang='lat' dir='ltr'><strong>Attius</strong></span> <span class='ocrx_word' id='word_1_100' title='bbox 1339 1532 1394 1576; x_wconf 90' lang='lat' dir='ltr'><strong>et</strong></span> <span class='ocrx_word' id='word_1_101' title='bbox 1429 1525 1661 1589; x_wconf 84' lang='lat' dir='ltr'><strong>Laevius,</strong></span> 
     </span>
    </p>

    <p class='ocr_par' dir='ltr' id='par_1_6' title="bbox 129 1604 1331 1670">
     <span class='ocr_line' id='line_1_17' title="bbox 129 1604 1331 1670; baseline 0 -16"><span class='ocrx_word' id='word_1_102' title='bbox 129 1608 179 1657; x_wconf 84' lang='lat'><strong>3.</strong></span> <span class='ocrx_word' id='word_1_103' title='bbox 215 1606 568 1656; x_wconf 86' lang='lat' dir='ltr'><strong>Alcmaeonem</strong></span> <span class='ocrx_word' id='word_1_104' title='bbox 604 1605 655 1654; x_wconf 91' lang='lat' dir='ltr'><strong>in</strong></span> <span class='ocrx_word' id='word_1_105' title='bbox 691 1604 946 1670; x_wconf 89' lang='lat' dir='ltr'><strong>Psophide</strong></span> <span class='ocrx_word' id='word_1_106' title='bbox 974 1640 987 1653; x_wconf 90' lang='lat'><strong>.</strong></span> <span class='ocrx_word' id='word_1_107' title='bbox 1057 1642 1070 1654; x_wconf 96' lang='lat'><strong>.</strong></span> <span class='ocrx_word' id='word_1_108' title='bbox 1138 1606 1331 1665; x_wconf 85' lang='lat' dir='ltr'><strong>Attius,</strong></span> 
     </span>
    </p>

    <p class='ocr_par' dir='ltr' id='par_1_7' title="bbox 128 1685 1349 1749">
     <span class='ocr_line' id='line_1_18' title="bbox 128 1685 1349 1749; baseline 0.001 -15"><span class='ocrx_word' id='word_1_109' title='bbox 128 1688 180 1734; x_wconf 85' lang='lat'><strong>4.</strong></span> <span class='ocrx_word' id='word_1_110' title='bbox 216 1686 569 1735; x_wconf 89' lang='lat' dir='ltr'><strong>Alcmaeonem</strong></span> <span class='ocrx_word' id='word_1_111' title='bbox 604 1685 655 1735; x_wconf 94' lang='lat' dir='ltr'><strong>in</strong></span> <span class='ocrx_word' id='word_1_112' title='bbox 691 1685 939 1735; x_wconf 85' lang='lat' dir='ltr'><strong>Corintho</strong></span> <span class='ocrx_word' id='word_1_113' title='bbox 975 1723 988 1736; x_wconf 89' lang='lat'><strong>.</strong></span> <span class='ocrx_word' id='word_1_114' title='bbox 1057 1723 1069 1736; x_wconf 95' lang='lat'><strong>.</strong></span> <span class='ocrx_word' id='word_1_115' title='bbox 1138 1686 1349 1749; x_wconf 78' lang='lat' dir='ltr'><strong>Ennius,</strong></span> 
     </span>
    </p>

    <p class='ocr_par' dir='ltr' id='par_1_8' title="bbox 128 1756 1346 1829">
     <span class='ocr_line' id='line_1_19' title="bbox 128 1756 1346 1829; baseline -0.001 -12"><span class='ocrx_word' id='word_1_116' title='bbox 128 1770 180 1818; x_wconf 83' lang='lat'><strong>5.</strong></span> <span class='ocrx_word' id='word_1_117' title='bbox 213 1765 597 1816; x_wconf 85' lang='lat' dir='ltr'><strong>Andromachen</strong></span> <span class='ocrx_word' id='word_1_118' title='bbox 641 1802 1067 1817; x_wconf 91' lang='lat'><strong>......</strong></span> <span class='ocrx_word' id='word_1_119' title='bbox 1135 1756 1346 1829; x_wconf 81' lang='lat' dir='ltr'><strong>Ennius,</strong></span> 
     </span>
    </p>

    <p class='ocr_par' dir='ltr' id='par_1_9' title="bbox 128 1846 1741 1986">
     <span class='ocr_line' id='line_1_20' title="bbox 128 1846 1741 1911; baseline 0.001 -15"><span class='ocrx_word' id='word_1_120' title='bbox 128 1849 181 1900; x_wconf 80' lang='lat'><strong>6.</strong></span> <span class='ocrx_word' id='word_1_121' title='bbox 215 1847 586 1898; x_wconf 86' lang='lat' dir='ltr'><strong>Andromedam</strong></span> <span class='ocrx_word' id='word_1_122' title='bbox 639 1881 1064 1897; x_wconf 90' lang='lat'><strong>......</strong></span> <span class='ocrx_word' id='word_1_123' title='bbox 1132 1846 1325 1909; x_wconf 73' lang='lat' dir='ltr'><strong>Attius,</strong></span> <span class='ocrx_word' id='word_1_124' title='bbox 1362 1846 1552 1896; x_wconf 88' lang='lat' dir='ltr'><strong>Ennius</strong></span> <span class='ocrx_word' id='word_1_125' title='bbox 1589 1849 1741 1911; x_wconf 84' lang='lat' dir='ltr'><strong>atque</strong></span> 
     </span>
     <span class='ocr_line' id='line_1_21' title="bbox 1187 1927 1381 1986; baseline -0.005 -10"><span class='ocrx_word' id='word_1_126' title='bbox 1187 1927 1381 1986; x_wconf 89' lang='lat' dir='ltr'><strong>Livius,</strong></span> 
     </span>
    </p>

    <p class='ocr_par' dir='ltr' id='par_1_10' title="bbox 129 2006 1684 2072">
     <span class='ocr_line' id='line_1_22' title="bbox 129 2006 1684 2072; baseline -0.001 -16"><span class='ocrx_word' id='word_1_127' title='bbox 129 2010 181 2057; x_wconf 67' lang='grc' dir='ltr'><strong>ἵ.</strong></span> <span class='ocrx_word' id='word_1_128' title='bbox 215 2007 467 2072; x_wconf 82' lang='lat' dir='ltr'><strong>Antiopen</strong></span> <span class='ocrx_word' id='word_1_129' title='bbox 554 2042 1061 2059; x_wconf 89' lang='grc'><strong>.......</strong></span> <span class='ocrx_word' id='word_1_130' title='bbox 1131 2006 1375 2058; x_wconf 87' lang='lat' dir='ltr'><strong>Pacuvius</strong></span> <span class='ocrx_word' id='word_1_131' title='bbox 1411 2014 1463 2057; x_wconf 94' lang='lat' dir='ltr'><strong>et</strong></span> <span class='ocrx_word' id='word_1_132' title='bbox 1494 2006 1684 2068; x_wconf 81' lang='lat' dir='ltr'><strong>Livius,</strong></span> 
     </span>
    </p>

    <p class='ocr_par' dir='ltr' id='par_1_11' title="bbox 127 2088 1327 2151">
     <span class='ocr_line' id='line_1_23' title="bbox 127 2088 1327 2151; baseline 0 -15"><span class='ocrx_word' id='word_1_133' title='bbox 127 2091 178 2140; x_wconf 88' lang='grc'><strong>8.</strong></span> <span class='ocrx_word' id='word_1_134' title='bbox 213 2088 439 2137; x_wconf 84' lang='lat' dir='ltr'><strong>Bacchas</strong></span> <span class='ocrx_word' id='word_1_135' title='bbox 475 2123 1067 2139; x_wconf 88' lang='lat'><strong>........</strong></span> <span class='ocrx_word' id='word_1_136' title='bbox 1137 2089 1327 2151; x_wconf 86' lang='lat' dir='ltr'><strong>Attius,</strong></span> 
     </span>
    </p>

    <p class='ocr_par' dir='ltr' id='par_1_12' title="bbox 127 2167 1348 2232">
     <span class='ocr_line' id='line_1_24' title="bbox 127 2167 1348 2232; baseline 0.002 -16"><span class='ocrx_word' id='word_1_137' title='bbox 127 2171 177 2220; x_wconf 84' lang='lat'><strong>9.</strong></span> <span class='ocrx_word' id='word_1_138' title='bbox 216 2167 591 2232; x_wconf 86' lang='lat' dir='ltr'><strong>Cresphontem</strong></span> <span class='ocrx_word' id='word_1_139' title='bbox 643 2204 1068 2219; x_wconf 91' lang='grc'><strong>......</strong></span> <span class='ocrx_word' id='word_1_140' title='bbox 1135 2169 1348 2230; x_wconf 85' lang='lat' dir='ltr'><strong>Ennius,</strong></span> 
     </span>
    </p>

    <p class='ocr_par' dir='ltr' id='par_1_13' title="bbox 96 2247 1641 2309">
     <span class='ocr_line' id='line_1_25' title="bbox 96 2247 1641 2309; baseline 0 -13"><span class='ocrx_word' id='word_1_141' title='bbox 96 2250 177 2297; x_wconf 89' lang='lat'><strong>10.</strong></span> <span class='ocrx_word' id='word_1_142' title='bbox 217 2247 430 2297; x_wconf 88' lang='lat' dir='ltr'><strong>Cressas</strong></span> <span class='ocrx_word' id='word_1_143' title='bbox 470 2283 1065 2299; x_wconf 88' lang='lat'><strong>........</strong></span> <span class='ocrx_word' id='word_1_144' title='bbox 1134 2249 1305 2298; x_wconf 87' lang='lat' dir='ltr'><strong>Attius</strong></span> <span class='ocrx_word' id='word_1_145' title='bbox 1344 2251 1398 2297; x_wconf 88' lang='lat' dir='ltr'><strong>et</strong></span> <span class='ocrx_word' id='word_1_146' title='bbox 1431 2247 1641 2309; x_wconf 76' lang='lat' dir='ltr'><strong>Ennius,</strong></span> 
     </span>
    </p>

    <p class='ocr_par' dir='ltr' id='par_1_14' title="bbox 95 2327 1325 2394">
     <span class='ocr_line' id='line_1_26' title="bbox 95 2327 1325 2394; baseline 0.001 -18"><span class='ocrx_word' id='word_1_147' title='bbox 95 2330 178 2381; x_wconf 86' lang='lat'><strong>11.</strong></span> <span class='ocrx_word' id='word_1_148' title='bbox 215 2327 559 2394; x_wconf 87' lang='lat' dir='ltr'><strong>Chrysippum</strong></span> <span class='ocrx_word' id='word_1_149' title='bbox 640 2365 1069 2379; x_wconf 92' lang='lat'><strong>......</strong></span> <span class='ocrx_word' id='word_1_150' title='bbox 1138 2330 1325 2391; x_wconf 88' lang='lat' dir='ltr'><strong>Attius,</strong></span> 
     </span>
    </p>

    <p class='ocr_par' dir='ltr' id='par_1_15' title="bbox 95 2407 1372 2471">
     <span class='ocr_line' id='line_1_27' title="bbox 95 2407 1372 2471; baseline 0.002 -16"><span class='ocrx_word' id='word_1_151' title='bbox 95 2410 177 2460; x_wconf 90' lang='lat'><strong>12.</strong></span> <span class='ocrx_word' id='word_1_152' title='bbox 213 2407 414 2457; x_wconf 81' lang='lat' dir='ltr'><strong>Danaen</strong></span> <span class='ocrx_word' id='word_1_153' title='bbox 469 2446 1067 2461; x_wconf 92' lang='grc'><strong>........</strong></span> <span class='ocrx_word' id='word_1_154' title='bbox 1138 2410 1372 2471; x_wconf 75' lang='lat' dir='ltr'><strong>NaeviuS,</strong></span> 
     </span>
    </p>

    <p class='ocr_par' dir='ltr' id='par_1_16' title="bbox 95 2487 1344 2551">
     <span class='ocr_line' id='line_1_28' title="bbox 95 2487 1344 2551; baseline 0.001 -15"><span class='ocrx_word' id='word_1_155' title='bbox 95 2489 178 2540; x_wconf 82' lang='lat'><strong>13.</strong></span> <span class='ocrx_word' id='word_1_156' title='bbox 214 2487 558 2538; x_wconf 82' lang='lat' dir='ltr'><strong>Erechtheum</strong></span> <span class='ocrx_word' id='word_1_157' title='bbox 637 2526 1065 2540; x_wconf 90' lang='lat'><strong>......</strong></span> <span class='ocrx_word' id='word_1_158' title='bbox 1135 2489 1344 2551; x_wconf 75' lang='lat' dir='ltr'><strong>Ennius,</strong></span> 
     </span>
    </p>

    <p class='ocr_par' dir='ltr' id='par_1_17' title="bbox 94 2567 1642 2631">
     <span class='ocr_line' id='line_1_29' title="bbox 94 2567 1642 2631; baseline 0.002 -15"><span class='ocrx_word' id='word_1_159' title='bbox 94 2569 179 2616; x_wconf 87' lang='lat'><strong>14.</strong></span> <span class='ocrx_word' id='word_1_160' title='bbox 218 2567 479 2617; x_wconf 86' lang='lat' dir='ltr'><strong>Hecubam</strong></span> <span class='ocrx_word' id='word_1_161' title='bbox 552 2606 900 2619; x_wconf 91' lang='grc'><strong>.....</strong></span> <span class='ocrx_word' id='word_1_162' title='bbox 936 2587 938 2589; x_wconf 92' lang='grc'><em>·</em></span> <span class='ocrx_word' id='word_1_163' title='bbox 971 2606 983 2618; x_wconf 90' lang='grc'><strong>.</strong></span> <span class='ocrx_word' id='word_1_164' title='bbox 1052 2610 1064 2621; x_wconf 95' lang='grc'><strong>.</strong></span> <span class='ocrx_word' id='word_1_165' title='bbox 1136 2570 1329 2618; x_wconf 90' lang='lat' dir='ltr'><strong>Ennius</strong></span> <span class='ocrx_word' id='word_1_166' title='bbox 1371 2574 1422 2618; x_wconf 91' lang='lat' dir='ltr'><strong>et</strong></span> <span class='ocrx_word' id='word_1_167' title='bbox 1454 2571 1642 2631; x_wconf 82' lang='lat' dir='ltr'><strong>Attius,</strong></span> 
     </span>
    </p>

    <p class='ocr_par' dir='ltr' id='par_1_18' title="bbox 94 2647 1324 2711">
     <span class='ocr_line' id='line_1_30' title="bbox 94 2647 1324 2711; baseline 0.002 -16"><span class='ocrx_word' id='word_1_168' title='bbox 94 2649 176 2698; x_wconf 83' lang='lat'><strong>15.</strong></span> <span class='ocrx_word' id='word_1_169' title='bbox 211 2647 415 2697; x_wconf 90' lang='lat' dir='ltr'><strong>Inonem</strong></span> <span class='ocrx_word' id='word_1_170' title='bbox 471 2684 1065 2700; x_wconf 89' lang='lat'><strong>........</strong></span> <span class='ocrx_word' id='word_1_171' title='bbox 1135 2650 1324 2711; x_wconf 77' lang='lat' dir='ltr'><strong>Livius,</strong></span> 
     </span>
    </p>

    <p class='ocr_par' dir='ltr' id='par_1_19' title="bbox 93 2728 1344 2793">
     <span class='ocr_line' id='line_1_31' title="bbox 93 2728 1344 2793; baseline 0.001 -16"><span class='ocrx_word' id='word_1_172' title='bbox 93 2729 179 2777; x_wconf 82' lang='lat'><strong>16.</strong></span> <span class='ocrx_word' id='word_1_173' title='bbox 218 2728 528 2793; x_wconf 84' lang='lat' dir='ltr'><strong>Iphigeniam</strong></span> <span class='ocrx_word' id='word_1_174' title='bbox 562 2730 660 2781; x_wconf 90' lang='lat' dir='ltr'><strong>Aul</strong></span> <span class='ocrx_word' id='word_1_175' title='bbox 665 2765 1067 2781; x_wconf 92' lang='lat'><strong>......</strong></span> <span class='ocrx_word' id='word_1_176' title='bbox 1135 2729 1344 2789; x_wconf 81' lang='lat' dir='ltr'><strong>EnniuS,</strong></span> 
     </span>
    </p>

    <p class='ocr_par' dir='ltr' id='par_1_20' title="bbox 93 2808 1738 2874">
     <span class='ocr_line' id='line_1_32' title="bbox 93 2808 1738 2874; baseline 0.003 -19"><span class='ocrx_word' id='word_1_177' title='bbox 93 2809 177 2862; x_wconf 75' lang='lat'><strong>1⁷.</strong></span> <span class='ocrx_word' id='word_1_178' title='bbox 214 2808 451 2858; x_wconf 89' lang='lat' dir='ltr'><strong>Medeam</strong></span> <span class='ocrx_word' id='word_1_179' title='bbox 556 2845 1067 2860; x_wconf 90' lang='lat'><strong>.......</strong></span> <span class='ocrx_word' id='word_1_180' title='bbox 1135 2810 1304 2861; x_wconf 85' lang='lat' dir='ltr'><strong>Attius</strong></span> <span class='ocrx_word' id='word_1_181' title='bbox 1340 2814 1490 2874; x_wconf 88' lang='lat' dir='ltr'><strong>atque</strong></span> <span class='ocrx_word' id='word_1_182' title='bbox 1522 2810 1738 2873; x_wconf 65' lang='lat' dir='ltr'><strong>Ennius,</strong></span> 
     </span>
    </p>
   </div>
   <div class='ocr_carea' id='block_1_4' title="bbox 148 2961 1812 3516">
    <p class='ocr_par' dir='ltr' id='par_1_21' title="bbox 148 2961 1812 3516">
     <span class='ocr_line' id='line_1_33' title="bbox 148 2961 1812 3022; baseline 0.004 -19"><span class='ocrx_word' id='word_1_183' title='bbox 148 2961 200 3017; x_wconf 60' lang='lat'><strong>²³)</strong></span> <span class='ocrx_word' id='word_1_184' title='bbox 227 2961 497 3017; x_wconf 86' lang='lat' dir='ltr'><strong>Euripidem</strong></span> <span class='ocrx_word' id='word_1_185' title='bbox 525 2961 625 3006; x_wconf 87' lang='lat' dir='ltr'><strong>sine</strong></span> <span class='ocrx_word' id='word_1_186' title='bbox 654 2963 791 3008; x_wconf 86' lang='lat' dir='ltr'><strong>dubio</strong></span> <span class='ocrx_word' id='word_1_187' title='bbox 821 2978 904 3021; x_wconf 91' lang='lat' dir='ltr'><strong>pro</strong></span> <span class='ocrx_word' id='word_1_188' title='bbox 931 2964 1166 3020; x_wconf 88' lang='lat' dir='ltr'><strong>Thespide</strong></span> <span class='ocrx_word' id='word_1_189' title='bbox 1194 2963 1483 3016; x_wconf 79' lang='lat' dir='ltr'><strong>nominasset,</strong></span> <span class='ocrx_word' id='word_1_190' title='bbox 1513 2964 1601 3009; x_wconf 88' lang='lat' dir='ltr'><strong>nisi</strong></span> <span class='ocrx_word' id='word_1_191' title='bbox 1627 2967 1701 3009; x_wconf 85' lang='lat' dir='ltr'><strong>lex</strong></span> <span class='ocrx_word' id='word_1_192' title='bbox 1729 2980 1812 3022; x_wconf 84' lang='lat' dir='ltr'><strong>po-</strong></span> 
     </span>
     <span class='ocr_line' id='line_1_34' title="bbox 234 3031 1325 3091; baseline -0.001 -15"><span class='ocrx_word' id='word_1_193' title='bbox 234 3031 304 3076; x_wconf 75' lang='lat' dir='ltr'><strong>dis</strong></span> <span class='ocrx_word' id='word_1_194' title='bbox 335 3033 597 3084; x_wconf 79' lang='lat' dir='ltr'><strong>obstitisset,</strong></span> <span class='ocrx_word' id='word_1_195' title='bbox 626 3036 847 3079; x_wconf 82' lang='lat' dir='ltr'><strong>Horatius</strong></span> <span class='ocrx_word' id='word_1_196' title='bbox 875 3035 1019 3091; x_wconf 87' lang='lat' dir='ltr'><strong>Epist.</strong></span> <span class='ocrx_word' id='word_1_197' title='bbox 1050 3036 1108 3088; x_wconf 88' lang='lat'><strong>11,</strong></span> <span class='ocrx_word' id='word_1_198' title='bbox 1140 3034 1183 3086; x_wconf 91' lang='lat'><strong>1,</strong></span> <span class='ocrx_word' id='word_1_199' title='bbox 1213 3033 1325 3076; x_wconf 76' lang='lat'>1622</span> 
     </span>
     <span class='ocr_line' id='line_1_35' title="bbox 350 3104 1489 3162; baseline 0.002 -16"><span class='ocrx_word' id='word_1_200' title='bbox 350 3104 411 3146; x_wconf 79' lang='lat' dir='ltr'><strong>Et</strong></span> <span class='ocrx_word' id='word_1_201' title='bbox 437 3111 540 3160; x_wconf 82' lang='lat' dir='ltr'><strong>post</strong></span> <span class='ocrx_word' id='word_1_202' title='bbox 572 3106 738 3148; x_wconf 87' lang='lat' dir='ltr'><strong>Punica</strong></span> <span class='ocrx_word' id='word_1_203' title='bbox 766 3108 880 3149; x_wconf 85' lang='lat' dir='ltr'><strong>bella</strong></span> <span class='ocrx_word' id='word_1_204' title='bbox 910 3108 1074 3162; x_wconf 76' lang='lat' dir='ltr'><strong>quietus</strong></span> <span class='ocrx_word' id='word_1_205' title='bbox 1104 3120 1307 3162; x_wconf 78' lang='lat' dir='ltr'><strong>quaerere</strong></span> <span class='ocrx_word' id='word_1_206' title='bbox 1335 3105 1489 3162; x_wconf 83' lang='lat' dir='ltr'><strong>coepit,</strong></span> 
     </span>
     <span class='ocr_line' id='line_1_36' title="bbox 353 3174 1773 3234; baseline 0.005 -19"><span class='ocrx_word' id='word_1_207' title='bbox 353 3174 471 3228; x_wconf 74' lang='lat' dir='ltr'><strong>Quid</strong></span> <span class='ocrx_word' id='word_1_208' title='bbox 501 3176 735 3231; x_wconf 81' lang='lat' dir='ltr'><strong>Sophocles</strong></span> <span class='ocrx_word' id='word_1_209' title='bbox 765 3183 806 3221; x_wconf 89' lang='lat' dir='ltr'><strong>et</strong></span> <span class='ocrx_word' id='word_1_210' title='bbox 843 3177 1088 3234; x_wconf 81' lang='lat' dir='ltr'><strong>Thespis</strong></span> <span class='ocrx_word' id='word_1_211' title='bbox 1120 3183 1162 3220; x_wconf 88' lang='lat' dir='ltr'><strong>et</strong></span> <span class='ocrx_word' id='word_1_212' title='bbox 1191 3177 1426 3232; x_wconf 78' lang='lat' dir='ltr'><strong>Aeschylus</strong></span> <span class='ocrx_word' id='word_1_213' title='bbox 1454 3178 1563 3220; x_wconf 87' lang='lat' dir='ltr'><strong>utile</strong></span> <span class='ocrx_word' id='word_1_214' title='bbox 1583 3179 1773 3232; x_wconf 81' lang='lat' dir='ltr'><strong>ferrent.</strong></span> 
     </span>
     <span class='ocr_line' id='line_1_37' title="bbox 355 3246 1699 3304; baseline 0.004 -17"><span class='ocrx_word' id='word_1_215' title='bbox 355 3246 558 3288; x_wconf 85' lang='lat' dir='ltr'><strong>Tentavit</strong></span> <span class='ocrx_word' id='word_1_216' title='bbox 588 3261 750 3303; x_wconf 77' lang='lat' dir='ltr'><strong>quoque</strong></span> <span class='ocrx_word' id='word_1_217' title='bbox 775 3262 894 3303; x_wconf 87' lang='lat' dir='ltr'><strong>rem,</strong></span> <span class='ocrx_word' id='word_1_218' title='bbox 924 3249 975 3291; x_wconf 83' lang='lat' dir='ltr'><strong>si</strong></span> <span class='ocrx_word' id='word_1_219' title='bbox 1003 3248 1183 3304; x_wconf 84' lang='lat' dir='ltr'><strong>digne</strong></span> <span class='ocrx_word' id='word_1_220' title='bbox 1210 3254 1443 3290; x_wconf 83' lang='lat' dir='ltr'><strong>vertere</strong></span> <span class='ocrx_word' id='word_1_221' title='bbox 1466 3253 1699 3304; x_wconf 80' lang='lat' dir='ltr'><strong>posset,</strong></span> 
     </span>
     <span class='ocr_line' id='line_1_38' title="bbox 350 3317 1359 3372; baseline 0.001 -14"><span class='ocrx_word' id='word_1_222' title='bbox 350 3317 410 3359; x_wconf 80' lang='lat' dir='ltr'><strong>Et</strong></span> <span class='ocrx_word' id='word_1_223' title='bbox 435 3317 608 3372; x_wconf 82' lang='lat' dir='ltr'><strong>placuit</strong></span> <span class='ocrx_word' id='word_1_224' title='bbox 636 3318 720 3360; x_wconf 74' lang='lat' dir='ltr'><strong>sibi</strong></span> <span class='ocrx_word' id='word_1_225' title='bbox 746 3324 910 3362; x_wconf 81' lang='lat' dir='ltr'><strong>natura</strong></span> <span class='ocrx_word' id='word_1_226' title='bbox 937 3318 1132 3361; x_wconf 80' lang='lat' dir='ltr'><strong>sublimis</strong></span> <span class='ocrx_word' id='word_1_227' title='bbox 1159 3323 1205 3360; x_wconf 89' lang='lat' dir='ltr'><strong>et</strong></span> <span class='ocrx_word' id='word_1_228' title='bbox 1233 3331 1359 3360; x_wconf 80' lang='lat' dir='ltr'><strong>acer.-</strong></span> 
     </span>
     <span class='ocr_line' id='line_1_39' title="bbox 354 3386 1503 3446; baseline 0.002 -17"><span class='ocrx_word' id='word_1_229' title='bbox 354 3386 470 3430; x_wconf 85' lang='lat' dir='ltr'><strong>Nam</strong></span> <span class='ocrx_word' id='word_1_230' title='bbox 500 3387 646 3444; x_wconf 79' lang='lat' dir='ltr'><strong>spirat</strong></span> <span class='ocrx_word' id='word_1_231' title='bbox 674 3390 897 3446; x_wconf 81' lang='lat' dir='ltr'><strong>tragicum</strong></span> <span class='ocrx_word' id='word_1_232' title='bbox 925 3389 1039 3433; x_wconf 71' lang='lat' dir='ltr'><strong>satis</strong></span> <span class='ocrx_word' id='word_1_233' title='bbox 1067 3394 1110 3431; x_wconf 85' lang='lat' dir='ltr'><strong>et</strong></span> <span class='ocrx_word' id='word_1_234' title='bbox 1129 3389 1324 3442; x_wconf 78' lang='lat' dir='ltr'><strong>feliciter</strong></span> <span class='ocrx_word' id='word_1_235' title='bbox 1353 3387 1503 3443; x_wconf 83' lang='lat' dir='ltr'><strong>audet,</strong></span> 
     </span>
     <span class='ocr_line' id='line_1_40' title="bbox 352 3459 1465 3516; baseline -0.002 -14"><span class='ocrx_word' id='word_1_236' title='bbox 352 3459 440 3502; x_wconf 78' lang='lat' dir='ltr'><strong>Sed</strong></span> <span class='ocrx_word' id='word_1_237' title='bbox 468 3464 636 3516; x_wconf 82' lang='lat' dir='ltr'><strong>turpem</strong></span> <span class='ocrx_word' id='word_1_238' title='bbox 660 3465 795 3516; x_wconf 81' lang='lat' dir='ltr'><strong>putat</strong></span> <span class='ocrx_word' id='word_1_239' title='bbox 822 3460 975 3504; x_wconf 78' lang='lat' dir='ltr'><strong>inscite</strong></span> <span class='ocrx_word' id='word_1_240' title='bbox 1002 3459 1239 3516; x_wconf 78' lang='lat' dir='ltr'><strong>metuitque</strong></span> <span class='ocrx_word' id='word_1_241' title='bbox 1272 3459 1465 3502; x_wconf 84' lang='lat' dir='ltr'><strong>lituram.</strong></span> 
     </span>
    </p>
   </div>
   <div class='ocr_carea' id='block_1_5' title="bbox 162 3527 1423 3579">
    <p class='ocr_par' dir='ltr' id='par_1_22' title="bbox 162 3527 1423 3579">
     <span class='ocr_line' id='line_1_41' title="bbox 162 3527 1423 3579; baseline 0.002 -2"><span class='ocrx_word' id='word_1_242' title='bbox 162 3527 227 3577; x_wconf 88' lang='grc' dir='ltr'><strong>Τ.</strong></span> <span class='ocrx_word' id='word_1_243' title='bbox 263 3529 325 3579; x_wconf 86' lang='lat'><strong>11.</strong></span> <span class='ocrx_word' id='word_1_244' title='bbox 1356 3532 1423 3579; x_wconf 70' lang='lat'><strong>37</strong></span> 
     </span>
    </p>
   </div>
  </div>
 </body>
</html>
