<?xml version="1.0" encoding="UTF-8"?>
<!DOCTYPE html PUBLIC "-//W3C//DTD XHTML 1.0 Transitional//EN"
    "http://www.w3.org/TR/xhtml1/DTD/xhtml1-transitional.dtd">
<html xmlns="http://www.w3.org/1999/xhtml" xml:lang="en" lang="en">
 <head>
  <title>
</title>
<meta http-equiv="Content-Type" content="text/html;charset=utf-8" />
  <meta name='ocr-system' content='tesseract 3.04.00' />
  <meta name='ocr-capabilities' content='ocr_page ocr_carea ocr_par ocr_line ocrx_word'/>
</head>
<body>
  <div class='ocr_page' id='page_1' title='image "./euripidesrestitu02hartuoft_0453.png"; bbox 0 0 2170 3866; ppageno 0'>
   <div class='ocr_carea' id='block_1_1' title="bbox 933 280 1054 339">
    <p class='ocr_par' dir='ltr' id='par_1_1' title="bbox 933 280 1054 339">
     <span class='ocr_line' id='line_1_1' title="bbox 933 280 1054 339; baseline -0.008 0"><span class='ocrx_word' id='word_1_1' title='bbox 933 280 1054 339; x_wconf 80' lang='lat'><em>441</em></span> 
     </span>
    </p>
   </div>
   <div class='ocr_carea' id='block_1_2' title="bbox 150 428 1829 3378">
    <p class='ocr_par' dir='ltr' id='par_1_2' title="bbox 150 428 1829 3378">
     <span class='ocr_line' id='line_1_2' title="bbox 155 428 1822 496; baseline 0 -15"><span class='ocrx_word' id='word_1_2' title='bbox 155 430 367 496; x_wconf 75' lang='lat' dir='ltr'><strong>Reliqua</strong></span> <span class='ocrx_word' id='word_1_3' title='bbox 401 429 561 495; x_wconf 86' lang='lat' dir='ltr'><em>qualia</em></span> <span class='ocrx_word' id='word_1_4' title='bbox 610 429 796 480; x_wconf 83' lang='lat' dir='ltr'><em>fuerint</em></span> <span class='ocrx_word' id='word_1_5' title='bbox 835 444 898 480; x_wconf 84' lang='lat' dir='ltr'><em>ex</em></span> <span class='ocrx_word' id='word_1_6' title='bbox 929 429 1203 479; x_wconf 79' lang='lat' dir='ltr'><strong>imitatione</strong></span> <span class='ocrx_word' id='word_1_7' title='bbox 1237 428 1381 479; x_wconf 88' lang='lat' dir='ltr'><em>Statii</em></span> <span class='ocrx_word' id='word_1_8' title='bbox 1412 429 1672 480; x_wconf 89' lang='lat' dir='ltr'><em>aestimare</em></span> <span class='ocrx_word' id='word_1_9' title='bbox 1703 429 1822 481; x_wconf 85' lang='lat' dir='ltr'><em>licet</em></span> 
     </span>
     <span class='ocr_line' id='line_1_3' title="bbox 154 511 603 574; baseline -0.004 -12"><span class='ocrx_word' id='word_1_10' title='bbox 154 511 242 574; x_wconf 84' lang='lat' dir='ltr'><em>(V,</em></span> <span class='ocrx_word' id='word_1_11' title='bbox 277 514 374 560; x_wconf 76' lang='lat'><em>‘130</em></span> <span class='ocrx_word' id='word_1_12' title='bbox 408 511 603 574; x_wconf 86' lang='lat' dir='ltr'><em>seqq.):</em></span> 
     </span>
     <span class='ocr_line' id='line_1_4' title="bbox 286 589 1627 657; baseline 0 -17"><span class='ocrx_word' id='word_1_13' title='bbox 286 591 400 653; x_wconf 79' lang='lat' dir='ltr'><em>„Et</em></span> <span class='ocrx_word' id='word_1_14' title='bbox 434 592 549 639; x_wconf 81' lang='lat' dir='ltr'><em>sitis</em></span> <span class='ocrx_word' id='word_1_15' title='bbox 583 591 801 639; x_wconf 82' lang='lat' dir='ltr'><em>interitu</em></span> <span class='ocrx_word' id='word_1_16' title='bbox 821 591 1105 652; x_wconf 84' lang='lat' dir='ltr'><em>fluviorum</em></span> <span class='ocrx_word' id='word_1_17' title='bbox 1140 595 1190 638; x_wconf 87' lang='lat' dir='ltr'><em>et</em></span> <span class='ocrx_word' id='word_1_18' title='bbox 1225 589 1399 654; x_wconf 72' lang='lat' dir='ltr'><em>letifer</em></span> <span class='ocrx_word' id='word_1_19' title='bbox 1442 593 1627 657; x_wconf 85' lang='lat' dir='ltr'><em>anguis</em></span> 
     </span>
     <span class='ocr_line' id='line_1_5' title="bbox 285 671 1537 738; baseline -0.002 -17"><span class='ocrx_word' id='word_1_20' title='bbox 285 671 364 721; x_wconf 82' lang='lat' dir='ltr'><em>Et</em></span> <span class='ocrx_word' id='word_1_21' title='bbox 391 687 541 738; x_wconf 77' lang='lat' dir='ltr'><em>puer,</em></span> <span class='ocrx_word' id='word_1_22' title='bbox 586 671 686 719; x_wconf 86' lang='lat' dir='ltr'><em>heu</em></span> <span class='ocrx_word' id='word_1_23' title='bbox 720 672 885 719; x_wconf 80' lang='lat' dir='ltr'><em>nostri</em></span> <span class='ocrx_word' id='word_1_24' title='bbox 914 673 1150 736; x_wconf 81' lang='lat' dir='ltr'><em>signatus</em></span> <span class='ocrx_word' id='word_1_25' title='bbox 1184 671 1389 718; x_wconf 84' lang='lat' dir='ltr'><em>nomine</em></span> <span class='ocrx_word' id='word_1_26' title='bbox 1407 672 1537 735; x_wconf 86' lang='lat' dir='ltr'><em>fati,</em></span> 
     </span>
     <span class='ocr_line' id='line_1_6' title="bbox 285 749 1819 816; baseline -0.001 -14"><span class='ocrx_word' id='word_1_27' title='bbox 285 752 630 802; x_wconf 77' lang='lat' dir='ltr'><em>Archemorus</em></span> <span class='ocrx_word' id='word_1_28' title='bbox 651 776 653 778; x_wconf 54' lang='lat'>&gt;</span> <span class='ocrx_word' id='word_1_29' title='bbox 674 778 741 786; x_wconf 93' lang='lat'>—</span> <span class='ocrx_word' id='word_1_30' title='bbox 791 758 978 800; x_wconf 83' lang='lat' dir='ltr'><em>cuncta</em></span> <span class='ocrx_word' id='word_1_31' title='bbox 1024 751 1153 799; x_wconf 87' lang='lat' dir='ltr'><em>haec</em></span> <span class='ocrx_word' id='word_1_32' title='bbox 1189 749 1448 816; x_wconf 79' lang='lat' dir='ltr'><em>Superum</em></span> <span class='ocrx_word' id='word_1_33' title='bbox 1482 750 1702 800; x_wconf 82' lang='lat' dir='ltr'><em>demissa</em></span> <span class='ocrx_word' id='word_1_34' title='bbox 1734 767 1819 800; x_wconf 88' lang='lat' dir='ltr'><em>su-</em></span> 
     </span>
     <span class='ocr_line' id='line_1_7' title="bbox 980 847 1166 897; baseline 0 -19"><span class='ocrx_word' id='word_1_35' title='bbox 980 847 1166 897; x_wconf 87' lang='lat' dir='ltr'><em>prema</em></span> 
     </span>
     <span class='ocr_line' id='line_1_8' title="bbox 289 909 1676 978; baseline 0.001 -19"><span class='ocrx_word' id='word_1_36' title='bbox 289 909 474 959; x_wconf 84' lang='lat' dir='ltr'><em>Mente</em></span> <span class='ocrx_word' id='word_1_37' title='bbox 491 912 686 973; x_wconf 85' lang='lat' dir='ltr'><em>fluunt.</em></span> <span class='ocrx_word' id='word_1_38' title='bbox 758 910 979 977; x_wconf 71' lang='lat' dir='ltr'><em>Differte</em></span> <span class='ocrx_word' id='word_1_39' title='bbox 1016 912 1211 960; x_wconf 85' lang='lat' dir='ltr'><em>animos</em></span> <span class='ocrx_word' id='word_1_40' title='bbox 1231 911 1535 978; x_wconf 78' lang='lat' dir='ltr'><strong><em>festinaque</em></strong></span> <span class='ocrx_word' id='word_1_41' title='bbox 1567 911 1676 960; x_wconf 83' lang='lat' dir='ltr'><em>tela</em></span> 
     </span>
     <span class='ocr_line' id='line_1_9' title="bbox 286 990 1622 1057; baseline -0.001 -17"><span class='ocrx_word' id='word_1_42' title='bbox 286 990 496 1040; x_wconf 81' lang='lat' dir='ltr'><em>Ponite:</em></span> <span class='ocrx_word' id='word_1_43' title='bbox 531 992 783 1039; x_wconf 85' lang='lat' dir='ltr'><em>mansuris</em></span> <span class='ocrx_word' id='word_1_44' title='bbox 819 990 1088 1039; x_wconf 83' lang='lat' dir='ltr'><em>donandus</em></span> <span class='ocrx_word' id='word_1_45' title='bbox 1122 991 1392 1040; x_wconf 79' lang='lat' dir='ltr'><em>honoribus</em></span> <span class='ocrx_word' id='word_1_46' title='bbox 1431 994 1622 1057; x_wconf 84' lang='lat' dir='ltr'><em>infans.</em></span> 
     </span>
     <span class='ocr_line' id='line_1_10' title="bbox 284 1071 1605 1137; baseline -0.002 -16"><span class='ocrx_word' id='word_1_47' title='bbox 284 1071 363 1121; x_wconf 80' lang='lat' dir='ltr'><em>Et</em></span> <span class='ocrx_word' id='word_1_48' title='bbox 397 1073 597 1120; x_wconf 80' lang='lat' dir='ltr'><em>meruit.</em></span> <span class='ocrx_word' id='word_1_49' title='bbox 668 1071 775 1120; x_wconf 82' lang='lat' dir='ltr'><em>Det</em></span> <span class='ocrx_word' id='word_1_50' title='bbox 800 1072 989 1137; x_wconf 76' lang='lat' dir='ltr'><em>pulcra</em></span> <span class='ocrx_word' id='word_1_51' title='bbox 1022 1072 1128 1120; x_wconf 86' lang='lat' dir='ltr'><em>suis</em></span> <span class='ocrx_word' id='word_1_52' title='bbox 1162 1071 1411 1121; x_wconf 85' lang='lat' dir='ltr'><em>libamina</em></span> <span class='ocrx_word' id='word_1_53' title='bbox 1443 1073 1605 1120; x_wconf 83' lang='lat' dir='ltr'><em>virtus</em></span> 
     </span>
     <span class='ocr_line' id='line_1_11' title="bbox 291 1149 1823 1218; baseline -0.001 -18"><span class='ocrx_word' id='word_1_54' title='bbox 291 1149 548 1201; x_wconf 86' lang='lat' dir='ltr'><em>Manibus.</em></span> <span class='ocrx_word' id='word_1_55' title='bbox 616 1152 837 1218; x_wconf 85' lang='lat' dir='ltr'><em>Atque</em></span> <span class='ocrx_word' id='word_1_56' title='bbox 881 1154 1141 1201; x_wconf 81' lang='lat' dir='ltr'><em>utinam</em></span> <span class='ocrx_word' id='word_1_57' title='bbox 1181 1153 1421 1217; x_wconf 82' lang='lat' dir='ltr'><em>plures</em></span> <span class='ocrx_word' id='word_1_58' title='bbox 1463 1153 1823 1202; x_wconf 81' lang='lat' dir='ltr'><em>innectere</em></span> 
     </span>
     <span class='ocr_line' id='line_1_12' title="bbox 447 1228 1264 1298; baseline 0 -19"><span class='ocrx_word' id='word_1_59' title='bbox 447 1228 454 1230; x_wconf 57' lang='grc'><strong>’</strong></span> <span class='ocrx_word' id='word_1_60' title='bbox 972 1250 1011 1298; x_wconf 88' lang='lat' dir='ltr'><em>p</em></span> <span class='ocrx_word' id='word_1_61' title='bbox 1034 1250 1062 1280; x_wconf 90' lang='lat' dir='ltr'><em>e</em></span> <span class='ocrx_word' id='word_1_62' title='bbox 1078 1249 1152 1296; x_wconf 82' lang='lat' dir='ltr'><em>rg</em></span> <span class='ocrx_word' id='word_1_63' title='bbox 1168 1248 1264 1291; x_wconf 88' lang='lat' dir='ltr'><em>as,</em></span> 
     </span>
     <span class='ocr_line' id='line_1_13' title="bbox 283 1311 1821 1377; baseline 0.001 -16"><span class='ocrx_word' id='word_1_64' title='bbox 283 1311 566 1373; x_wconf 79' lang='lat' dir='ltr'><em>Phoebe,</em></span> <span class='ocrx_word' id='word_1_65' title='bbox 615 1327 851 1373; x_wconf 87' lang='lat' dir='ltr'><em>moras,</em></span> <span class='ocrx_word' id='word_1_66' title='bbox 894 1326 1288 1377; x_wconf 85' lang='lat' dir='ltr'><em>semperque</em></span> <span class='ocrx_word' id='word_1_67' title='bbox 1333 1311 1522 1359; x_wconf 86' lang='lat' dir='ltr'><em>novis</em></span> <span class='ocrx_word' id='word_1_68' title='bbox 1555 1311 1821 1362; x_wconf 85' lang='lat' dir='ltr'><em>bellare</em></span> 
     </span>
     <span class='ocr_line' id='line_1_14' title="bbox 980 1398 1289 1439; baseline 0 -1"><span class='ocrx_word' id='word_1_69' title='bbox 980 1407 1010 1439; x_wconf 91' lang='lat' dir='ltr'><strong><em>v</em></strong></span> <span class='ocrx_word' id='word_1_70' title='bbox 1030 1398 1091 1438; x_wconf 85' lang='lat' dir='ltr'><em>et</em></span> <span class='ocrx_word' id='word_1_71' title='bbox 1110 1408 1198 1438; x_wconf 88' lang='lat' dir='ltr'><em>em</em></span> <span class='ocrx_word' id='word_1_72' title='bbox 1214 1407 1248 1438; x_wconf 92' lang='lat' dir='ltr'><em>u</em></span> <span class='ocrx_word' id='word_1_73' title='bbox 1262 1407 1289 1438; x_wconf 92' lang='lat' dir='ltr'><em>r</em></span> 
     </span>
     <span class='ocr_line' id='line_1_15' title="bbox 291 1469 1821 1536; baseline 0.003 -18"><span class='ocrx_word' id='word_1_74' title='bbox 291 1469 598 1531; x_wconf 77' lang='lat' dir='ltr'><em>Casibus,</em></span> <span class='ocrx_word' id='word_1_75' title='bbox 651 1476 714 1520; x_wconf 87' lang='lat' dir='ltr'><em>et</em></span> <span class='ocrx_word' id='word_1_76' title='bbox 758 1486 1011 1536; x_wconf 83' lang='lat' dir='ltr'><em>semper</em></span> <span class='ocrx_word' id='word_1_77' title='bbox 1066 1470 1274 1519; x_wconf 83' lang='lat' dir='ltr'><em>Thebe</em></span> <span class='ocrx_word' id='word_1_78' title='bbox 1305 1473 1589 1535; x_wconf 84' lang='lat' dir='ltr'><em>funesta</em></span> <span class='ocrx_word' id='word_1_79' title='bbox 1634 1489 1821 1523; x_wconf 87' lang='lat' dir='ltr'><em>rece-</em></span> 
     </span>
     <span class='ocr_line' id='line_1_16' title="bbox 990 1550 1310 1602; baseline 0.006 -4"><span class='ocrx_word' id='word_1_80' title='bbox 990 1550 1174 1599; x_wconf 81' lang='lat' dir='ltr'><em>dat!”</em></span> <span class='ocrx_word' id='word_1_81' title='bbox 1212 1557 1310 1602; x_wconf 85' lang='lat' dir='ltr'><em>etc.</em></span> 
     </span>
     <span class='ocr_line' id='line_1_17' title="bbox 150 1629 1827 1699; baseline 0.002 -19"><span class='ocrx_word' id='word_1_82' title='bbox 150 1630 235 1681; x_wconf 90' lang='lat' dir='ltr'><em>Sic</em></span> <span class='ocrx_word' id='word_1_83' title='bbox 269 1646 417 1680; x_wconf 83' lang='lat' dir='ltr'><em>neces</em></span> <span class='ocrx_word' id='word_1_84' title='bbox 452 1646 479 1679; x_wconf 89' lang='lat' dir='ltr'><em>a</em></span> <span class='ocrx_word' id='word_1_85' title='bbox 528 1631 740 1679; x_wconf 88' lang='lat' dir='ltr'><em>dracone</em></span> <span class='ocrx_word' id='word_1_86' title='bbox 786 1631 950 1679; x_wconf 86' lang='lat' dir='ltr'><em>editae</em></span> <span class='ocrx_word' id='word_1_87' title='bbox 996 1647 1084 1695; x_wconf 90' lang='lat' dir='ltr'><em>pro</em></span> <span class='ocrx_word' id='word_1_88' title='bbox 1119 1631 1285 1680; x_wconf 91' lang='lat' dir='ltr'><em>omine</em></span> <span class='ocrx_word' id='word_1_89' title='bbox 1318 1629 1586 1683; x_wconf 83' lang='lat' dir='ltr'><em>Thebanae</em></span> <span class='ocrx_word' id='word_1_90' title='bbox 1618 1634 1827 1699; x_wconf 82' lang='lat' dir='ltr'><em>perinde</em></span> 
     </span>
     <span class='ocr_line' id='line_1_18' title="bbox 151 1710 1170 1778; baseline -0.002 -17"><span class='ocrx_word' id='word_1_91' title='bbox 151 1718 302 1778; x_wconf 89' lang='lat' dir='ltr'><em>atque</em></span> <span class='ocrx_word' id='word_1_92' title='bbox 336 1710 579 1759; x_wconf 87' lang='lat' dir='ltr'><em>Troianae</em></span> <span class='ocrx_word' id='word_1_93' title='bbox 614 1712 911 1775; x_wconf 83' lang='lat' dir='ltr'><em>expeditioni</em></span> <span class='ocrx_word' id='word_1_94' title='bbox 955 1711 1170 1760; x_wconf 86' lang='lat' dir='ltr'><em>fuerunt.</em></span> 
     </span>
     <span class='ocr_line' id='line_1_19' title="bbox 286 1790 1823 1857; baseline 0.004 -19"><span class='ocrx_word' id='word_1_95' title='bbox 286 1791 420 1839; x_wconf 91' lang='lat' dir='ltr'><em>ldem</em></span> <span class='ocrx_word' id='word_1_96' title='bbox 467 1796 807 1853; x_wconf 80' lang='lat' dir='ltr'><em>argumentum</em></span> <span class='ocrx_word' id='word_1_97' title='bbox 851 1798 1049 1856; x_wconf 86' lang='lat' dir='ltr'><em>praeter</em></span> <span class='ocrx_word' id='word_1_98' title='bbox 1085 1790 1374 1856; x_wconf 79' lang='lat' dir='ltr'><em>Euripidem</em></span> <span class='ocrx_word' id='word_1_99' title='bbox 1421 1809 1482 1842; x_wconf 87' lang='lat' dir='ltr'><em>an</em></span> <span class='ocrx_word' id='word_1_100' title='bbox 1526 1793 1823 1857; x_wconf 81' lang='lat' dir='ltr'><em>tragicorum</em></span> 
     </span>
     <span class='ocr_line' id='line_1_20' title="bbox 155 1871 1822 1936; baseline 0.002 -17"><span class='ocrx_word' id='word_1_101' title='bbox 155 1871 285 1920; x_wconf 84' lang='lat' dir='ltr'><em>ullus</em></span> <span class='ocrx_word' id='word_1_102' title='bbox 319 1871 597 1928; x_wconf 86' lang='lat' dir='ltr'><em>illustrarit,</em></span> <span class='ocrx_word' id='word_1_103' title='bbox 634 1871 823 1919; x_wconf 88' lang='lat' dir='ltr'><em>dubito.</em></span> <span class='ocrx_word' id='word_1_104' title='bbox 896 1871 999 1920; x_wconf 87' lang='lat' dir='ltr'><em>Soli</em></span> <span class='ocrx_word' id='word_1_105' title='bbox 1034 1872 1150 1919; x_wconf 86' lang='lat' dir='ltr'><em>huic</em></span> <span class='ocrx_word' id='word_1_106' title='bbox 1185 1873 1383 1936; x_wconf 59' lang='lat' dir='ltr'><em>propria⁴</em></span> <span class='ocrx_word' id='word_1_107' title='bbox 1416 1879 1493 1923; x_wconf 89' lang='lat' dir='ltr'><em>est</em></span> <span class='ocrx_word' id='word_1_108' title='bbox 1525 1873 1630 1922; x_wconf 89' lang='lat' dir='ltr'><em>laus</em></span> <span class='ocrx_word' id='word_1_109' title='bbox 1656 1875 1822 1924; x_wconf 87' lang='lat' dir='ltr'><em>inven-</em></span> 
     </span>
     <span class='ocr_line' id='line_1_21' title="bbox 153 1951 1825 2019; baseline 0.002 -19"><span class='ocrx_word' id='word_1_110' title='bbox 153 1957 236 2000; x_wconf 85' lang='lat' dir='ltr'><em>tae</em></span> <span class='ocrx_word' id='word_1_111' title='bbox 268 1951 465 2000; x_wconf 87' lang='lat' dir='ltr'><em>fabulae</em></span> <span class='ocrx_word' id='word_1_112' title='bbox 499 1953 841 2000; x_wconf 87' lang='lat' dir='ltr'><em>venustissima</em></span> <span class='ocrx_word' id='word_1_113' title='bbox 873 1968 1038 2001; x_wconf 89' lang='lat' dir='ltr'><em>rernm</em></span> <span class='ocrx_word' id='word_1_114' title='bbox 1075 1953 1313 2000; x_wconf 84' lang='lat' dir='ltr'><em>varietate</em></span> <span class='ocrx_word' id='word_1_115' title='bbox 1341 1953 1622 2015; x_wconf 80' lang='lat' dir='ltr'><em>distinctae,</em></span> <span class='ocrx_word' id='word_1_116' title='bbox 1655 1956 1703 2004; x_wconf 90' lang='lat' dir='ltr'><em>in</em></span> <span class='ocrx_word' id='word_1_117' title='bbox 1730 1970 1825 2019; x_wconf 83' lang='lat' dir='ltr'><em>qua</em></span> 
     </span>
     <span class='ocr_line' id='line_1_22' title="bbox 153 2031 1826 2099; baseline 0.002 -19"><span class='ocrx_word' id='word_1_118' title='bbox 153 2047 401 2080; x_wconf 85' lang='lat' dir='ltr'><em>armorum</em></span> <span class='ocrx_word' id='word_1_119' title='bbox 449 2031 690 2095; x_wconf 86' lang='lat' dir='ltr'><em>strepitus</em></span> <span class='ocrx_word' id='word_1_120' title='bbox 735 2049 846 2082; x_wconf 90' lang='lat' dir='ltr'><em>cum</em></span> <span class='ocrx_word' id='word_1_121' title='bbox 891 2033 1085 2096; x_wconf 88' lang='lat' dir='ltr'><em>pietatis</em></span> <span class='ocrx_word' id='word_1_122' title='bbox 1119 2047 1269 2080; x_wconf 90' lang='lat' dir='ltr'><em>sensu</em></span> <span class='ocrx_word' id='word_1_123' title='bbox 1304 2034 1715 2099; x_wconf 86' lang='lat' dir='ltr'><em>coniungeretur‚</em></span> <span class='ocrx_word' id='word_1_124' title='bbox 1764 2036 1826 2084; x_wconf 89' lang='lat' dir='ltr'><em>ad</em></span> 
     </span>
     <span class='ocr_line' id='line_1_23' title="bbox 154 2111 1827 2177; baseline 0.002 -18"><span class='ocrx_word' id='word_1_125' title='bbox 154 2111 433 2160; x_wconf 90' lang='lat' dir='ltr'><em>docendum</em></span> <span class='ocrx_word' id='word_1_126' title='bbox 480 2112 925 2177; x_wconf 87' lang='lat' dir='ltr'><em>delectandumque</em></span> <span class='ocrx_word' id='word_1_127' title='bbox 970 2114 1157 2177; x_wconf 84' lang='lat' dir='ltr'><em>pariter</em></span> <span class='ocrx_word' id='word_1_128' title='bbox 1190 2119 1350 2177; x_wconf 80' lang='lat' dir='ltr'><em>aptae.</em></span> <span class='ocrx_word' id='word_1_129' title='bbox 1419 2113 1621 2163; x_wconf 83' lang='lat' dir='ltr'><em>infantis</em></span> <span class='ocrx_word' id='word_1_130' title='bbox 1654 2119 1827 2164; x_wconf 82' lang='lat' dir='ltr'><em>natura</em></span> 
     </span>
     <span class='ocr_line' id='line_1_24' title="bbox 152 2191 1829 2259; baseline 0.002 -19"><span class='ocrx_word' id='word_1_131' title='bbox 152 2191 457 2251; x_wconf 87' lang='lat' dir='ltr'><em>dulcissima,</em></span> <span class='ocrx_word' id='word_1_132' title='bbox 492 2208 626 2241; x_wconf 89' lang='lat' dir='ltr'><em>mors</em></span> <span class='ocrx_word' id='word_1_133' title='bbox 660 2193 883 2242; x_wconf 86' lang='lat' dir='ltr'><em>eiusdem</em></span> <span class='ocrx_word' id='word_1_134' title='bbox 929 2194 1298 2251; x_wconf 83' lang='lat' dir='ltr'><em>crudelissima,</em></span> <span class='ocrx_word' id='word_1_135' title='bbox 1342 2193 1482 2241; x_wconf 88' lang='lat' dir='ltr'><em>dolor</em></span> <span class='ocrx_word' id='word_1_136' title='bbox 1516 2210 1611 2243; x_wconf 91' lang='lat' dir='ltr'><em>non</em></span> <span class='ocrx_word' id='word_1_137' title='bbox 1644 2210 1829 2259; x_wconf 87' lang='lat' dir='ltr'><em>paren-</em></span> 
     </span>
     <span class='ocr_line' id='line_1_25' title="bbox 152 2273 1826 2338; baseline 0.002 -18"><span class='ocrx_word' id='word_1_138' title='bbox 152 2275 257 2320; x_wconf 81' lang='lat' dir='ltr'><em>tum</em></span> <span class='ocrx_word' id='word_1_139' title='bbox 294 2277 479 2319; x_wconf 85' lang='lat' dir='ltr'><em>tantum</em></span> <span class='ocrx_word' id='word_1_140' title='bbox 516 2277 661 2335; x_wconf 88' lang='lat' dir='ltr'><em>atque</em></span> <span class='ocrx_word' id='word_1_141' title='bbox 696 2274 919 2332; x_wconf 89' lang='lat' dir='ltr'><em>nutricis,</em></span> <span class='ocrx_word' id='word_1_142' title='bbox 952 2289 1121 2321; x_wconf 89' lang='lat' dir='ltr'><em>verum</em></span> <span class='ocrx_word' id='word_1_143' title='bbox 1155 2273 1421 2322; x_wconf 84' lang='lat' dir='ltr'><em>alienorum</em></span> <span class='ocrx_word' id='word_1_144' title='bbox 1458 2291 1652 2338; x_wconf 87' lang='lat' dir='ltr'><em>quoque</em></span> <span class='ocrx_word' id='word_1_145' title='bbox 1689 2290 1826 2324; x_wconf 85' lang='lat' dir='ltr'><em>acer-</em></span> 
     </span>
     <span class='ocr_line' id='line_1_26' title="bbox 152 2350 1826 2418; baseline 0.002 -17"><span class='ocrx_word' id='word_1_146' title='bbox 152 2350 414 2411; x_wconf 71' lang='lat' dir='ltr'><em>bissimus,</em></span> <span class='ocrx_word' id='word_1_147' title='bbox 463 2352 731 2400; x_wconf 89' lang='lat' dir='ltr'><em>consolatio</em></span> <span class='ocrx_word' id='word_1_148' title='bbox 764 2353 1076 2414; x_wconf 83' lang='lat' dir='ltr'><em>gravissima,</em></span> <span class='ocrx_word' id='word_1_149' title='bbox 1125 2350 1272 2401; x_wconf 85' lang='lat' dir='ltr'><em>funus</em></span> <span class='ocrx_word' id='word_1_150' title='bbox 1306 2360 1453 2418; x_wconf 88' lang='lat' dir='ltr'><em>atque</em></span> <span class='ocrx_word' id='word_1_151' title='bbox 1485 2355 1691 2403; x_wconf 85' lang='lat' dir='ltr'><em>inferiae</em></span> <span class='ocrx_word' id='word_1_152' title='bbox 1725 2372 1826 2405; x_wconf 89' lang='lat' dir='ltr'><em>am-</em></span> 
     </span>
     <span class='ocr_line' id='line_1_27' title="bbox 152 2429 1827 2498; baseline 0.005 -21"><span class='ocrx_word' id='word_1_153' title='bbox 152 2429 409 2496; x_wconf 83' lang='lat' dir='ltr'><em>plissimae</em></span> <span class='ocrx_word' id='word_1_154' title='bbox 453 2432 863 2491; x_wconf 81' lang='lat' dir='ltr'><em>ostendebantur,</em></span> <span class='ocrx_word' id='word_1_155' title='bbox 918 2438 1150 2496; x_wconf 88' lang='lat' dir='ltr'><em>tantaque</em></span> <span class='ocrx_word' id='word_1_156' title='bbox 1206 2449 1316 2481; x_wconf 90' lang='lat' dir='ltr'><em>cum</em></span> <span class='ocrx_word' id='word_1_157' title='bbox 1375 2435 1557 2498; x_wconf 82' lang='lat' dir='ltr'><em>ingenii</em></span> <span class='ocrx_word' id='word_1_158' title='bbox 1603 2435 1827 2485; x_wconf 86' lang='lat' dir='ltr'><em>ubertate</em></span> 
     </span>
     <span class='ocr_line' id='line_1_28' title="bbox 154 2510 1826 2577; baseline 0.004 -19"><span class='ocrx_word' id='word_1_159' title='bbox 154 2510 248 2558; x_wconf 87' lang='lat' dir='ltr'><em>hos</em></span> <span class='ocrx_word' id='word_1_160' title='bbox 294 2510 431 2557; x_wconf 73' lang='lat' dir='ltr'><em>locos</em></span> <span class='ocrx_word' id='word_1_161' title='bbox 474 2517 775 2562; x_wconf 87' lang='lat' dir='ltr'><em>tractaverat</em></span> <span class='ocrx_word' id='word_1_162' title='bbox 824 2513 1114 2577; x_wconf 84' lang='lat' dir='ltr'><em>Euripides,</em></span> <span class='ocrx_word' id='word_1_163' title='bbox 1165 2514 1408 2576; x_wconf 89' lang='lat' dir='ltr'><em>animique</em></span> <span class='ocrx_word' id='word_1_164' title='bbox 1452 2512 1659 2562; x_wconf 86' lang='lat' dir='ltr'><em>affectus</em></span> <span class='ocrx_word' id='word_1_165' title='bbox 1692 2520 1826 2564; x_wconf 85' lang='lat' dir='ltr'><em>tanta</em></span> 
     </span>
     <span class='ocr_line' id='line_1_29' title="bbox 155 2579 1825 2660; baseline 0.004 -22"><span class='ocrx_word' id='word_1_166' title='bbox 155 2589 362 2638; x_wconf 83' lang='lat' dir='ltr'><em>veritate</em></span> <span class='ocrx_word' id='word_1_167' title='bbox 397 2579 739 2654; x_wconf 80' lang='lat' dir='ltr'><em>expresserat,</em></span> <span class='ocrx_word' id='word_1_168' title='bbox 787 2600 843 2642; x_wconf 91' lang='lat' dir='ltr'><em>ut</em></span> <span class='ocrx_word' id='word_1_169' title='bbox 878 2594 1045 2657; x_wconf 88' lang='lat' dir='ltr'><em>plures</em></span> <span class='ocrx_word' id='word_1_170' title='bbox 1079 2592 1224 2640; x_wconf 85' lang='lat' dir='ltr'><em>huius</em></span> <span class='ocrx_word' id='word_1_171' title='bbox 1254 2593 1446 2641; x_wconf 83' lang='lat' dir='ltr'><em>fabulae</em></span> <span class='ocrx_word' id='word_1_172' title='bbox 1481 2599 1645 2656; x_wconf 88' lang='lat' dir='ltr'><em>partes</em></span> <span class='ocrx_word' id='word_1_173' title='bbox 1680 2594 1825 2660; x_wconf 88' lang='lat' dir='ltr'><em>vulgo</em></span> 
     </span>
     <span class='ocr_line' id='line_1_30' title="bbox 156 2669 1826 2734; baseline 0.004 -16"><span class='ocrx_word' id='word_1_174' title='bbox 156 2669 209 2718; x_wconf 86' lang='lat' dir='ltr'><em>in</em></span> <span class='ocrx_word' id='word_1_175' title='bbox 258 2669 500 2717; x_wconf 88' lang='lat' dir='ltr'><em>humanae</em></span> <span class='ocrx_word' id='word_1_176' title='bbox 551 2672 679 2721; x_wconf 86' lang='lat' dir='ltr'><em>vitae</em></span> <span class='ocrx_word' id='word_1_177' title='bbox 738 2674 934 2722; x_wconf 86' lang='lat' dir='ltr'><em>casibus</em></span> <span class='ocrx_word' id='word_1_178' title='bbox 989 2674 1205 2722; x_wconf 85' lang='lat' dir='ltr'><em>solerent</em></span> <span class='ocrx_word' id='word_1_179' title='bbox 1249 2671 1447 2721; x_wconf 84' lang='lat' dir='ltr'><em>recitari</em></span> <span class='ocrx_word' id='word_1_180' title='bbox 1463 2674 1534 2734; x_wconf 88' lang='lat'><em>*).</em></span> <span class='ocrx_word' id='word_1_181' title='bbox 1611 2673 1826 2724; x_wconf 88' lang='lat' dir='ltr'><em>Maxima</em></span> 
     </span>
     <span class='ocr_line' id='line_1_31' title="bbox 157 2749 1824 2817; baseline 0.004 -20"><span class='ocrx_word' id='word_1_182' title='bbox 157 2765 274 2798; x_wconf 87' lang='lat' dir='ltr'><em>vero</em></span> <span class='ocrx_word' id='word_1_183' title='bbox 309 2749 456 2797; x_wconf 90' lang='lat' dir='ltr'><em>laude</em></span> <span class='ocrx_word' id='word_1_184' title='bbox 492 2750 665 2815; x_wconf 89' lang='lat' dir='ltr'><em>dignus</em></span> <span class='ocrx_word' id='word_1_185' title='bbox 701 2761 776 2801; x_wconf 87' lang='lat' dir='ltr'><em>est</em></span> <span class='ocrx_word' id='word_1_186' title='bbox 809 2754 860 2802; x_wconf 89' lang='lat' dir='ltr'><em>in</em></span> <span class='ocrx_word' id='word_1_187' title='bbox 895 2770 968 2814; x_wconf 92' lang='lat' dir='ltr'><em>eo,</em></span> <span class='ocrx_word' id='word_1_188' title='bbox 1011 2753 1138 2817; x_wconf 91' lang='lat' dir='ltr'><em>quod</em></span> <span class='ocrx_word' id='word_1_189' title='bbox 1176 2751 1338 2816; x_wconf 90' lang='lat' dir='ltr'><em>potuit</em></span> <span class='ocrx_word' id='word_1_190' title='bbox 1370 2760 1708 2816; x_wconf 82' lang='lat' dir='ltr'><em>argumentum</em></span> <span class='ocrx_word' id='word_1_191' title='bbox 1744 2771 1824 2804; x_wconf 85' lang='lat' dir='ltr'><em>so-</em></span> 
     </span>
     <span class='ocr_line' id='line_1_32' title="bbox 158 2829 1826 2900; baseline 0.005 -23"><span class='ocrx_word' id='word_1_192' title='bbox 158 2829 217 2877; x_wconf 89' lang='lat' dir='ltr'><em>lis</em></span> <span class='ocrx_word' id='word_1_193' title='bbox 265 2829 451 2877; x_wconf 85' lang='lat' dir='ltr'><em>naeniis</em></span> <span class='ocrx_word' id='word_1_194' title='bbox 495 2837 642 2894; x_wconf 81' lang='lat' dir='ltr'><em>atque</em></span> <span class='ocrx_word' id='word_1_195' title='bbox 688 2834 861 2900; x_wconf 88' lang='lat' dir='ltr'><em>elegiis</em></span> <span class='ocrx_word' id='word_1_196' title='bbox 895 2839 1061 2898; x_wconf 88' lang='lat' dir='ltr'><em>aptum</em></span> <span class='ocrx_word' id='word_1_197' title='bbox 1098 2832 1290 2879; x_wconf 82' lang='lat' dir='ltr'><em>theatro</em></span> <span class='ocrx_word' id='word_1_198' title='bbox 1326 2834 1646 2893; x_wconf 87' lang='lat' dir='ltr'><em>concinnare,</em></span> <span class='ocrx_word' id='word_1_199' title='bbox 1694 2836 1826 2898; x_wconf 89' lang='lat' dir='ltr'><em>quod</em></span> 
     </span>
     <span class='ocr_line' id='line_1_33' title="bbox 159 2909 1827 2980; baseline 0.004 -22"><span class='ocrx_word' id='word_1_200' title='bbox 159 2909 244 2972; x_wconf 87' lang='lat' dir='ltr'><em>qui</em></span> <span class='ocrx_word' id='word_1_201' title='bbox 276 2916 476 2972; x_wconf 86' lang='lat' dir='ltr'><em>praeter</em></span> <span class='ocrx_word' id='word_1_202' title='bbox 519 2910 657 2959; x_wconf 91' lang='lat' dir='ltr'><em>illum</em></span> <span class='ocrx_word' id='word_1_203' title='bbox 693 2920 896 2963; x_wconf 89' lang='lat' dir='ltr'><em>conatus</em></span> <span class='ocrx_word' id='word_1_204' title='bbox 933 2916 995 2962; x_wconf 85' lang='lat' dir='ltr'><em>sit</em></span> <span class='ocrx_word' id='word_1_205' title='bbox 1032 2913 1277 2960; x_wconf 91' lang='lat' dir='ltr'><em>neminem</em></span> <span class='ocrx_word' id='word_1_206' title='bbox 1312 2913 1439 2960; x_wconf 87' lang='lat' dir='ltr'><em>novi.</em></span> <span class='ocrx_word' id='word_1_207' title='bbox 1508 2913 1583 2961; x_wconf 80' lang='lat' dir='ltr'><em>Ex</em></span> <span class='ocrx_word' id='word_1_208' title='bbox 1619 2915 1827 2980; x_wconf 82' lang='lat' dir='ltr'><em>simplici</em></span> 
     </span>
     <span class='ocr_line' id='line_1_34' title="bbox 159 2990 1828 3060; baseline 0.004 -22"><span class='ocrx_word' id='word_1_209' title='bbox 159 2997 324 3038; x_wconf 85' lang='lat' dir='ltr'><em>autem</em></span> <span class='ocrx_word' id='word_1_210' title='bbox 369 2990 515 3038; x_wconf 90' lang='lat' dir='ltr'><em>animi</em></span> <span class='ocrx_word' id='word_1_211' title='bbox 561 3006 709 3040; x_wconf 88' lang='lat' dir='ltr'><em>sensu</em></span> <span class='ocrx_word' id='word_1_212' title='bbox 757 2995 860 3043; x_wconf 85' lang='lat' dir='ltr'><em>sive</em></span> <span class='ocrx_word' id='word_1_213' title='bbox 891 2995 1021 3043; x_wconf 88' lang='lat' dir='ltr'><em>laeto</em></span> <span class='ocrx_word' id='word_1_214' title='bbox 1057 2994 1158 3041; x_wconf 90' lang='lat' dir='ltr'><em>sive</em></span> <span class='ocrx_word' id='word_1_215' title='bbox 1194 2992 1320 3040; x_wconf 86' lang='lat' dir='ltr'><em>tristi</em></span> <span class='ocrx_word' id='word_1_216' title='bbox 1353 3008 1501 3056; x_wconf 87' lang='lat' dir='ltr'><em>quum</em></span> <span class='ocrx_word' id='word_1_217' title='bbox 1540 3010 1634 3043; x_wconf 89' lang='lat' dir='ltr'><em>non</em></span> <span class='ocrx_word' id='word_1_218' title='bbox 1670 2996 1828 3060; x_wconf 87' lang='lat' dir='ltr'><em>possit</em></span> 
     </span>
     <span class='ocr_line' id='line_1_35' title="bbox 160 3070 1828 3139; baseline 0.003 -20"><span class='ocrx_word' id='word_1_219' title='bbox 160 3086 219 3119; x_wconf 84' lang='lat' dir='ltr'><em>ea</em></span> <span class='ocrx_word' id='word_1_220' title='bbox 261 3086 426 3118; x_wconf 90' lang='lat' dir='ltr'><em>rerum</em></span> <span class='ocrx_word' id='word_1_221' title='bbox 476 3070 689 3119; x_wconf 89' lang='lat' dir='ltr'><em>conditio</em></span> <span class='ocrx_word' id='word_1_222' title='bbox 737 3079 883 3138; x_wconf 88' lang='lat' dir='ltr'><em>atque</em></span> <span class='ocrx_word' id='word_1_223' title='bbox 932 3072 1199 3139; x_wconf 87' lang='lat' dir='ltr'><em>implicatio</em></span> <span class='ocrx_word' id='word_1_224' title='bbox 1248 3074 1411 3132; x_wconf 84' lang='lat' dir='ltr'><em>nasci,</em></span> <span class='ocrx_word' id='word_1_225' title='bbox 1460 3075 1616 3137; x_wconf 86' lang='lat' dir='ltr'><em>qualis</em></span> <span class='ocrx_word' id='word_1_226' title='bbox 1654 3080 1732 3124; x_wconf 88' lang='lat' dir='ltr'><em>est</em></span> <span class='ocrx_word' id='word_1_227' title='bbox 1766 3076 1828 3124; x_wconf 88' lang='lat' dir='ltr'><em>ad</em></span> 
     </span>
     <span class='ocr_line' id='line_1_36' title="bbox 161 3150 1826 3216; baseline 0.003 -17"><span class='ocrx_word' id='word_1_228' title='bbox 161 3150 350 3199; x_wconf 84' lang='lat' dir='ltr'><em>animos</em></span> <span class='ocrx_word' id='word_1_229' title='bbox 387 3165 582 3208; x_wconf 84' lang='lat' dir='ltr'><em>eorum,</em></span> <span class='ocrx_word' id='word_1_230' title='bbox 618 3153 699 3214; x_wconf 88' lang='lat' dir='ltr'><em>qui</em></span> <span class='ocrx_word' id='word_1_231' title='bbox 728 3154 952 3213; x_wconf 82' lang='lat' dir='ltr'><em>audiunt,</em></span> <span class='ocrx_word' id='word_1_232' title='bbox 989 3162 1122 3203; x_wconf 85' lang='lat' dir='ltr'><em>metu</em></span> <span class='ocrx_word' id='word_1_233' title='bbox 1158 3158 1306 3216; x_wconf 89' lang='lat' dir='ltr'><em>atque</em></span> <span class='ocrx_word' id='word_1_234' title='bbox 1340 3155 1676 3203; x_wconf 89' lang='lat' dir='ltr'><em>misericordia</em></span> <span class='ocrx_word' id='word_1_235' title='bbox 1713 3156 1826 3204; x_wconf 83' lang='lat' dir='ltr'><em>affi-</em></span> 
     </span>
     <span class='ocr_line' id='line_1_37' title="bbox 163 3229 1827 3300; baseline 0.002 -21"><span class='ocrx_word' id='word_1_236' title='bbox 163 3229 363 3279; x_wconf 82' lang='lat' dir='ltr'><em>ciendos</em></span> <span class='ocrx_word' id='word_1_237' title='bbox 399 3233 701 3293; x_wconf 85' lang='lat' dir='ltr'><em>necessaria,</em></span> <span class='ocrx_word' id='word_1_238' title='bbox 749 3249 859 3282; x_wconf 88' lang='lat' dir='ltr'><em>eum</em></span> <span class='ocrx_word' id='word_1_239' title='bbox 894 3234 1123 3299; x_wconf 84' lang='lat' dir='ltr'><em>Opheltis</em></span> <span class='ocrx_word' id='word_1_240' title='bbox 1169 3234 1366 3282; x_wconf 80' lang='lat' dir='ltr'><em>interitu</em></span> <span class='ocrx_word' id='word_1_241' title='bbox 1400 3250 1541 3282; x_wconf 85' lang='lat' dir='ltr'><em>casus</em></span> <span class='ocrx_word' id='word_1_242' title='bbox 1574 3234 1827 3300; x_wconf 80' lang='lat' dir='ltr'><em>Hypsipy-</em></span> 
     </span>
     <span class='ocr_line' id='line_1_38' title="bbox 165 3308 1828 3378; baseline 0.005 -21"><span class='ocrx_word' id='word_1_243' title='bbox 165 3308 245 3359; x_wconf 88' lang='lat' dir='ltr'><em>lae</em></span> <span class='ocrx_word' id='word_1_244' title='bbox 278 3311 344 3359; x_wconf 84' lang='lat' dir='ltr'><em>ita</em></span> <span class='ocrx_word' id='word_1_245' title='bbox 381 3312 764 3374; x_wconf 84' lang='lat' dir='ltr'><em>coagmentavit,</em></span> <span class='ocrx_word' id='word_1_246' title='bbox 813 3319 869 3362; x_wconf 89' lang='lat' dir='ltr'><em>ut</em></span> <span class='ocrx_word' id='word_1_247' title='bbox 912 3315 992 3363; x_wconf 85' lang='lat' dir='ltr'><em>alii</em></span> <span class='ocrx_word' id='word_1_248' title='bbox 1027 3330 1088 3364; x_wconf 82' lang='lat' dir='ltr'><em>ex</em></span> <span class='ocrx_word' id='word_1_249' title='bbox 1122 3312 1233 3362; x_wconf 86' lang='lat' dir='ltr'><em>aliis</em></span> <span class='ocrx_word' id='word_1_250' title='bbox 1269 3314 1537 3378; x_wconf 84' lang='lat' dir='ltr'><em>penderent</em></span> <span class='ocrx_word' id='word_1_251' title='bbox 1571 3330 1828 3365; x_wconf 85' lang='lat' dir='ltr'><em>nasceren-</em></span> 
     </span>
    </p>
   </div>
   <div class='ocr_carea' id='block_1_3' title="bbox 222 3443 925 3535">
    <p class='ocr_par' dir='ltr' id='par_1_3' title="bbox 222 3443 925 3535">
     <span class='ocr_line' id='line_1_39' title="bbox 222 3443 925 3535; baseline 0.001 -13"><span class='ocrx_word' id='word_1_252' title='bbox 222 3478 270 3533; x_wconf 69' lang='lat'><em>*)</em></span> <span class='ocrx_word' id='word_1_253' title='bbox 297 3479 364 3523; x_wconf 80' lang='lat'><em>01¹.</em></span> <span class='ocrx_word' id='word_1_254' title='bbox 394 3479 600 3523; x_wconf 79' lang='lat' dir='ltr'><em>Valcken.</em></span> <span class='ocrx_word' id='word_1_255' title='bbox 631 3494 674 3535; x_wconf 81' lang='lat' dir='ltr'><em>p.</em></span> <span class='ocrx_word' id='word_1_256' title='bbox 703 3478 800 3523; x_wconf 80' lang='lat'><strong>212.</strong></span> <span class='ocrx_word' id='word_1_257' title='bbox 829 3443 925 3525; x_wconf 53' lang='lat'>213.</span> 
     </span>
    </p>
   </div>
  </div>
 </body>
</html>
