2164 3840
956 220 1078 278 383

793 453 858 510 C.
943 455 1250 529 Auge.

313 620 672 684 Argumentum
706 617 902 666 fabulae
936 614 1266 681 Apollodorus
1302 614 1494 663 duobus
1530 615 1758 680 exposuit
1789 615 1863 665 lo-

185 700 259 748 cis
310 698 393 762 (ll,
429 703 477 757 ⁷,
511 700 561 750 4.
597 705 648 746 et
680 697 765 754 lII,
800 701 847 757 9,
885 694 985 761 1.),
1035 697 1221 744 haecce
1265 709 1496 742 narrans:
1537 696 1714 761 „Auge
1763 697 1866 745 filia

184 780 285 829 fuit
318 780 427 828 Alei
462 785 515 827 et
551 778 801 838 Neaerae,
847 777 994 825 Perei
1029 776 1189 824 filiae:
1224 790 1398 838 quam,
1449 790 1599 837 quum
1634 777 1865 824 sacerdo-

186 860 252 907 tis
300 874 503 908 munere
547 859 598 906 in
644 859 830 923 templo
866 857 1121 906 Minervae
1163 855 1452 919 fungeretur
1467 853 1551 918 *)‚
1603 855 1868 916 Hercules,

188 939 321 988 forte
353 938 572 1003 Tegeam
608 939 868 993 transiens,
906 938 1039 986 haud
1072 936 1286 1002 agnitam
1319 935 1523 986 vitiavit.
1593 936 1733 997 Quae
1756 952 1868 985 cum

189 1024 384 1085 partum
420 1019 615 1068 occulte
648 1019 907 1078 edidisset,
941 1019 987 1066 in
1023 1018 1130 1082 ipso
1164 1015 1376 1065 Palladis
1412 1016 1640 1074 delubro,
1674 1016 1724 1064 in
1753 1031 1869 1080 quo,

188 1100 414 1149 Minerva
459 1115 552 1148 non
588 1097 919 1156 defendente,
957 1098 1052 1145 vim
1085 1113 1232 1161 passa
1266 1100 1399 1154 erat,
1445 1095 1683 1144 infantem
1718 1111 1870 1160 expo-

190 1177 398 1243 suit**).
479 1179 603 1227 Cum
650 1178 828 1228 deiude
871 1183 1005 1227 terra
1050 1177 1314 1225 sterilitate
1360 1182 1673 1239 premeretur
1723 1181 1871 1238 atque

186 1260 558 1325 ingravescente
603 1275 790 1308 annona
835 1258 1060 1306 homines
1095 1256 1228 1304 fame
1262 1256 1555 1313 laborarent,
1591 1254 1870 1317 'significau-

186 1340 317 1388 tibus
351 1338 567 1387 oraculis
601 1339 647 1386 in
682 1337 937 1386 Minervae
973 1335 1181 1384 delubro
1216 1335 1463 1400 piaculum
1500 1336 1683 1396 latere,
1717 1335 1872 1384 Aleus

186 1419 440 1483 ingressus
489 1418 752 1467 delubrum
800 1423 851 1467 et
896 1416 1086 1482 singula
1132 1416 1336 1466 rimatus
1378 1422 1572 1482 partum
1621 1415 1758 1464 filiae
1789 1431 1872 1465 re-

188 1498 373 1564 perit.”

319 1578 584 1642 Prologum
618 1577 720 1640 egit
753 1577 910 1641 Auge,
945 1578 996 1626 in
1031 1593 1149 1641 quo,
1185 1581 1410 1625 enarrata
1446 1575 1679 1625 Herculis
1712 1583 1873 1627 teme-

189 1660 360 1720 ritate,
412 1658 477 1707 de
521 1657 730 1707 deorum
773 1657 969 1706 iniuriis
1002 1657 1219 1720 graviter
1253 1663 1522 1720 conquesta
1556 1662 1652 1705 est.
1721 1656 1876 1707 Victi-

189 1756 319 1789 mam
355 1739 464 1787 sine
498 1737 651 1787 dubio
685 1737 931 1787 Hercules
966 1736 1223 1786 Minervae
1258 1737 1461 1798 obtulit,
1508 1752 1607 1800 quo
1640 1738 1689 1787 in
1722 1753 1875 1804 nego-

190 1820 262 1869 tio
294 1818 556 1884 indulgens
602 1818 714 1867 vino
750 1817 1011 1882 epulisque
1044 1815 1246 1868 incaluit
1278 1818 1432 1873 adeo,
1479 1823 1534 1865 ut
1567 1817 1877 1869 sacerdotem

191 1905 456 1965 arreptam,
490 1914 636 1962 quam
670 1898 895 1946 ancillam
930 1914 1043 1946 esse
1075 1902 1291 1963 putaret,
1326 1895 1721 1962 stupraret***).
1779 1897 1875 1948 Fa-

192 1986 270 2028 cta
319 1979 494 2028 iniuria
539 1979 833 2043 cognitoque
868 1995 1067 2040 errore,
1114 1978 1360 2026 Hercules
1406 1993 1461 2025 se
1496 1977 1754 2028 Minervae
1787 1995 1878 2028 ex-

194 2059 397 2116 cusavit,
433 2059 619 2107 haecce
653 2059 850 2107 dicens:

322 2141 429 2189 νῦν
463 2137 511 2188 δ’
547 2132 697 2198 οἶνος
730 2134 964 2205 ἐξέστησέ
997 2137 1080 2203 μ’·
1116 2137 1362 2203 ὁμολογῶ
1399 2134 1456 2188 δέ
1491 2147 1578 2188 σοι

322 2216 545 2281 ἀδικεῖν,
573 2218 633 2269 τὸ
668 2218 716 2269 δ’
753 2217 966 2283 ἀδίκημ’
1001 2215 1189 2282 ἐγένετ’
1223 2217 1320 2284 οὐχ
1354 2216 1626 2271 ἑκούσιον.

191 2302 333 2352 Haec
365 2300 495 2350 illius
530 2300 680 2348 verba
714 2300 854 2364 Auge
888 2301 1155 2348 narrationi
1188 2316 1306 2349 suae
1350 2300 1605 2357 immutata
1651 2298 1876 2348 inseruit.

192 2382 466 2432 Minervam
493 2387 658 2429 autem
683 2381 841 2446 ipsam
873 2380 1198 2429 intervenisse
1219 2388 1270 2430 et
1293 2381 1590 2446 supplicium
1612 2379 1880 2429 temerario

194 2463 422 2511 minatam
470 2477 584 2509 esse
629 2476 691 2509 ex
723 2461 1000 2523 fragmento
1033 2460 1115 2509 Xl.
1149 2460 1356 2524 colligo,
1404 2477 1504 2524 quo
1537 2460 1761 2519 eandem,
1796 2475 1879 2507 ac-

196 2548 342 2605 cepta
387 2540 622 2590 Herculis
667 2543 1017 2600 excusatione,
1076 2555 1286 2605 poenam
1330 2541 1378 2589 ei
1423 2541 1677 2590 remisisse
1727 2538 1877 2605 signi-

197 2621 403 2669 ficatur:

329 2696 419 2750 uoci
453 2697 744 2763 βουθυτεῖν
776 2698 879 2767 γὰρ
913 2698 1096 2766 ἠξίους
1129 2696 1263 2767 ἐμὴν
1295 2698 1465 2765 χάριν.

199 2781 339 2831 Haec
372 2780 521 2844 igitur
553 2795 703 2844 quum
737 2784 979 2847 patienter
1025 2782 1222 2832 tulisset
1256 2780 1350 2831 dea
1390 2797 1641 2846 quumque
1687 2780 1879 2830 auctori

256 3005 305 3058 ³³)
334 3003 524 3045 Pausan.
548 3004 666 3056 VIII,
688 3002 733 3056 4,
754 3003 809 3047 5:
832 3001 976 3058 ’Ἄλεος
1007 3006 1057 3051 δὲ
1086 3009 1145 3066 τῇ
1176 3022 1224 3051 τε
1252 3002 1420 3064 Ἀθηνᾷ
1447 3006 1506 3063 τῇ
1526 3002 1645 3063 Ἀλέᾳ
1672 3002 1725 3048 τὸ
1754 3002 1880 3062 ἱερὸν

338 3070 632 3132 ᾠκοδόμησεν
672 3072 719 3118 ἐν
752 3074 897 3136 Τεγέᾳ
936 3075 990 3123 τὸ
1031 3076 1223 3136 ἀρχαῖον
1260 3077 1339 3121 καὶ
1378 3074 1506 3136 αὐτῷ
1542 3072 1878 3120 κατεσκεύαστο

340 3142 516 3188 αὐτόθι
544 3142 574 3199 ἡ
605 3145 825 3202 βασιλεία.

228 3214 309 3270 **)
339 3215 496 3259 Schol.
517 3215 742 3271 Aristoph.
765 3217 880 3260 Ran-
903 3217 1040 3262 108⁰:
1070 3219 1239 3278 ἔγραψε
1267 3216 1353 3276 »γὰρ
1382 3215 1468 3275 τὴν
1497 3214 1648 3272 Αὔγην
1679 3212 1877 3258 ὠδίνου-

342 3298 428 3328 σαν
456 3284 505 3328 ἐν
533 3290 631 3336 τοῖς
662 3286 814 3343 ἱεροῖς.

203 3354 305 3409 ***)
338 3355 597 3399 Alcidamas
624 3357 742 3400 rhet.
778 3373 822 3413 p.
843 3357 943 3411 18⁵,
962 3358 1044 3402 242
1080 3356 1194 3404 ἰδών
1223 3358 1275 3403 δὲ
1304 3357 1331 3403 ὁ
1359 3354 1582 3416 Ἡρακλῆς
1609 3353 1698 3411 τήν
1726 3355 1875 3398 παῖδα

343 3423 392 3470 ἐν
417 3428 483 3485 τῷ
511 3427 600 3484 νεῷ
629 3424 739 3472 ὑπὸ
768 3426 952 3486 μέθης
979 3430 1266 3487 συνεγένετος
1296 3430 1356 3474 cf.
1377 3430 1541 3474 Matth.
1567 3442 1612 3483 Ρ.
1631 3423 1700 3469 95·
