2170 3848
1142 265 1264 320 104

932 507 1002 562 B.
1093 505 1513 563 Oenomaus.

515 641 869 705 Argumentum
917 639 1065 689 huius
1113 639 1307 691 fabulae
1352 641 1483 708 apud
1529 640 1796 692 Diodorum
1829 642 1916 704 lv,
1952 646 2051 701 73..

383 722 520 771 cuius
548 721 698 769 verba
723 718 925 767 Servius
950 717 1087 782 Virg.
1110 717 1392 786 Georgdll,
1407 725 1454 772 ἵ.
1480 721 1691 782 iteravit,
1727 725 1778 769 et
1801 722 2050 787 Hyginum

383 805 563 851 exstat.
631 798 851 847 Imitatus
899 802 975 846 est
1020 797 1312 862 Euripidem
1348 801 1542 860 Attius,
1585 801 1638 848 id
1682 800 1812 864 quod
1859 816 1924 851 ex
1967 802 2048 851 his

381 881 593 930 maxime
626 878 787 926 verbis
821 877 948 926 inter
983 893 1038 926 se
1072 879 1455 941 congruentibus
1491 880 1811 944 intelligitur:

511 956 932 1023 τεκμαιρόμεσθα
963 959 1076 1017 τοῖς
1107 961 1340 1022 παροῦσι
1372 957 1604 1024 τάφανῆ.

511 1044 746 1105 „atque
783 1055 861 1087 ea
896 1039 1298 1088 coniectura
1335 1045 1638 1105 auguro.”

503 1117 753 1168 Prooemii
786 1118 992 1168 materia
1027 1118 1106 1167 his
1127 1119 1254 1167 inest
1276 1119 1464 1185 Hygini
1490 1118 1684 1167 verbis:
1717 1117 2055 1178 „0enomau8,

381 1196 560 1247 Martis
596 1204 644 1246 et
691 1195 912 1263 Asopi*)
961 1198 1093 1247 filiae
1127 1198 1285 1260 filius,
1335 1199 1505 1248 habuit
1549 1198 1600 1247 in
1651 1197 1874 1261 coniugio
1921 1196 2051 1246 Eva-

380 1282 538 1339 reten,
575 1277 751 1327 Acrisii
785 1277 954 1340 filiam,
990 1293 1051 1326 ex
1085 1293 1180 1341 qua
1212 1278 1491 1341 procreavit
1524 1276 1920 1342 Hippodamiam,
1953 1276 2055 1325 vir-

381 1358 544 1423 ginem
567 1357 772 1406 eximiae
790 1357 997 1418 formae,
1032 1373 1177 1421 quam
1203 1358 1323 1406 nulli
1351 1358 1465 1406 ideo
1477 1358 1637 1407 ‘dabat
1671 1357 1721 1404 in
1755 1354 2055 1418 coniugium,

383 1437 516 1500 quod
551 1437 643 1486 sibi
677 1452 970 1500 responsum
1005 1436 1129 1496 fuit,
1177 1454 1240 1497 „a
1259 1453 1442 1502 genere
1463 1442 1674 1486 mortem
1713 1433 2055 1499 caveret’'**).

382 1515 553 1581 ltaque
587 1532 698 1565 cum
733 1515 1014 1580 complures
1048 1531 1154 1564 eam
1188 1522 1417 1580 peterent
1450 1518 1498 1565 in
1533 1515 1839 1579 coniugium,
1884 1513 2055 1562 simul·

381 1600 533 1645 tatem
571 1595 842 1656 constituit,
878 1611 932 1643 se
967 1596 1012 1643 ei
1047 1595 1307 1657 daturum,
1346 1597 1427 1660 qui
1463 1610 1629 1644 seeum
1664 1594 1911 1660 quadrigis
1946 1607 2056 1642 cer-

383 1680 542 1724 tasset
574 1675 829 1736 victorque
874 1674 1059 1722 exisset
1103 1670 1253 1737 (quod
1295 1676 1339 1723 is
1375 1690 1527 1738 equos
1564 1673 1808 1738 Aquilone
1839 1671 2056 1722 velocio-

382 1769 465 1803 res
500 1751 726 1815 habuit),
777 1752 937 1800 victus
972 1759 1138 1801 autem
1173 1750 1589 1802 interficeretur.”
1657 1752 1795 1801 Haec
1829 1752 1890 1800 ab
1924 1751 2057 1816 Hip-

382 1832 613 1898 podamia
662 1832 769 1896 ipsa
817 1832 1078 1880 commode
1121 1832 1319 1880 theatro
1357 1831 1536 1896 exponi
1570 1834 1852 1897 potuerunt.
1920 1830 2055 1879 Hor-

320 1963 328 1984 ,
383 1914 526 1962 rebat
556 1912 692 1975 virgo
730 1910 1087 1971 crudelitatem,
1123 1927 1219 1974 qua
1251 1911 1451 1975 plurimi
1482 1912 1577 1960 iam
1606 1910 1699 1960 viri
1733 1911 1920 1960 nobiles
1953 1917 2058 1958 tru-

385 1991 538 2040 cidati
586 1996 638 2039 et
683 1990 845 2053 capita
890 2005 1038 2054 super
1091 1989 1286 2050 valvae,
1342 1989 1750 2039 deterrendorum
1793 2004 2058 2055 procorum

386 2087 583 2130 caussa,
629 2070 729 2117 fixa
763 2074 933 2130 erant,
980 2069 1226 2131 simulque
1261 2084 1399 2117 suam
1448 2069 1606 2117 vicem
1654 2069 1880 2131 dolebat,
1926 2067 2057 2132 quod

386 2150 627 2199 connubio
661 2151 963 2214 privaretur:
1016 2148 1149 2197 unde
1184 2165 1295 2197 cum
1341 2148 1508 2196 odium
1540 2148 1696 2212 patris
1731 2147 2056 2211 concepisset,

386 2230 448 2278 ad
485 2229 813 2278 deserendum
849 2243 962 2275 eum
994 2243 1147 2292 prona
1182 2227 1278 2277 fuit
1292 2225 1418 2292 ***).

519 2309 737 2358 Alteram
783 2307 976 2371 prologi
1021 2313 1213 2371 partem
1256 2307 1501 2370 colloquio
1534 2304 1766 2370 Pelopis,
1813 2305 1948 2355 forte
1994 2320 2057 2356 ex

389 2388 603 2452 Phrygia
637 2387 960 2446 advenientis,
997 2391 1046 2435 et
1064 2386 1423 2450 Hippodamiae
1451 2385 1734 2434 confectum
1763 2400 1875 2434 esse
1896 2385 2057 2450 suspi-

390 2484 503 2527 cor3
538 2467 606 2518 cf.
641 2466 909 2515 Diodorum
943 2466 977 2516 l.
1015 2465 1075 2515 l.:
1124 2462 1308 2526 Πέλοψ
1341 2462 1399 2515 δὲ
1432 2462 1462 2515 ὁ
1502 2462 1777 2514 Ταντάλου
1807 2480 2055 2514 καταν-

389 2547 606 2614 τήσας
649 2543 747 2605 εἰς
794 2546 1013 2594 Πῖσαν
1058 2542 1178 2596 καὶ
1209 2544 1638 2609 θεασάμενος
1677 2541 1801 2610 τὴν
1835 2535 2055 2596 Ἱππο-

392 2627 680 2693 δάμειαν
715 2623 1013 2690 ἐπεθύμησε
1045 2628 1143 2676 τοῦ
1175 2623 1366 2691 γάμου.

524 2709 645 2757 Post
679 2707 916 2772 parodum
952 2706 1189 2755 Oenomai
1227 2711 1372 2770 atque
1403 2705 1601 2769 Pelopis
1635 2703 1932 2768 colloquium
1967 2720 2056 2755 fle-

393 2789 479 2854 qui
515 2788 690 2853 potuit.
759 2787 995 2836 Caussam
1029 2786 1266 2835 adventus
1299 2785 1378 2834 his
1412 2785 1572 2834 verbis
1608 2783 1825 2833 ostendit
1846 2782 2056 2850 Pelops:

447 2943 498 2995 ⁹⁵)
528 2942 604 2985 Sic
645 2957 699 2984 ex
735 2941 931 2983 Diodoro
970 2939 1270 2996 reponendum
1304 2954 1388 2995 pro
1416 2939 1741 2993 Asteropes
1769 2951 1864 2981 esse
1892 2937 2058 2980 censui.

419 3012 502 3067 '‘²‘ss
530 3012 713 3055 Servius
741 3014 815 3054 vel
843 3011 1088 3054 Diodorus:
1128 3009 1315 3064 „Finem
1355 3009 1475 3052 vitae
1513 3010 1569 3050 ab
1600 3010 1782 3052 oraculo
1818 3006 2059 3050 sciscitanti

527 3096 787 3136 responsum
827 3085 893 3124 est
935 3086 1037 3124 tune
1075 3080 1121 3122 in
1147 3080 1244 3122 fata
1272 3081 1399 3123 illum
1428 3092 1659 3133 casurum,
1689 3091 1826 3133 quum
1852 3076 1949 3119 filia
1976 3091 2057 3119 nu-

529 3151 701 3206 psisset.
758 3153 967 3194 Decrevit
995 3150 1134 3207 igitur
1161 3149 1307 3191 filiam
1333 3155 1549 3204 perpetua
1577 3146 1990 3206 virginitate.frui.”

391 3222 497 3278 ἢῆ)
524 3222 734 3264 Philostr.
765 3222 854 3263 iun.
885 3223 965 3264 lm.
995 3220 1075 3262 10:
1108 3217 1264 3275 ἐρᾶται
1292 3215 1379 3275 γὰρ
1409 3221 1487 3265 καὶ
1514 3219 1598 3266 τὸν
1618 3215 1869 3275 γεννήτορα
1886 3213 2057 3271 μυσάτ-

530 3307 656 3336 τεται
694 3290 923 3342 τοιούτοις
953 3287 1237 3349 ἀκροθινίοις
1271 3292 1562 3347 φρονοῦντα,
1602 3285 1632 3334 ἃ
1661 3289 1720 3346 δὴ
1751 3285 1879 3348 ὁρᾷς,
1907 3301 2057 3342 κεφα·

530 3360 610 3414 λᾶς
638 3360 812 3413 ταύτας
841 3362 933 3406 τῶν
960 3358 1273 3419 προπυλαίων.
