2170 3848
1104 237 1186 293 60

315 386 466 447 dium,
493 386 533 432 si
551 383 776 431 vitiorum
803 398 1006 430 numero
1028 382 1307 431 habendum
1333 382 1412 442 sit,
1447 382 1695 436 hominum
1719 400 1848 446 esse,
1882 400 1980 435 non

314 467 449 523 artis,
486 464 683 520 vitium3
718 478 875 526 neque
908 463 1021 510 ideo
1057 462 1378 526 philosophos
1414 464 1696 527 superiores
1723 482 1836 514 esse
1859 481 1978 531 poe-

313 545 395 602 tis,
432 543 559 606 quod
596 557 803 605 poeseos
837 542 1076 589 rationem
1111 542 1336 604 viamque
1371 552 1665 605 cognoscant
1698 550 1747 593 et
1775 560 1980 610 praece-

313 632 413 690 pta,
449 622 585 684 quasi
614 621 766 683 leges,
804 622 1068 669 carminum
1099 623 1545 685 componendorum
1574 629 1872 687 proponant:
1903 625 1980 673 in-

312 704 467 751 vicem
516 701 863 765 enim-poetas
912 701 1180 748 sententias
1226 702 1635 765 philosophorum
1677 708 1729 751 et
1760 703 1979 768 ipsorum

312 798 476 831 mores
515 781 736 844 vitasque
783 781 996 837 imitari,
1047 780 1178 828 unde
1211 781 1531 830 imitationem
1569 782 1982 847 contemplatione

312 863 615 927 superiorem
653 876 763 907 esse
800 860 1079 910 concludas-

444 941 711 990 Vacatione
738 940 1158 1003 perturbationum
1183 946 1331 1005 atque
1347 941 1578 990 libertate
1599 936 1867 1003 animorum
1885 958 1981 993 non

311 1023 471 1074 minus
491 1021 565 1079 iis,
599 1019 680 1082 qui
707 1020 972 1080 imitantur,
1009 1036 1151 1082 quam
1178 1022 1254 1079 iis,
1290 1022 1371 1084 qui
1396 1021 1707 1085 meditantur,
1744 1038 1867 1087 opus
1885 1029 1981 1074 est.

309 1100 584 1163 Exsequias
601 1106 854 1163 parentum
881 1115 1081 1148 suorum
1108 1099 1370 1149 admodum
1387 1117 1562 1150 severe
1585 1102 1816 1164 puerulos
1831 1119 1982 1169 saepe

309 1183 560 1231 imitantes
595 1179 938 1243 conspicimus,
973 1181 1102 1243 quod
1125 1187 1201 1228 est
1224 1181 1415 1243 signum
1447 1182 1676 1245 egregiae
1705 1181 1982 1244 felicitatis,

311 1279 405 1327 qua
440 1261 498 1308 ab
534 1260 836 1323 aegritudine
870 1260 952 1306 illa
988 1266 1121 1307 aetas
1157 1267 1399 1324 perpetuo
1435 1266 1594 1309 vacat.
1664 1260 1850 1322 iidem,
1883 1261 1985 1323 nisi¹>

309 1342 500 1408 gravius
538 1339 709 1387 funere
743 1338 909 1387 affecti
945 1341 1270 1402 commotique
1305 1339 1551 1400 fuissent,
1587 1355 1833 1404 nunquam
1867 1341 1981 1391 imi·-

306 1427 545 1471 tarentur.
612 1419 799 1470 Horum
845 1419 1070 1467 felicitati
1122 1419 1240 1482 (qua
1290 1419 1487 1482 quidem
1533 1436 1621 1469 usa
1656 1437 1770 1469 esse
1803 1422 1983 1472 dicitur

307 1502 467 1566 prisca
502 1515 622 1564 gens
658 1499 932 1547 mortalium
967 1496 1215 1564 universa)
1258 1506 1513 1562 poetarum
1559 1499 1772 1550 felicitas
1807 1501 1980 1551 similis

308 1586 387 1630 est
419 1579 726 1628 immunitate
758 1594 961 1642 operum
993 1578 1324 1641 laborumque,
1358 1580 1608 1627 vacatione
1637 1581 1981 1646 aegritudinis,

309 1661 574 1711 securitate
606 1666 752 1721 atque
775 1658 1136 1722 tranquillitate,
1171 1666 1225 1706 ut
1259 1658 1351 1706 soli
1375 1675 1488 1706 vere
1519 1660 1765 1720 liberales,
1803 1661 1992 1726 reliqui>

308 1740 538 1791 mortales
563 1738 1010 1802 operariiservique
1030 1753 1141 1785 esse
1157 1737 1447 1796 videantur3
1474 1737 1540 1785 cf.
1562 1739 1730 1804 Eurip.
1747 1741 1973 1807 Antiopa

436 1817 537 1884 ἔχει
569 1816 731 1881 λόγον
763 1814 849 1866 καὶ
882 1820 1068 1866 τοῦτο·
1105 1817 1212 1867 τῶν
1245 1817 1456 1866 πολλῶν
1491 1817 1703 1881 βροτῶν

438 1898 522 1950 δεῖ
550 1891 674 1956 τοὺς
708 1894 804 1961 μὲν
838 1891 974 1947 εἶναι
1008 1896 1291 1962 δυςτυχεῖς,
1327 1891 1453 1956 τοὺς
1488 1897 1536 1948 δ’
1572 1898 1814 1966 εὐτυχεῖς.

439 1979 505 2031 οὐ
538 1979 635 2044 χρή
670 1979 785 2027 ποτ’
818 1976 988 2041 ἄνδρα
1026 1977 1226 2028 δοῦλον
1259 1979 1368 2028 ὄντ’
1405 1975 1688 2045 ἐλευθέρας

435 2060 651 2127 γνώμας
683 2058 890 2109 διώκειν
925 2057 1042 2108 οὐδ’
1079 2054 1130 2118 ἐς
1163 2056 1355 2122 ἀργίαν
1389 2056 1615 2122 βλέπειν,

437 2141 532 2192 τὸν
565 2140 610 2191 δ’
645 2138 943 2203 ὑμνοποιὸν
978 2138 1136 2197 αὐτὸς
1171 2139 1239 2188 ἂν
1271 2139 1417 2204 τίκτῃ
1453 2137 1580 2205 μέλη

439 2220 692 2290 χαίροντα
724 2219 939 2271 τίκτειν·
973 2219 1043 2286 ἢν
1077 2217 1134 2270 δὲ
1167 2218 1239 2284 μὴ
1273 2221 1443 2286 πάσχῃ
1476 2219 1611 2284 τόδε,

437 2305 586 2355 οὔτοι
618 2301 819 2353 δύναιτ’
854 2302 937 2363 ἄν,
974 2298 1191 2352 οἴκοθέν
1223 2302 1272 2366 γ’
1307 2300 1588 2365 ἀτώμενος,

436 2382 644 2447 τέρπειν
676 2381 743 2433 ἂν
776 2384 996 2441 ἄλλους·
1032 2379 1156 2432 οὐδὲ
1189 2379 1290 2445 γὰρ
1327 2381 1481 2447 δίκην
1515 2377 1630 2448 ἔχει.

435 2462 539 2531 ἐγὼ
574 2462 669 2530 μὲν
703 2457 801 2514 οὖν
835 2462 1015 2528 ᾄδοιμι
1046 2459 1135 2513 καὶ
1168 2460 1368 2526 λέγοιμί
1401 2481 1450 2513 τι

439 2545 629 2610 σοφόν,
662 2546 942 2608 ταράσσων
975 2541 1140 2609 μηδὲν
1174 2531 1250 2593 ὧν
1283 2543 1431 2603 πόλις
1466 2545 1628 2596 νοσεῖ.

309 2630 445 2681 Illam
486 2629 635 2692 igitur
682 2628 816 2675 aurei
852 2626 1035 2674 saeculi
1073 2624 1360 2673 felicitatem
1397 2625 1640 2673 reducunt
1673 2626 1866 2688 poetae,
1900 2620 1980 2670 vel

308 2710 474 2775 potius
509 2709 710 2756 deorum
748 2706 995 2754 felicitatis
1030 2722 1117 2754 nos
1155 2704 1336 2753 faciunt
1368 2705 1660 2769 participes,
1706 2701 1979 2751 curantium

310 2790 508 2856 quidem
544 2803 622 2836 res
656 2788 912 2845 humanas,
949 2785 1036 2834 sed
1069 2787 1156 2847 ita,
1190 2792 1248 2834 ut
1280 2786 1590 2834 delectentur
1622 2784 1700 2846 iis,
1734 2797 1831 2831 non
1862 2795 1979 2846 per-

309 2870 586 2921 turbentur.

443 2947 684 3011 Quicquid
719 2952 879 2994 autem
925 2950 1101 3011 poetae
1136 2945 1419 3009 exprimunt
1451 2944 1712 3006 imaginum
1747 2945 1800 2990 et
1831 2941 1978 3003 quas-

310 3045 506 3092 cunque
540 3028 777 3075 inducunt
811 3042 1073 3090 personas,
1121 3041 1280 3089 neque
1329 3040 1389 3072 ex
1424 3025 1573 3072 rebus
1607 3021 1981 3082 hominibusque

310 3110 452 3175 ipsiS,
487 3123 607 3170 quos
624 3108 890 3166 imitantur,
926 3122 1085 3168 neque
1119 3121 1178 3153 ex
1202 3105 1491 3168 imaginibus
1514 3120 1678 3152 rerum
1705 3099 1980 3150 hominum-

312 3206 424 3254 que,
462 3189 550 3236 sed
587 3203 647 3234 ex
683 3188 872 3234 ratione
906 3186 1129 3234 imitandi
1165 3191 1214 3232 et
1246 3184 1494 3231 mentibus
1530 3199 1717 3243 eorum,
1753 3177 1980 3244 quiimi-

310 3274 489 3330 tantur,
525 3267 711 3332 pendet
735 3265 1014 3313 delectatio.
1063 3265 1235 3328 Neque
1267 3264 1390 3311 enim
1422 3263 1717 3327 pulcritudo,
1751 3274 1876 3324 quae
1901 3261 1982 3306 est

314 3365 487 3398 caussa
521 3346 887 3405 delectationiS,
922 3351 1005 3393 aut
1039 3346 1087 3392 in
1121 3345 1269 3392 rebus
1302 3343 1423 3406 ipsis
1457 3344 1562 3391 sive
1594 3343 1642 3390 in
1669 3340 1873 3390 veritate
1906 3337 1982 3386 in-

317 3433 426 3490 est,
471 3431 556 3477 aut
588 3428 639 3476 in
674 3426 914 3492 organicis
948 3424 1267 3475 imitamentis
1299 3424 1402 3473 sive
1433 3422 1697 3488 imaginum
1728 3420 1824 3482 iis,
1858 3408 1984 3482 quae
