2170 3848
949 280 1073 340 105

289 430 732 496 „Coniugium
779 428 958 480 Pisis
1015 446 1055 495 p
1074 434 1294 489 elfere,
1362 426 1447 476 ad
1491 434 1558 477 te
1613 427 1829 476 itiner

818 515 841 559 t
856 527 885 559 e
898 526 932 558 n
946 508 982 558 d
996 526 1024 558 e
1035 525 1062 557 r
1075 525 1105 558 e
1118 508 1148 530 ”
1183 527 1247 542 —

292 669 504 736 „Ego,
560 676 629 720 ut
678 685 882 719 essem
930 665 1192 732 adfinis
1237 665 1398 728 tibi,
1454 681 1584 714 non
1628 673 1707 715 ut
1757 672 1778 715 t
1799 682 1829 715 e

813 748 1353 813 exstinguerem,

298 829 493 879 Tuam
522 845 560 895 p
578 828 707 878 etii
733 833 1042 894 gnatam;
1076 842 1350 876 numero
1383 842 1448 875 se
1483 830 1829 892 expurgat

811 914 835 956 t
847 908 926 955 im
938 923 967 956 o
981 903 1058 955 r.”

164 977 391 1039 Ostendit
424 986 704 1036 Oenomaus
731 987 894 1053 capita
918 987 1138 1051 priorum
1162 1001 1427 1051 procorum
1453 985 1504 1036 in
1525 985 1676 1035 valvis
1701 986 1800 1035 fixa
1814 1006 1829 1036 z

289 1066 639 1128 „Horrida
685 1067 1131 1117 honestitudo
1179 1066 1513 1132 Europae
1565 1066 1831 1132 princi-

806 1165 958 1215 pum
986 1149 1206 1214 primo
1242 1163 1318 1196 ex
1352 1147 1511 1196 loco.

158 1225 353 1276 Metum
397 1228 495 1277 hoc
539 1228 825 1293 spectaculo
867 1228 1045 1294 Pelopi
1087 1228 1323 1276 iniectum
1373 1242 1495 1276 esse
1521 1225 1643 1275 dicit
1676 1226 1834 1292 Hygi-

158 1323 279 1357 nus:
324 1306 530 1368 „Multis
562 1308 840 1358 interfectis
855 1346 871 1370 ,
914 1309 1178 1358 novissime
1212 1306 1412 1371 PelopS‚
1447 1306 1646 1356 Tantali
1678 1307 1833 1371 filius,

160 1402 272 1436 cum
306 1387 523 1437 venisset
557 1393 609 1437 et
652 1389 811 1453 capita
849 1389 1063 1438 humana
1109 1402 1261 1451 super
1304 1387 1465 1435 valvas
1498 1388 1598 1436 fixa
1630 1387 1835 1437 vidisset

160 1482 350 1528 eorum,
385 1469 467 1532 qui
499 1469 878 1534 Hippodamiam
913 1469 964 1517 in
999 1483 1203 1516 uxorem
1253 1466 1528 1530 petierant,
1576 1469 1834 1532 poenitere

161 1562 276 1595 eum
312 1549 492 1612 coepit,
524 1549 659 1614 regis
705 1548 1050 1597 crudelitatem
1096 1543 1403 1596 timentem.”
1471 1547 1685 1611 Reliqua
1716 1565 1832 1613 pars

161 1627 450 1677 narrationis
486 1629 671 1693 Hygini
704 1631 764 1678 ab
798 1627 1038 1693 Euripide
1071 1627 1278 1676 recedit.
1348 1625 1393 1676 N
1397 1641 1460 1675 on
1505 1627 1638 1675 enim
1669 1627 1833 1678 clavos

71 1705 73 1707 ’
159 1707 282 1756 rotis
318 1707 582 1759 detrahere
616 1708 872 1773 Myrtilum
905 1708 1048 1756 iussit
1082 1706 1264 1770 Pelops
1284 1742 1298 1766 ‚
1334 1706 1426 1754 sed
1459 1706 1833 1758 terriculamen-

159 1791 266 1834 tum
315 1787 511 1851 aliquod
564 1789 614 1837 in
659 1787 903 1836 curriculo
938 1786 1168 1836 infodere
1182 1820 1197 1844 ‚
1243 1800 1340 1848 quo
1388 1786 1501 1848 equi
1547 1792 1833 1838 consterna-

162 1870 361 1915 rentur:

292 1946 461 2008 „Fer
494 1954 560 1995 te
606 1952 760 1996 ante
794 1947 1150 2006 Auroram,
1200 1943 1549 1994 radiorum
1584 1945 1833 1996 arden-

816 2033 947 2076 tum
980 2024 1291 2086 indicem,

298 2103 443 2154 Cum
493 2122 522 2154 e
567 2099 807 2156 somno'
833 2107 899 2155 in
942 2110 1249 2171 segetem
1302 2110 1625 2171 agrestes
1687 2123 1834 2156 cor-

817 2204 852 2235 n
864 2203 900 2235 u
916 2192 937 2235 t
952 2202 981 2235 o
996 2201 1021 2233 s
1057 2185 1118 2234 ci
1136 2201 1164 2233 e
1178 2200 1213 2232 n
1227 2191 1266 2245 t,

300 2263 380 2316 Ut
412 2267 814 2317 rorulentds
847 2274 993 2316 terr
1011 2267 1084 2315 ds
1103 2266 1293 2329 ferro
1326 2265 1607 2328 rufulus

291 2346 749 2399 Prosciudant
777 2346 1012 2413 glebas
1048 2360 1343 2411 arvoque
1379 2361 1458 2392 ea·
1492 2346 1682 2396 molli
1715 2363 1832 2397 es-

816 2445 844 2476 e
857 2428 876 2476 z·
886 2433 909 2476 t
926 2444 955 2476 e
966 2443 1001 2475 n
1011 2426 1082 2476 t.’'

163 2507 245 2557 cf.
281 2506 489 2560 Pausan.
524 2506 609 2568 Vl,
642 2510 722 2557 20.
746 2525 797 2573 p.
824 2510 921 2557 504
951 2522 1056 2570 seq.
1071 2523 1084 2554 :
1121 2501 1443 2571 ἐπονομάσαι
1477 2504 1833 2572 Ταράξιππον,

164 2585 245 2637 ὅτι
289 2590 362 2652 τῷ
410 2585 655 2652 Οἰνομάῳ
701 2585 791 2638 διὰ
833 2590 933 2638 τοῦ
968 2584 1254 2651 Μυρτίλου
1299 2587 1392 2653 τῆς
1435 2582 1617 2651 τέχνης
1651 2582 1832 2653 ἐταρά-

163 2669 373 2734 χθησαν
398 2665 455 2717 αἱ
477 2665 628 2718 ἵπποι
648 2670 757 2719 κτλ.
792 2668 870 2719 Ex
887 2668 1060 2718 eodem
1076 2667 1271 2733 Pelopis
1296 2672 1348 2715 et
1374 2666 1565 2731 Myrtili
1589 2669 1833 2735 colloquio

163 2748 510 2812 depromptum
545 2765 658 2798 esse
691 2751 916 2814 suspicor
947 2748 1126 2813 fragm.
1157 2748 1254 2796 inc.
1286 2750 1410 2797 237:

293 2826 394 2878 οὐκ
426 2823 695 2894 ἐγγυῶμαι
711 2841 724 2855 ·
762 2827 915 2895 ζημία
949 2826 1243 2893 φιλέγγυον

295 2910 498 2960 σκοπεῖ·
534 2907 599 2960 τὰ
635 2910 826 2960 Πυθοῖ
855 2909 902 2961 δ’
939 2909 1040 2961 οὐκ
1073 2904 1135 2977 {q}
1167 2899 1503 2973 γεγραμμένα
1518 2909 1590 2968 *).

166 2989 304 3052 Quae
348 2992 496 3040 verba
540 2991 665 3040 bene
709 2992 1002 3041 conveniunt
1047 2992 1095 3050 in
1128 2989 1327 3054 Pelopis
1359 3005 1621 3054 personam
1655 2991 1833 3042 malam

164 3070 358 3134 perfido
393 3071 591 3135 aurigae
624 3073 822 3135 gratiam
857 3072 1078 3122 relaturi.

300 3149 591 3198 certaminis
624 3152 863 3201 rationem
895 3152 972 3201 his
1019 3150 1181 3199 verbis
1214 3149 1530 3213 persequitur
1560 3150 1804 3202 Diodorus
1819 3169 1835 3200 τ

167 3227 457 3294 „Equorum
491 3231 703 3280 instituit
735 3247 934 3282 cursum
969 3249 998 3280 a
1029 3230 1143 3280 Pisa
1176 3230 1241 3278 ad
1272 3245 1407 3278 aram
1438 3229 1674 3296 Neptuni,
1709 3247 1836 3296 quae

223 3399 273 3454 *)
302 3385 450 3457 Vulgo
485 3403 674 3445 σκοπεῖν
713 3396 773 3443 τὰ
801 3393 1001 3444 Πνθοῒὸ
1042 3394 1127 3441 οὐκ
1166 3392 1220 3454 ἐᾷ
1245 3393 1304 3438 τὰ
1341 3394 1600 3454 γράμματα.
1656 3400 1835 3455 Scripta

313 3475 461 3515 autem
504 3477 602 3516 erat
639 3471 686 3516 in
713 3473 880 3528 templo
904 3469 1127 3526 Delphico
1152 3466 1370 3514 sententia
1408 3468 1633 3514 Chilonis:
1678 3467 1831 3528 ἐγγύα,

306 3541 433 3601 πάρα
462 3539 502 3588 δ’
532 3542 637 3591 ἄτα.
