2170 3866
1056 279 1184 342 54⁰

273 431 464 478 eratum
507 443 536 476 a
569 425 762 476 Cadmo
794 432 851 478 et
886 428 1216 495 saepimenta,
1244 445 1316 480 ne
1351 431 1590 494 calcetur,
1619 432 1847 485 *clausum
1872 440 1967 498 est,

274 525 304 557 a
336 508 534 556 Baccho
567 513 732 557 autem
753 509 861 557 viva
885 509 986 559 vite
1011 510 1451 564 circumvestitam.
1517 513 1694 563 Prodit
1718 515 1966 576 Bacchus,

273 590 444 654 specie
476 587 681 638 indutus
716 588 933 638 hominis
968 591 1221 652 mortalia,
1268 593 1458 641 ducens
1505 597 1752 643 catervam
1786 594 1966 644 mulie-

271 684 383 717 rum
418 669 827 734 peregrinarum,
876 670 1123 719 sociarum
1173 672 1514 736 comitumque
1548 688 1781 734 suarum,
1828 679 1968 738 tym-

272 763 404 812 pana
439 749 665 798 manibus
699 751 974 800 tenentium
1009 756 1060 801 et
1093 751 1287 815 reliquo
1322 751 1459 801 cultu
1487 752 1735 802 Bacchico
1769 758 1968 803 ornata-

269 844 397 878 rum.
466 828 739 895 Peragrata
771 829 957 895 Lydia,
991 830 1229 895 Phrygia,
1263 831 1462 893 Persia,
1499 832 1726 892 Bactria,
1778 832 1966 895 Media,

269 908 453 959 Arabia
499 915 550 958 et
585 909 741 971 ionia,
778 910 1045 960 celebratis
1078 912 1267 976 ubique
1301 913 1497 974 choris,
1531 912 1849 962 manifestata
1885 911 1964 962 di·-

267 990 470 1039 vinitate
519 1005 608 1038 sua
642 989 899 1055 sacrisque
944 991 1214 1052 institutis,
1264 991 1494 1040 Bacchus
1540 992 1751 1056 primam
1802 991 1965 1042 Grae-

267 1084 439 1119 carum
472 1069 670 1118 urbium
697 1070 899 1119 Thebas
923 1071 1063 1121 adire
1098 1071 1337 1133 decrevit,
1372 1078 1430 1121 ut
1462 1072 1750 1131 ululatibus,
1785 1071 1964 1137 thyrso

266 1155 319 1200 et
349 1149 560 1199 nebride
594 1150 728 1198 cives
762 1151 1025 1204 excitaret.
1106 1152 1306 1201 Etenim
1339 1153 1511 1201 matris
1559 1167 1791 1210 sorores,
1841 1165 1965 1216 quas

267 1230 472 1280 minime
508 1229 734 1290 decebat,
769 1230 907 1279 illum
938 1230 1064 1279 lovis
1093 1232 1254 1280 filium
1291 1247 1405 1281 esse
1431 1232 1691 1297 negabant,
1728 1231 1963 1281 Semelen

266 1326 332 1360 ex
379 1309 576 1358 mortali
620 1309 726 1358 viro
776 1325 1116 1374 compressam
1162 1313 1388 1361 dicentes
1437 1311 1538 1360 lovi
1579 1313 1769 1362 crimen
1801 1311 1965 1375 stupri

265 1388 568 1456 imposuisse
617 1389 858 1439 suadente
915 1390 1134 1453 Cadmo,
1199 1395 1507 1456 quapropter
1551 1391 1734 1440 iratum
1794 1391 1963 1440 lovem

267 1470 479 1519 fulmine
524 1470 805 1532 peremisse
851 1485 988 1529 eam,
1037 1486 1164 1534 quae
1210 1471 1422 1519 mentita
1455 1474 1596 1519 esset
1629 1470 1962 1519 concubitum.

264 1550 411 1601 Hanc
446 1550 509 1598 ob
547 1564 775 1598 caussam
810 1548 1051 1598 insaniam
1085 1550 1146 1598 iis
1179 1550 1385 1599 immisit
1412 1550 1637 1599 Bacchus
1650 1555 1704 1598 et
1726 1550 1851 1598 fecit
1873 1564 1960 1598 eas

265 1647 381 1681 cum
427 1630 620 1679 cunctis
667 1627 1022 1679 Thebanorum
1069 1629 1272 1679 feminis
1326 1645 1390 1679 ex
1435 1629 1665 1678 domibus
1708 1629 1757 1677 in
1810 1628 1961 1677 silvas

263 1711 552 1760 discursare
585 1724 843 1759 sacrorum
881 1725 1086 1758 suorum
1120 1710 1327 1774 insignia
1359 1715 1593 1774 gerentes
1617 1715 1771 1774 atque
1791 1710 1962 1758 mente

265 1791 522 1840 alienatas.
618 1788 904 1838 Potentiam
949 1789 1138 1838 Bacchi
1196 1797 1301 1839 tum
1354 1790 1590 1839 universa
1636 1790 1810 1838 civitas
1854 1794 1962 1838 tum

263 1870 519 1921 Pentheus
554 1885 644 1919 rex
679 1875 981 1934 experturus
1016 1875 1122 1928 est,
1168 1869 1346 1918 Cadmi
1391 1885 1581 1934 nepos,
1630 1870 1715 1934 qui
1757 1870 1820 1920 ab
1861 1869 1962 1918 aris

263 1950 568 2016 templisque
626 1950 778 1999 deum
835 1955 978 1998 arcet
1030 1965 1196 2013 neque
1253 1950 1304 1999 in
1354 1950 1480 1998 votis
1516 1949 1624 1998 eius
1657 1948 1962 1998 mentionem

262 2031 410 2081 facit:
457 2031 592 2094 quod
636 2031 679 2079 si
712 2029 900 2078 milites
935 2035 1154 2078 armatos
1189 2036 1364 2078 contra
1396 2030 1620 2079 Bacchas
1655 2029 1842 2078 ducere
1874 2043 1962 2077 vo-

261 2111 474 2173 luerint,
510 2110 742 2160 Bacchus
775 2110 955 2159 ducem
991 2126 1047 2159 se
1081 2109 1410 2160 Maenadibus
1434 2109 1705 2174 adiungens
1724 2126 1790 2160 ne
1810 2125 1961 2176 proe-

261 2190 332 2240 lia
364 2191 566 2255 quidem
603 2190 973 2239 detrectaturus
1007 2195 1103 2241 est.

397 2270 495 2320 His
531 2269 777 2334 expositis
810 2269 1069 2332 Bacchus,
1118 2275 1385 2332 antequam
1419 2269 1471 2317 in
1507 2268 1861 2318 Cithaeronem
1894 2267 1961 2316 ad

263 2351 447 2403 choros
480 2344 793 2398 Baccharum
839 2348 1014 2410 abeat,
1059 2347 1275 2397 feminas
1321 2347 1537 2412 Lydius,
1584 2347 1791 2397 comites
1826 2362 1960 2408 suas,

261 2432 406 2482 iubet
453 2433 569 2478 ante
615 2428 768 2478 aedes
813 2428 1010 2493 tyranni
1033 2429 1318 2494 ‚strepitum
1373 2433 1725 2492 tympanorum
1773 2427 1962 2490 facere,

263 2528 364 2578 quo
399 2511 572 2560 civitas
611 2509 878 2558 excitetur.
966 2508 1242 2557 Ordiuntur
1281 2508 1436 2572 igitur
1479 2524 1678 2557 carmen
1723 2508 1960 2557 mulieres

263 2607 474 2643 numero
520 2589 671 2638 ionici
719 2590 804 2653 qui
849 2607 878 2639 a
911 2590 1100 2638 maiore
1135 2589 1316 2638 dicitur
1349 2589 1565 2652 insigne,
1618 2587 1702 2652 qui
1750 2593 1831 2636 est
1875 2603 1959 2636 ac-

264 2670 608 2723 commodatus
643 2670 913 2720 bacchicae
946 2669 1199 2718 saltationi
1232 2686 1291 2718 ac
1326 2684 1449 2718 sono
1483 2661 1861 2734 tympanorum,
1907 2672 1961 2717 et

265 2753 470 2810 iubent,
522 2753 642 2800 dum
676 2750 932 2799 Bacchum
968 2749 1105 2799 dulci
1138 2750 1308 2799 labore
1341 2749 1438 2798 rite
1473 2750 1760 2811 celebrent,
1809 2747 1959 2798 dece-

264 2834 389 2883 dere
428 2833 506 2880 via
553 2831 727 2880 obvios
777 2834 830 2880 et
861 2830 1033 2879 favere
1066 2820 1264 2895 linguis.
1340 2830 1563 2892 „Beatus
1609 2834 1689 2878 est
1733 2829 1960 2893 quisquis

265 2927 450 2980 gnarus
486 2927 742 2960 sacrorum
775 2912 928 2961 vitam
961 2914 1102 2959 caste
1135 2911 1272 2976 degit
1306 2915 1357 2959 et
1391 2912 1668 2959 concitatur
1706 2913 1874 2959 mente
1906 2909 1960 2957 in

263 2993 520 3043 montibus
542 2992 848 3053 discurrenS,
884 2991 1024 3056 puris
1059 2994 1205 3040 utens
1237 2991 1629 3053 lustrationibus,
1666 2994 1719 3038 et
1750 3004 1962 3052 magnae

263 3073 441 3122 matris
475 3087 617 3120 sacra
650 3073 748 3122 rite
791 3071 988 3136 peragit
1035 3077 1086 3120 et
1117 3070 1349 3136 thyrsum
1393 3072 1609 3130 iactans,
1655 3069 1845 3118 hedera
1878 3085 1961 3118 re-

265 3154 502 3215 dimitus,
549 3152 670 3201 colit
703 3151 990 3214 Dionysum.
1059 3151 1158 3211 lte,
1205 3151 1466 3214 Bacchae,
1499 3149 1755 3200 Bromium
1788 3149 1959 3211 deum,

265 3233 349 3282 dei
382 3232 567 3294 filium,
603 3247 667 3280 ex
701 3231 934 3296 Phrygiis
969 3232 1218 3281 montibus
1265 3231 1315 3280 in
1349 3231 1594 3280 Graeciae
1627 3231 1754 3278 fines
1801 3227 1960 3278 dedu-

265 3317 469 3374 centeS,
516 3327 664 3375 quem
699 3312 951 3376 quondam
984 3316 1145 3361 mater
1177 3312 1227 3360 in
1258 3316 1431 3376 partus
1466 3310 1725 3359 doloribus
1758 3309 1859 3357 icta
1879 3306 1960 3356 Io-

264 3392 341 3441 vis
374 3391 583 3441 fulmine
617 3396 762 3442 utero
797 3392 951 3443 eiecit
984 3392 1084 3441 vita
1118 3390 1311 3457 privata
1345 3395 1397 3440 et
1432 3393 1702 3455 exceptum
1734 3386 1961 3452 Iuppiter

268 3471 453 3522 femori
513 3472 641 3523 clam
691 3471 878 3524 Iunone
919 3472 1121 3524 inclusit
1167 3471 1309 3523 fibris
1354 3484 1601 3523 consuens
1659 3467 1852 3530 aureiS,
1909 3472 1962 3518 et
