2202 3892
923 336 1052 394 279

135 483 463 536 Troianorum
499 498 683 547 pueros
718 499 812 533 una
847 484 990 533 nobis
1024 480 1315 546 conspicere
1336 482 1560 531 videmur
1593 488 1647 532 et
1680 497 1815 532 com-

131 581 330 616 munem
366 564 580 613 omnium
617 569 801 613 sortem
838 566 1146 613 miseramur.
1216 561 1396 625 Incipit
1430 563 1600 611 drama
1633 563 1694 611 ab
1728 578 1814 611 ex-

132 646 438 710 spectatione
462 660 650 701 eorum,
688 660 813 708 quae
836 645 1032 708 utrique
1055 641 1199 707 parti,
1233 657 1378 704 quam
1400 642 1631 702 diximus,
1666 658 1814 692 even-

133 731 245 777 tura
280 733 425 774 sunt:
460 741 572 773 nam
603 724 837 772 fumantia
871 740 931 772 ex
966 729 1206 771 nocturno
1224 722 1448 772 incendio
1471 727 1604 771 tecta
1630 722 1814 772 Troiae

131 806 445 870 conspiciens
482 804 684 852 Hecuba
719 809 1011 863 exterretur,
1050 808 1101 851 et
1141 801 1365 850 distribui
1403 819 1459 850 se
1494 818 1585 867 pro
1627 802 1812 868 praeda

130 885 339 934 ducibus
375 884 588 935 scientes
625 890 802 948 pavent
844 884 1095 932 mulieres.
1166 882 1430 931 Perficitur
1475 882 1655 931 deinde
1703 882 1809 931 illa-

132 982 244 1015 rum
279 981 445 1014 rerum
483 965 617 1029 prius
653 980 727 1023 ea,
768 980 893 1027 qnae
928 963 1131 1012 minoris
1167 969 1245 1011 est
1278 962 1515 1011 momenti
1549 962 1813 1027 minusque

130 1046 338 1104 misera,
390 1060 538 1109 quum
590 1045 786 1093 sortitio
839 1044 995 1108 qualis
1046 1043 1173 1092 facta
1210 1044 1271 1091 sit
1306 1042 1615 1102 ostendatur,
1664 1046 1716 1091 et
1748 1042 1811 1091 ad

130 1140 282 1175 novos
316 1124 540 1173 dominos
578 1124 883 1173 abducantur
917 1125 1127 1189 primum
1165 1124 1458 1182 Cassandra,
1493 1123 1675 1172 deinde
1709 1123 1810 1172 An-

129 1204 416 1266 dromache,
451 1204 600 1252 tertio
639 1204 746 1253 loco
781 1205 987 1254 Helena.
1043 1204 1183 1253 Hanc
1204 1203 1439 1253 dramatis
1472 1209 1662 1267 partem
1687 1203 1812 1251 mira

129 1290 237 1334 arte
283 1285 488 1334 variavit
539 1285 858 1349 distinxitque
902 1290 1076 1349 poeta,
1124 1291 1175 1333 et
1222 1283 1541 1347 amplificavit
1575 1282 1812 1348 episodiis

130 1364 222 1426 sic,
258 1371 314 1414 ut
347 1365 563 1412 universi
588 1364 710 1412 belli⁴
725 1366 984 1422 rationem,
1020 1380 1218 1413 caussas
1255 1370 1560 1427 eventusque
1590 1364 1652 1412 ob
1691 1378 1811 1412 ocu-

126 1442 203 1492 los
251 1451 486 1507 poneret,
542 1450 593 1492 et
643 1442 832 1494 fructus
879 1445 1132 1502 laborum,
1194 1445 1427 1493 virtutum
1481 1444 1812 1506 vitiorumque

127 1537 326 1584 omne8‚
361 1539 458 1572 non
492 1524 654 1572 solum
689 1541 813 1588 quos
847 1525 983 1585 victi,
1022 1525 1110 1574 sed
1147 1525 1292 1573 etiam
1330 1539 1453 1587 quos
1489 1524 1699 1571 victores
1734 1522 1812 1570 vcl

126 1603 409 1668 percipiunt
441 1604 518 1651 vel
552 1605 841 1670 percepturi
876 1610 1003 1664 sunt,
1041 1620 1470 1670 cognosceremus.
1529 1603 1620 1651 His
1649 1609 1810 1651 trans-

126 1683 250 1731 actis
285 1689 556 1747 sequuntur
590 1684 685 1745 illa,
723 1700 848 1748 quae
882 1685 1021 1748 quasi
1054 1686 1248 1733 culmen
1286 1690 1336 1732 et
1367 1684 1616 1747 fastigium
1643 1697 1813 1731 rerum

127 1762 460 1823 constituunt,
509 1780 643 1811 mors
679 1769 732 1811 et
765 1765 1032 1827 exsequiae
1066 1765 1400 1828 Astyanactis,
1438 1780 1563 1827 quae
1600 1779 1712 1811 cum
1749 1761 1814 1810 nit

129 1842 303 1890 eadem
338 1843 502 1906 gentis
537 1842 781 1890 Troianae
817 1845 1080 1891 exstinctio
1116 1851 1264 1906 atque
1298 1843 1601 1901 internecio,
1641 1842 1812 1891 incen-

129 1920 268 1969 dium
301 1923 438 1970 urbis
475 1923 708 1971 continuo
744 1924 1050 1988 adiungitur:
1101 1940 1196 1988 qua
1231 1923 1564 1986 conflagrante
1598 1922 1814 1970 feminae

130 2001 371 2049 eiulantes
406 2002 466 2049 ad
502 2018 651 2050 naves
687 2004 1055 2063 abstrahuntur,
1094 2019 1302 2052 ancorae
1338 2005 1602 2063 tolluntur,
1640 2002 1812 2050 classis

132 2081 277 2129 undis
325 2081 582 2145 ventisque
618 2084 970 2138 committitur,
1006 2100 1102 2146 quo
1137 2084 1271 2132 facto
1307 2083 1422 2148 quid
1458 2083 1695 2147 deinceps
1732 2097 1810 2130 se·

130 2165 359 2209 cuturum
395 2168 531 2209 esset
565 2165 823 2225 prooemio
859 2165 1166 2227 praedictum
1203 2168 1295 2212 est.

260 2238 478 2289 Duorum
515 2243 811 2306 populorum
849 2260 931 2292 res
968 2250 1140 2309 gestae
1174 2244 1374 2308 fataque
1399 2243 1448 2292 in
1470 2243 1566 2291 hoc
1590 2242 1814 2291 dramate

128 2319 438 2369 exhibentur.
520 2321 709 2370 Tantae
766 2325 1111 2387 magnitudinis
1176 2324 1613 2388 amplitudinisque
1669 2337 1813 2387 argu-

128 2407 349 2450 mentum
383 2402 444 2450 ad
481 2402 843 2466 simplicitatem
881 2421 1018 2466 eam,
1070 2421 1216 2468 quam
1253 2405 1389 2470 leges
1423 2404 1632 2452 traditae
1667 2417 1812 2466 prae-

128 2481 425 2541 scribebant,
458 2483 708 2532 revocavit
740 2484 1026 2549 Euripides.

258 2560 302 2610 A
337 2562 487 2609 ternis
511 2561 620 2611 fere
646 2566 897 2613 actoribus
924 2581 1179 2629 personas,
1200 2569 1448 2639 quotquot
1471 2568 1628 2624 erant,
1665 2577 1812 2625 agen·

129 2621 261 2688 tibus
296 2639 487 2688 fabulas
523 2650 714 2692 constat
748 2646 989 2694 exhibitas
1026 2661 1170 2693 esse.
1206 2646 1288 2708 qui
1316 2651 1510 2691 actores
1534 2642 1813 2691 nominibus

130 2735 160 2767 a
193 2735 396 2768 numero
431 2721 591 2771 ductis
627 2725 1089 2791 ποωταγωνιστής,
1125 2721 1608 2788 δευτεραγωνιστὴς
1634 2727 1686 2771 et
1706 2737 1814 2785 τρι-

128 2795 457 2864 ταγωνιστὴς
489 2803 873 2866 appellabantur.
941 2806 1008 2854 Et
1042 2808 1310 2871 primarum
1354 2805 1565 2869 partium
1595 2809 1814 2851 actorem

131 2896 247 2930 eum
291 2880 446 2928 fuisse
496 2884 752 2946 probabile
799 2891 905 2946 est,
956 2887 1039 2949 qui
1075 2887 1281 2934 eandem
1319 2901 1579 2949 personam
1614 2899 1705 2948 per
1739 2887 1814 2930 to-

130 2965 232 3008 tam
265 2959 482 3009 fabulam
520 2964 815 3023 sustineret,
858 2983 886 3014 a
921 2966 1113 3015 duobus
1149 2965 1349 3027 reliquis
1386 2965 1555 3029 plures
1590 2963 1670 3028 agi
1704 2978 1814 3010 mu-

90 3092 96 3099 ,
130 3041 249 3089 tatis
281 3042 499 3090 vestibus
536 3059 772 3107 personas
809 3046 977 3094 solitas
1014 3063 1153 3094 esse:
1191 3045 1324 3092 velut
1358 3045 1407 3092 in
1443 3044 1536 3091 hac
1561 3041 1815 3106 tragoedia

131 3119 371 3170 Hecubae
402 3138 663 3185 personam
702 3125 776 3183 ei,
811 3127 891 3187 qui
927 3127 1111 3191 primas
1149 3129 1344 3190 partes,
1380 3123 1655 3183 Minervae,
1691 3121 1813 3170 Cas-

134 3200 360 3262 sandrae,
397 3202 788 3261 Andromachae,
825 3205 1046 3254 Helenae
1072 3221 1310 3270 personas
1338 3205 1400 3266 ei,
1439 3205 1519 3266 qui
1555 3201 1813 3260 secundaS,

133 3278 349 3343 denique
383 3281 618 3346 Neptuni,
653 3282 907 3348 Taltliybii
943 3293 994 3334 et
1017 3285 1234 3333 Menelai
1271 3285 1335 3343 ei,
1371 3285 1455 3347 qui
1491 3285 1661 3332 tertias
1699 3296 1813 3342 age-

134 3358 234 3420 bat,
268 3360 476 3410 tributas
514 3379 626 3411 esse
660 3371 1040 3414 consentaneum
1080 3363 1243 3428 est*).
1305 3365 1545 3413 Hecubae
1577 3379 1683 3411 rem
1718 3374 1814 3407 non

195 3547 243 3601 ‘l‘)
274 3548 344 3589 Cf.
390 3550 696 3590 Hermannum
746 3549 1080 3606 Gottingensem
1126 3552 1171 3593 in
1222 3551 1517 3606 disputatione
1567 3549 1622 3590 dc
1663 3545 1814 3587 distri-

280 3617 462 3661 butione
492 3634 783 3674 personarum
809 3621 923 3663 inter
951 3622 1190 3664 histriones
1218 3637 1260 3677 p.
1294 3621 1348 3663 18
1380 3626 1422 3662 et
1450 3619 1518 3662 53.
