2124 3860
906 246 1028 303 337

249 397 396 450 Viam
460 395 642 447 deinde
701 394 874 446 salutis
925 393 1247 444 deliberando
1316 398 1559 457 quaerunt
1610 392 1826 459 Helenai„

116 485 169 531 et
211 478 497 528 Menelaus:
561 494 656 542 quo
702 477 764 526 ad
814 476 1050 537 fortiora,
1100 475 1190 522 sed
1234 473 1397 522 minus
1449 478 1554 522 tuta
1600 474 1806 524 consilia

114 559 439 628 promptiore,
474 558 556 607 illa
592 559 784 619 suadet,
823 562 878 605 ut
912 561 1163 605 mortuum
1198 570 1254 602 se
1290 554 1404 611 dici,
1439 555 1622 603 malum
1658 570 1803 604 omen

115 642 277 691 minus
310 655 506 699 verens,
543 639 757 703 patiatur
800 642 852 686 et
885 636 1085 684 simulet
1131 651 1187 683 se
1220 635 1410 684 socium
1445 634 1616 683 fuisse
1649 635 1802 699 Ulys-

116 722 185 771 sis
219 722 270 768 in
304 719 558 782 naufragio
606 719 866 781 solumque
900 731 960 763 ex
1005 714 1227 780 periculo
1278 721 1558 776 servatum,
1611 716 1690 763 cui
1726 715 1801 763 rei

115 801 270 850 fidem
316 815 430 849 esse
475 799 630 848 vestis
667 795 922 861 squalidae
956 795 1249 873 laceraeque
1282 796 1499 844 habitum
1535 795 1801 844 facturum.

115 881 308 930 Helena
350 884 515 927 autem
564 894 736 927 rasura
780 876 1071 940 capillorum
1120 882 1172 924 et
1216 876 1442 925 lamentis
1490 875 1663 941 lugens
1711 876 1800 943 de-

116 962 342 1011 functum
377 961 591 1024 petitura
625 963 704 1006 est
738 973 766 1004 a
799 963 1026 1021 tyranne,
1063 961 1120 1006 ut
1154 956 1344 1005 tumulo
1378 956 1509 1004 inani
1545 972 1674 1016 eum,
1716 956 1803 1019 qui

115 1041 346 1090 fluctibus
401 1040 467 1088 sit
532 1039 768 1098 obrutus,
831 1037 1045 1101 sepelire
1090 1038 1238 1086 liceat
1285 1043 1335 1086 et
1380 1037 1431 1085 in
1481 1037 1634 1084 altum
1686 1052 1800 1084 eve-

117 1129 225 1170 ctae
271 1120 475 1168 inferias
536 1120 587 1167 in
642 1118 791 1166 maris
837 1117 1139 1182 profundum
1188 1115 1262 1182 (id
1311 1117 1440 1166 enim
1493 1117 1799 1166 Graecorum

114 1201 267 1250 moris
303 1200 439 1263 esse)
488 1199 771 1247 demittere.
839 1197 974 1246 Nave
1019 1205 1181 1247 autem
1219 1203 1450 1261 accepta,
1496 1196 1713 1245 Menelai
1748 1202 1802 1246 et

116 1281 365 1330 sociorum
412 1276 526 1328 ‘fore
570 1278 823 1341 negotium
873 1278 1108 1326 barbaros
1142 1278 1442 1326 interficere.
1513 1277 1678 1325 Unum
1713 1292 1798 1326 re·-

114 1366 239 1421 stat,
288 1365 343 1408 ut
387 1359 457 1406 dii
504 1359 663 1406 ventis
698 1357 926 1405 secundis
963 1364 1137 1405 conata
1170 1357 1430 1406 adiuvent:
1484 1357 1654 1420 itaque
1688 1356 1799 1405 He-

112 1439 222 1488 lena
269 1438 477 1487 sublatis
523 1439 584 1487 ad
632 1438 826 1486 coelum
875 1438 1097 1486 manibus
1132 1443 1397 1501 precatur,
1446 1443 1500 1485 ut
1533 1437 1654 1486 Iuno
1690 1437 1798 1500 qui-

113 1519 228 1568 dem
262 1518 471 1567 miseros
507 1518 739 1566 adiuvare
773 1533 835 1566 ne
858 1517 1170 1582 dedignetur,
1208 1515 1376 1566 Venus
1409 1523 1573 1566 autem
1601 1517 1800 1566 tandem

112 1599 372 1662 aliquando
420 1600 638 1663 quietem
686 1598 805 1646 satis
841 1598 1028 1646 vexatis
1066 1598 1335 1658 concedat,
1384 1603 1495 1659 aut,
1533 1597 1576 1646 si
1612 1599 1799 1646 exstin-

112 1696 265 1743 guere
311 1679 480 1742 utique
527 1678 674 1739 velit,
728 1681 865 1725 certe
908 1679 956 1725 in
1004 1678 1167 1741 patria
1211 1683 1343 1725 terra
1390 1677 1515 1725 mori
1562 1678 1800 1742 patiatur3

115 1758 247 1824 quod
289 1759 333 1806 si
378 1759 638 1806 fraudibus
674 1762 723 1805 et
759 1758 976 1806 cruentis
1013 1757 1264 1806 illecebris
1302 1757 1576 1816 abstineat,
1612 1758 1801 1807 nullum

114 1839 264 1886 deum
315 1854 472 1901 aeque
523 1838 591 1885 ait
651 1837 941 1886 mortalibus
1004 1853 1204 1885 suavem
1256 1837 1626 1900 iucundumque
1675 1838 1801 1885 fore.

115 1918 208 1966 His
256 1918 401 1966 dictis
450 1917 640 1965 Helena
684 1918 882 1980 quidem
929 1917 978 1965 in
1027 1918 1226 1965 domum
1274 1917 1377 1965 abit
1411 1917 1473 1964 ad
1506 1918 1692 1966 luctum
1729 1917 1798 1966 si-

115 1997 355 2047 mulatum
392 2013 571 2060 corpus
607 1997 968 2061 compositura,
1007 1996 1264 2045 Menelaus
1299 2001 1481 2056 autem,
1516 2002 1572 2045 ut
1606 2015 1633 2046 a
1669 1999 1714 2046 vi
1750 2003 1802 2046 et

115 2077 304 2127 insidiis
341 2078 474 2141 regis
511 2083 648 2126 tutus
686 2079 767 2139 sit,
802 2078 851 2125 in
884 2082 1204 2126 monumento
1240 2077 1457 2141 sepulcri
1496 2079 1735 2127 considet.

247 2157 548 2206 Perventum
584 2160 662 2206 est
696 2157 756 2204 ad
793 2158 1160 2220 catastrophen,
1198 2174 1293 2221 qua
1328 2173 1389 2205 ex
1421 2159 1603 2206 misero
1633 2175 1802 2207 rerum

120 2243 251 2288 statu
286 2238 338 2286 in
376 2237 560 2286 laetum
595 2239 881 2299 tragoedia,
931 2242 986 2286 ut
1031 2237 1155 2285 aliae
1200 2238 1438 2302 plurimae
1474 2254 1568 2286 non
1602 2238 1803 2304 Euripi-

115 2319 194 2368 dis
230 2318 414 2379 solius,
462 2316 551 2365 sed
597 2323 820 2366 veterum
852 2317 1155 2381 «tragicorum
1192 2318 1434 2377 omnium,
1487 2320 1803 2369 convertitur.

115 2398 379 2464 Dignitatis
437 2398 811 2446 detrimentum*
846 2397 1034 2446 nullum
1092 2396 1351 2446 Menelaus
1409 2404 1556 2462 atque
1611 2399 1804 2448 Helena

115 2479 305 2528 faciunt
348 2477 461 2526 dolo
510 2479 779 2542 potentiam
827 2478 1039 2545 hominis
1087 2478 1259 2525 iniusti
1310 2484 1361 2527 et
1409 2479 1660 2527 libidinosi
1697 2479 1802 2526 elu-

117 2559 308 2617 dentes,
343 2574 502 2622 neque
535 2559 820 2620 tragoediae
855 2558 1128 2606 sublimitas
1153 2558 1357 2618 tollitur,
1394 2574 1504 2605 cum
1532 2558 1802 2608 ostendun-

120 2645 203 2687 tur
236 2639 459 2686 homines
495 2653 556 2685 ex
589 2639 729 2686 malis
765 2639 815 2686 in
863 2638 1072 2685 salutem
1116 2643 1223 2685 tum
1259 2640 1463 2686 deorum
1502 2639 1806 2701 benignitate

118 2725 224 2767 tum
273 2734 360 2766 sua
406 2717 590 2765 virtute
633 2718 889 2767 vindicati.·
954 2717 1099 2765 Nulla
1147 2719 1275 2767 enim
1328 2718 1508 2767 talibus
1546 2720 1804 2772 eventibus

119 2798 293 2846 levitas
328 2798 486 2859 inest,
521 2797 609 2845 sed
644 2798 791 2855 talia,
827 2798 1018 2862 qualia,
1071 2802 1122 2845 ut
1156 2798 1435 2861 insperata,
1471 2800 1804 2860 admiremur3

120 2878 348 2927 sublimia
383 2883 547 2926 autem
583 2883 697 2926 sunt
730 2894 1055 2941 quaecunque
1090 2878 1321 2942 opinione
1354 2879 1543 2928 maiora
1586 2880 1804 2928 animum

119 2958 413 3022 percellunt,
450 2972 546 3005 non
580 2957 739 3006 minus
773 2957 903 3007 laeta
938 2975 1085 3023 quam
1121 2959 1318 3007 misera.

250 3036 400 3086 Nullo
447 3036 586 3084 chori
636 3037 854 3087 carmine
900 3041 1054 3088 series
1102 3039 1347 3088 actionum
1387 3040 1697 3104 longissima,
1747 3058 1807 3090 ex

121 3133 217 3182 quo
264 3118 480 3182 primum
525 3118 574 3164 in
621 3122 843 3166 mutuum
881 3124 1199 3183 conspectum
1235 3120 1426 3169 Helena
1462 3126 1513 3169 et
1545 3120 1806 3170 Menelaus

121 3197 372 3245 redierunt
418 3213 575 3261 usque
621 3196 682 3244 ad
717 3197 767 3246 id
803 3204 1026 3264 tempus,
1073 3216 1169 3263 quo
1212 3201 1336 3249 viam
1387 3201 1561 3250 salutis
1596 3200 1808 3265 ingressi

123 3282 263 3337 sunt,
313 3278 688 3342 interpellatur:
742 3279 1013 3344 eademque
1049 3280 1299 3328 actionum
1337 3283 1635 3331 continuatio
1672 3281 1810 3344 lphi-

123 3356 296 3420 geniae
331 3358 459 3406 inest
495 3363 547 3406 et
582 3361 855 3406 ceterarum
898 3359 1178 3409 fabularum
1212 3361 1522 3423 quibusdam.
1592 3362 1690 3409 lam
1726 3375 1810 3407 ve-

124 3436 408 3487 nustissimo
459 3437 674 3487 carmine
723 3438 854 3488 mala
888 3456 947 3490 ex
989 3440 1224 3490 mentium
1261 3457 1432 3492 errore
1467 3449 1518 3491 et
1551 3443 1672 3490 ficta
1706 3439 1811 3488 He-

189 3513 250 3566 T.
285 3516 344 3565 11.
1412 3524 1478 3571 22
