2170 3866
975 267 1101 328 505

327 413 363 467 ἆ
396 414 640 478 Μακέτις
674 426 738 468 σε
763 413 989 469 κέκευθε
1021 414 1204 483 τάφου
1229 414 1405 477 κόνις·
1450 411 1584 466 ἄλλα
1618 407 1894 480 ammonis

402 495 540 549 Ζανὶ
573 496 866 565 κεραυνείῳ
903 500 1065 565 γαῖαν
1098 496 1433 564 α’πηχθίασας
1444 496 1527 561 '‘)·

325 578 438 646 τρὶς
470 577 574 646 γὰρ
610 576 953 643 ἐπαστροὲψας
986 578 1259 645 Εὐριπίδῃ
1295 575 1352 629 ἐκ
1386 574 1522 637 Διὸς
1561 573 1727 644 αὒθὴρ

308 687 312 690 ·
393 659 580 729 ἥγνισε
611 659 711 712 τὰν
743 659 956 712 θνατὰν
988 659 1224 728 σήματος
1258 657 1514 724 ἱστορίαν.

193 741 330 792 Idem
367 744 465 792 alio
502 744 858 808 epigrammate
891 743 1246 792 confirmatur:

325 822 533 889 Σαρκες
568 821 615 873 δ’
653 819 953 873 attenuabat.
985 821 1158 888 πυρὸς
1193 819 1381 887 ριπῇσι
1414 816 1689 886 τρυφηλαὶ

390 906 682 971 ληφθεῖσαι
715 902 904 969 νοτίην
940 895 1088 954 ὦσαν
1124 901 1502 967 ἐπαιθόμεναι·

323 989 507 1051 μοῦνα
542 984 589 1037 δ’
625 985 794 1036 ἔνεστι
825 985 980 1054 τάφῳ
1014 983 1405 1051 πολυδακρύτῳ
1437 979 1594 1034 ὀστέα
1627 978 1807 1047 κωφοί,

393 1064 485 1119 καὶ
517 1066 686 1127 πόνος
721 1065 974 1127 εἰνοδίοις
1006 1066 1135 1133 τῇδε
1167 1062 1597 1131 παρερχομένοις.

192 1145 292 1196 Hic
324 1147 514 1209 honos,
563 1155 696 1198 teste
730 1149 1027 1210 Plutarcho,
1077 1154 1279 1214 praeter
1310 1148 1597 1213 Lycurgum
1643 1143 1778 1193 haud
1813 1147 1892 1194 te-

191 1243 331 1276 mere
377 1230 583 1293 contigit
633 1229 863 1293 cuiquam
912 1229 1156 1278 clarorum
1200 1229 1421 1277 virorum
1468 1227 1575 1288 alii,
1621 1225 1709 1288 „id
1757 1223 1893 1289 quod

194 1323 426 1372 magnum
485 1310 710 1374 suppetit
761 1315 1108 1372 argumentum
1164 1325 1222 1357 ac
1270 1307 1607 1356 testimonium
1655 1305 1893 1354 studiosis

192 1386 486 1454 Euripidis,
535 1389 669 1452 quod
712 1388 807 1436 soli
843 1389 889 1436 ei
923 1397 1040 1453 post
1073 1388 1178 1437 fata
1212 1390 1375 1438 evenit
1412 1386 1720 1451 contigitque
1751 1385 1894 1447 illud,

193 1467 324 1532 quod
361 1468 454 1517 diis
488 1469 775 1534 gratissimo
812 1474 865 1517 et
898 1470 1209 1518 sanctissimo
1243 1470 1350 1517 viro
1384 1473 1498 1515 ante
1533 1467 1817 1516 evenerat.”

328 1547 427 1597 Per
451 1549 613 1601 omnia
640 1549 840 1597 saecula
866 1550 1000 1597 hunc
1037 1549 1256 1614 sepulcri
1291 1549 1532 1596 honorem
1570 1547 1780 1598 durasse
1813 1553 1893 1597 te-

193 1627 454 1691 stimonia,
490 1644 616 1692 quae
652 1628 824 1690 attuli,
860 1629 1140 1690 declarant,
1176 1645 1269 1678 nec
1305 1630 1441 1692 prius
1475 1627 1762 1678 imminutus
1797 1637 1894 1691 ent,

195 1723 342 1772 quam
368 1709 612 1757 exstincta
637 1708 945 1758 Graecarum
974 1710 1248 1759 litterarum
1278 1709 1433 1772 gioria
1459 1709 1654 1758 barbari
1677 1714 1730 1757 et
1752 1709 1892 1759 illum

194 1788 391 1851 locum,
427 1790 477 1836 in
513 1804 612 1853 quo
648 1789 774 1837 situs
811 1796 944 1850 erat,
982 1795 1034 1838 et
1066 1791 1350 1839 universam
1389 1789 1646 1853 Euripidis
1680 1789 1893 1854 patriam

195 1873 515 1934 occuparent.
561 1867 748 1917 Evenit
771 1869 920 1933 igitur
942 1870 1073 1935 quod
1094 1870 1417 1932 Macedones,
1443 1869 1730 1934 gloriantes,
1757 1870 1893 1935 quod

193 1949 242 1998 in
278 1949 498 2013 ipsorum
550 1954 686 1997 terra
719 1950 950 2015 egregius
983 1956 1134 2016 poeta
1168 1950 1395 2015 sepultus
1431 1955 1598 2009 esset,
1645 1950 1893 2016 epigram-

195 2034 328 2078 mate
362 2029 742 2095 praedixerant:

330 2108 399 2160 οὐ
432 2109 532 2161 σόν
565 2125 625 2174 γε
658 2106 841 2176 μνῆμ’,
875 2108 1196 2176 Εὐριπίδης,
1230 2107 1406 2162 ὄλοιτό
1440 2123 1568 2161 που.
1627 2126 1629 2129 ·

196 2188 277 2242 Cf.
317 2189 450 2240 Gen.
485 2190 598 2254 XV,
634 2192 716 2240 20.
786 2191 957 2253 Quid?
1003 2191 1138 2256 quod
1174 2191 1226 2242 in
1276 2191 1459 2242 Daciae
1505 2192 1686 2242 finibus
1719 2191 1894 2242 titulus

194 2271 478 2337 cenotaphii
514 2272 598 2319 hic
633 2276 710 2319 est
743 2279 1006 2336 repertus:

325 2350 526 2413 „Siste,
563 2350 689 2418 quid
725 2352 837 2418 ipse
871 2352 1044 2414 velim,
1077 2353 1267 2419 rogim,
1304 2369 1567 2420 cognosce,
1601 2353 1809 2403 viator:

391 2431 696 2498 Euripides,
732 2433 938 2498 tragico
974 2435 1208 2483 carmine
1243 2434 1417 2484 clarus
1451 2434 1615 2495 homv,

329 2510 439 2562 Hic
473 2514 658 2562 iaceo.-
695 2512 839 2561 istud
875 2519 1007 2574 erat,
1043 2513 1180 2581 quod
1212 2519 1268 2563 te
1302 2530 1548 2579 cognosse
1581 2513 1831 2566 volebam.

394 2592 546 2658 Ergo
582 2592 674 2641 diu
695 2594 860 2659 felix,
900 2610 1022 2643 care
1055 2586 1245 2655 υἰαίἄ,
1281 2595 1436 2643 abi!”

195 2671 506 2736 Cenotaphio
541 2674 877 2723 Athenienses
926 2689 1125 2738 quoque
1159 2674 1333 2723 nuntio
1366 2675 1545 2723 mortis
1578 2680 1786 2740 accepto
1821 2676 1894 2726 ci-

190 2769 304 2802 vem
339 2753 529 2819 optime
561 2755 795 2803 meritum
828 2755 1164 2815 honorarunt3
1202 2754 1269 2806 cf.
1298 2754 1505 2805 Pausan.
1539 2755 1700 2815 Att.1,
1730 2758 1778 2805 2.
1807 2757 1893 2806 vit.

193 2831 374 2882 Thom.
412 2832 545 2897 Mag.
620 2834 698 2882 Ex
730 2835 911 2884 Piraeo
964 2835 1095 2883 enim
1145 2835 1196 2884 iu
1241 2837 1415 2884 urbem
1461 2837 1894 2899 proficiscentibus

193 2913 303 2962 loco
326 2913 655 2962 celeberrimo
681 2915 1113 2964 celeberrimorum
1140 2921 1417 2979 poetarum,
1452 2916 1718 2966 Menandri
1744 2923 1895 2981 atque

193 2994 467 3058 Euripidis,
498 2994 637 3042 obvia
673 2999 815 3043 erant
847 3002 1180 3058 monumenta,
1218 3012 1427 3059 quorum
1460 2997 1510 3045 iu
1543 2997 1701 3047 altero
1722 2999 1894 3048 titulus

190 3090 221 3124 a
252 3073 521 3123 Timotheo
556 3074 756 3123 Milesio
791 3076 1006 3141 scriptus
1039 3077 1182 3126 hicce
1217 3076 1314 3127 fuit
1328 3076 1439 3139 **)=

251 3271 303 3328 ἡ’)
331 3240 390 3314 ld
407 3273 496 3312 est:
527 3272 676 3311 terrae
706 3282 816 3311 onus
844 3269 1102 3327 deposuisti.

225 3341 303 3397 W)
332 3340 426 3384 Alii
465 3339 748 3395 Thucydidis
790 3355 887 3384 esse
928 3342 1157 3393 dixerunt3
1202 3342 1259 3385 cf.
1301 3343 1470 3386 Thom.
1506 3341 1689 3399 Magist.
1731 3340 1810 3383 vit.
1849 3344 1895 3383 et

335 3411 469 3526 grith
501 3411 666 3525 ἳεαὲιὲ.
708 3409 754 3454 ἰιι
798 3411 969 3457 diurnis
1008 3414 1150 3458 schol.
1181 3426 1222 3457 a.
1254 3412 1379 3457 1828.
1410 3415 1460 3458 Ρ.
1492 3414 1550 3458 ΙΙ.·
1590 3426 1632 3456 n.
1665 3409 1734 3454 15.
1764 3409 1890 3454 1829.
