2150 3866
870 241 991 298 227

74 398 263 446 rentur.
330 391 607 456 Utriusque
655 389 852 454 generis
887 388 1114 455 exempla
1147 386 1538 437 luculentissima
1584 388 1635 437 in
1678 388 1754 438 fa-

72 475 202 526 bulis
233 473 590 535 Phaethontis,
626 469 860 520 Herculis
896 474 949 518 et
974 469 1265 518 Cressarum
1300 467 1755 519 demonstravimus.

202 553 478 604 Homerum
512 554 702 618 ipsum,
749 551 794 600 si
837 549 1091 615 Euripidis
1138 553 1304 598 aetate
1347 548 1584 610 vixisset,
1633 551 1756 599 scri-

71 641 275 703 pturum
308 635 382 684 sic
416 639 472 684 ut
503 633 814 698 Euripidem,
847 645 946 679 non
978 635 1035 678 ut
1063 628 1396 694 Sophoclem,
1435 627 1592 678 fuisse
1625 630 1756 680 arbi-

71 721 198 766 tror.
266 715 391 765 Nam
426 714 640 779 lecythis
673 714 782 777 ipse
815 726 1011 775 quoque
1044 710 1306 769 abstinuit,
1353 709 1563 758 naturali
1597 713 1758 760 nitore

71 800 350 845 contentus,
417 794 590 844 Solent
615 798 780 842 autem
815 791 965 839 verba
998 790 1109 839 fere
1143 805 1256 839 cum
1287 790 1456 850 rebuS,
1490 795 1760 856 propterea

74 876 210 941 quod
255 875 413 924 altera
459 889 521 923 ex
564 872 732 922 alteris
779 871 1026 936 pendent,
1079 872 1382 936 conspirare.
1461 871 1616 936 Atqui
1663 887 1761 921 non

74 956 225 1018 facta,
259 955 350 1005 sed
384 959 499 1003 nata
533 957 611 1002 est
644 952 855 1001 Homeri
888 951 1046 1000 oratio
1082 949 1154 1014 (id
1191 952 1323 1015 quod
1366 950 1579 1000 Crantor
1611 951 1760 1001 intel-

73 1036 226 1097 lexit,
274 1035 432 1085 solum
466 1033 758 1098 Euripidem
810 1032 870 1080 ab
917 1032 1013 1080 hac
1045 1036 1189 1096 parte
1224 1046 1336 1079 cum
1373 1047 1433 1080 eo
1469 1047 1761 1096 comparan-

74 1117 192 1166 dum
235 1129 352 1165 esse
396 1114 620 1178 dicens):
668 1113 752 1177 qui
784 1112 938 1178 igitur
970 1113 1196 1160 homines
1228 1113 1457 1161 convenit
1491 1113 1551 1161 ab
1587 1128 1648 1160 eo
1681 1112 1762 1160 fu-

74 1202 187 1245 cata
233 1194 569 1260 pulcritudine
613 1194 773 1259 pictos
819 1198 873 1241 et
920 1191 1154 1241 simulato
1201 1190 1470 1255 splendore
1503 1192 1762 1257 praeditos

73 1291 190 1324 esse
222 1275 437 1339 putare?
470 1274 722 1335 Quosnam
758 1276 921 1320 autern
957 1275 1158 1335 praeter
1184 1286 1289 1330 eoS‚
1328 1287 1450 1334 quos
1478 1273 1527 1321 in
1554 1273 1764 1321 veritate

73 1349 283 1416 videret,
314 1353 597 1401 imitaretur
628 1351 871 1411 homineS,
909 1350 993 1415 qui
1029 1349 1254 1414 priorum
1289 1356 1564 1414 poetarum,
1601 1352 1645 1399 si
1680 1351 1766 1416 qui

74 1437 240 1495 erant,
289 1448 389 1483 non
424 1434 498 1481 sic
530 1437 792 1481 teneretur
826 1431 1175 1490 admiratione,
1210 1435 1268 1479 ut
1302 1446 1330 1478 a
1364 1446 1559 1480 morum
1593 1431 1765 1495 imagi-

72 1514 216 1565 nibus
240 1514 436 1562 traditis
470 1513 712 1562 recedere
745 1526 843 1559 non
878 1510 1122 1560 auderet?
1156 1508 1332 1574 Neque
1367 1511 1499 1559 enim
1525 1512 1661 1560 idem
1688 1516 1766 1560 est

73 1610 219 1644 veros
253 1609 421 1644 mores
457 1598 608 1656 atque
640 1591 869 1655 vulgares
905 1591 985 1639 vel
1019 1589 1252 1652 aequales
1295 1590 1506 1652 imitari,
1556 1606 1767 1655 quorum

74 1675 168 1724 hos
203 1674 470 1739 Euripides
503 1687 602 1720 non
636 1672 799 1720 minus
835 1685 983 1734 quam
1017 1669 1270 1717 Homerus
1304 1669 1621 1730 fastidiebat3
1667 1671 1766 1719 hoc

74 1755 263 1817 differt,
297 1755 431 1818 quod
460 1752 697 1801 meliores
731 1765 896 1799 mores
930 1749 1015 1797 hic
1047 1747 1299 1809 heroibus,
1335 1749 1420 1797 ille
1451 1749 1767 1815 philosophis

74 1834 269 1893 tribuit,
303 1833 541 1882 virtutem
575 1831 658 1879 hic
691 1831 743 1879 in
778 1830 1018 1894 corporis,
1052 1827 1138 1876 ille
1172 1829 1223 1877 in
1257 1830 1439 1878 mentis
1471 1830 1654 1879 viribus
1680 1830 1767 1879 ha-

75 1914 236 1963 bitare
267 1904 516 1962 iudicavit.
584 1910 730 1974 Quod
766 1911 810 1959 si
845 1907 1198 1973 contempleris
1234 1909 1624 1974 magnitudinem
1660 1909 1765 1958 ani-

76 2009 302 2055 morum,
348 2009 444 2058 qua
477 2008 560 2041 res
594 1993 835 2040 humanas
869 2005 1111 2055 personae
1145 1988 1404 2053 Euripidis
1438 1991 1766 2055 praestantis-

75 2073 232 2122 simae
267 2087 493 2138 quaeque
526 2072 875 2131 contemnunt,
925 2071 969 2118 si
1017 2068 1297 2118 recorderis
1341 2069 1492 2118 divini
1526 2072 1767 2120 mentium

73 2152 281 2214 ardoris,
318 2168 416 2216 quo
445 2154 758 2217 egregiorum
784 2151 991 2199 eaedem
1015 2150 1290 2198 facinorum
1316 2150 1523 2215 gloriam
1551 2166 1766 2214 sequun-

73 2239 174 2293 tur,
223 2249 372 2296 quum
406 2233 601 2295 impetu
635 2229 851 2294 quodam
892 2234 945 2278 et
979 2230 1146 2278 calore
1181 2230 1414 2278 incitatae
1449 2245 1589 2279 suam
1624 2233 1768 2297 ipsae

72 2318 298 2363 naturam
346 2312 626 2371 vincentes,
677 2310 873 2358 omissis
911 2325 1236 2374 quaecunque
1272 2309 1435 2358 dulcia
1471 2316 1524 2359 et
1556 2312 1770 2360 iucunda

74 2393 372 2449 habuerunt,
407 2390 669 2440 durissima
703 2406 927 2455 quaeque
962 2397 1141 2455 sponte
1182 2395 1233 2439 et
1269 2406 1384 2439 cum
1417 2390 1606 2438 laetitia
1655 2391 1769 2439 sub-

78 2478 224 2534 eunt,
270 2473 414 2534 hanc,
450 2472 668 2535 inquam,
701 2486 798 2520 non
831 2471 1041 2519 heroum
1079 2476 1300 2533 tantum,
1338 2471 1429 2518 sed
1464 2471 1614 2519 etiam
1649 2471 1768 2518 ado-

76 2552 397 2614 lescentium,
432 2551 756 2610 feminarum,
804 2551 1111 2616 puellarum,
1159 2551 1502 2599 mendicorum
1537 2549 1768 2613 denique,

75 2637 136 2681 ut
167 2631 276 2680 vult
307 2631 696 2696 AristophaneS,
743 2631 977 2680 virtutem
1023 2646 1175 2696 supra
1221 2631 1477 2695 vulgarem
1512 2629 1770 2677 hominum

77 2712 354 2777 opinionem
402 2712 564 2783 longe·
591 2711 771 2759 elatam
820 2712 862 2760 si
913 2711 1280 2771 considerabiS,
1342 2711 1465 2758 illud
1512 2701 1618 2759 οἷοι
1665 2711 1772 2759 νῦν

77 2790 263 2857 βροτοί
296 2789 429 2841 εἰσιν
476 2791 527 2840 in
560 2790 838 2840 Homerum
884 2807 982 2841 non
1017 2792 1175 2858 magis
1211 2807 1356 2856 quam
1390 2791 1440 2839 in
1474 2789 1770 2854 Euripidem

77 2858 342 2922 convenire
373 2871 635 2936 intelliges.

207 2952 499 3015 Quicunque
554 2950 606 2999 in
657 2965 947 3016 quocunque
991 2951 1194 3015 negotio
1244 2966 1446 3014 operam
1502 2966 1642 2998 suam
1687 2949 1768 3011 iis,

77 3032 368 3097 quibuscum
402 3031 622 3090 vixisset,
659 3032 1085 3080 accommodasset
1118 3036 1169 3079 et
1203 3031 1267 3079 ad
1301 3030 1606 3078 adiuvandos
1637 3029 1770 3078 cives

76 3112 155 3161 vel
188 3100 388 3176 gentem
421 3127 559 3160 suam
596 3109 861 3173 valuisset,
897 3127 1010 3160 eum
1047 3111 1293 3160 Goethius
1329 3110 1558 3158 omnibus
1594 3123 1769 3158 saecu-

77 3191 140 3240 lis
174 3191 484 3240 commodum
519 3198 571 3240 et
604 3206 721 3239 vere
753 3189 1086 3240 immortalem
1123 3207 1236 3240 esse
1272 3190 1479 3251 censuit,
1523 3205 1619 3253 qua
1654 3203 1768 3237 sen-

77 3270 237 3320 tentia
281 3271 364 3319 vix
409 3271 508 3319 ulla
551 3270 711 3319 verior
757 3286 971 3333 unquam
1015 3275 1100 3319 aut
1143 3271 1313 3320 utilior
1359 3270 1620 3333 proposita
1671 3271 1766 3315 est.

77 3350 210 3400 Huic
243 3355 411 3400 autem
443 3352 518 3399 rei
552 3349 662 3414 quis
698 3366 911 3412 unquam
934 3355 1212 3416 poetarum,
1247 3354 1447 3414 praeter
1471 3349 1768 3408 Homerum,

80 3428 335 3480 efficacius
369 3446 574 3496 operam
606 3445 750 3493 quam
781 3429 1048 3495 Euripides
1083 3428 1365 3494 impendit?
1415 3427 1554 3477 cuius
1588 3429 1766 3490 quanta

1325 3509 1388 3556 15
