2170 3848
994 263 1115 321 137

225 429 312 466 sus
343 427 578 464 revocare
610 416 760 478 atque
791 411 938 461 huius
972 409 1175 461 effectui
1207 423 1432 458 asserere
1465 407 1624 458 conati
1658 411 1771 458 sunt
1802 406 1888 456 fla-

224 495 360 560 gitia,
395 509 522 558 quae
557 509 619 543 ex
666 497 870 542 naturae
914 491 1158 540 humanae
1204 489 1552 553 depravatione
1597 488 1732 537 nasci
1780 503 1890 536 sae-

225 574 395 624 culum
438 579 578 623 recte
611 573 707 622 sibi
739 575 1087 637 persuaserat,
1118 584 1215 618 non
1247 569 1434 629 minus,
1468 584 1613 632 quam
1644 569 1772 617 inter
1803 583 1893 617 no-

226 658 411 704 strates
444 652 721 702 Miillnerus
754 656 807 700 et
841 651 1235 714 GrillparzeruS‚
1271 654 1501 696 errarunt
1534 663 1696 711 neque
1731 647 1892 713 digna,

228 749 354 798 quae
386 733 603 798 posteris
636 732 965 791 traderentur,
1001 745 1154 794 opera
1187 733 1585 791 composuerunt.

360 814 438 863 Ad
487 813 762 861 libertatem
809 810 942 859 enim
985 808 1161 874 agendi
1207 806 1553 870 sentiendique
1586 822 1648 855 ex
1688 807 1893 856 vinculis

228 908 422 942 morum
455 891 748 941 traditorum
782 889 943 938 tendit
974 889 1171 954 generis
1204 887 1403 936 humani
1433 886 1660 950 cognitio.
1729 885 1899 951 Itaque

228 987 326 1021 non
377 971 473 1020 iam
513 970 673 1018 fatum
717 974 948 1034 tanquam
997 968 1344 1018 necessitatem
1396 983 1571 1016 sensus
1621 967 1898 1030 mentisque

227 1054 483 1114 expertem
517 1050 797 1110 horremuS,
832 1050 922 1099 sed
954 1049 1005 1098 in
1039 1049 1122 1098 dei
1156 1048 1326 1113 optimi
1358 1046 1557 1096 maximi
1590 1045 1901 1111 providentia

227 1129 603 1193 acquiescimus.
671 1129 793 1179 lte-m
828 1146 890 1179 ex
935 1129 1098 1195 legum
1134 1129 1397 1178 severitate
1435 1126 1624 1174 Christi
1656 1126 1900 1176 beneficio

227 1209 462 1259 vindicati
497 1226 693 1271 sumus,
736 1226 829 1276 pro
862 1210 1184 1275 religionibus
1219 1207 1398 1264 fidem,
1446 1222 1538 1271 pro
1575 1207 1899 1267 caeremoniis

229 1290 538 1340 sanctitatem
552 1290 718 1352 animi,
740 1305 830 1355 pro
857 1291 1110 1339 sacrificiis
1136 1287 1505 1355 poenitentiam,
1531 1302 1621 1350 pro
1648 1287 1768 1335 iuris
1784 1303 1900 1336 con-

228 1370 451 1419 tentione
482 1371 693 1436 gratiam
728 1375 780 1419 et
813 1371 1049 1435 pietatem
1084 1366 1493 1425 commendantiS‚
1528 1382 1688 1430 neque
1706 1367 1901 1431 legibus

229 1449 428 1515 scriptis
461 1450 685 1499 homines
728 1451 791 1499 ad
825 1451 1127 1501 observanda
1161 1466 1250 1499 sua
1283 1451 1548 1513 praecepta
1593 1448 1902 1511 obstringen-

228 1528 327 1586 tis,
378 1529 469 1578 sed
504 1545 673 1580 amore
707 1547 928 1581 amorem
974 1532 1068 1580 sibi
1114 1528 1417 1581 conciliantis
1462 1531 1514 1576 et
1566 1528 1642 1577 sui
1688 1528 1903 1592 exempli

229 1607 450 1657 imitandi
485 1609 701 1659 studium
737 1612 1013 1661 excitantis,

358 1687 480 1738 Inde
510 1691 797 1753 gravissima
829 1698 943 1740 nata
972 1697 1051 1741 est
1073 1692 1348 1741 studiorum
1373 1689 1710 1739 commutatio.
1749 1688 1902 1753 Spre-

229 1768 294 1817 tis
327 1769 648 1832 corporibus,
697 1787 822 1834 quae
856 1771 1082 1820 locorum
1114 1777 1492 1834 temporumque
1525 1769 1707 1818 finibus
1743 1770 1900 1817 conti-

230 1852 465 1897 nerentur
498 1850 885 1914 angustissimis,
930 1851 978 1899 in
1014 1852 1287 1900 animorum
1321 1851 1368 1897 vi
1401 1849 1591 1911 divina,
1638 1849 1784 1899 nullis
1819 1866 1906 1898 re-

233 1942 343 1976 rum
386 1928 613 1978 terminis
666 1932 992 1979 coercitorum
1040 1939 1091 1980 et
1139 1946 1230 1996 per
1275 1929 1466 1977 infinita
1513 1930 1674 1993 spatia
1715 1946 1906 1979 summa

232 2007 475 2056 sentiendi
507 2009 850 2075 cogitandique
882 2010 1114 2060 libertate
1148 2010 1469 2073 evagantium,
1506 2025 1652 2058 omne
1683 2027 1906 2060 momen-

230 2088 487 2162 tum-poni
521 2095 753 2154 coeptum
787 2095 898 2151 est3
933 2106 1097 2156 neque
1129 2091 1227 2139 iam
1260 2092 1309 2140 in
1342 2089 1548 2154 agendo,
1585 2091 1676 2139 sed
1710 2090 1758 2139 in
1792 2106 1906 2140 sen-

229 2167 400 2216 tiendo
434 2168 647 2234 dignitas
683 2173 760 2219 est
792 2170 1034 2220 humanae
1067 2177 1270 2220 naturae
1304 2171 1580 2220 consistere
1614 2171 1729 2219 visa.
1776 2170 1908 2221 Huic

232 2248 529 2296 contrariam
562 2250 690 2298 vitae
723 2252 965 2300 rationem
994 2252 1327 2317 sequebantur
1349 2251 1551 2314 antiqui,
1583 2250 1746 2300 iudice
1774 2250 1908 2301 Goe-

231 2327 367 2376 thio:
446 2330 622 2392 „Quae
679 2332 975 2395 gerebantur
1031 2333 1137 2382 sola
1195 2332 1361 2397 magni
1419 2329 1693 2392 faciebant,
1757 2348 1908 2396 quum

232 2422 324 2457 nos
369 2413 569 2472 praeter
617 2427 708 2470 ea,
757 2429 882 2476 quae
928 2414 1200 2479 cogitantur
1234 2428 1293 2460 ac
1326 2411 1635 2473 sentiuntur,
1681 2412 1803 2460 nulli
1837 2413 1911 2461 rei

233 2488 442 2537 multum
486 2491 707 2540 tribuere
750 2493 1023 2543 videamur.
1056 2520 1123 2530 —·
1189 2493 1373 2542 Omnes
1418 2492 1642 2557 proxima
1686 2508 1910 2556 quaeque

235 2574 288 2618 et
319 2584 433 2617 vera
467 2572 802 2634 sequebantur
835 2573 988 2632 adeo,
1035 2579 1091 2622 ut
1142 2574 1293 2622 etiam
1328 2589 1454 2636 qnae
1489 2571 1781 2638 cogitatione
1814 2573 1909 2622 fin-

234 2654 436 2711 gerent,
482 2651 676 2700 ossibus
711 2669 769 2701 ac
811 2654 1042 2702 medullis
1086 2655 1315 2718 praedita
1349 2658 1578 2718 putarent
1594 2649 1697 2715 *).’'
1768 2652 1908 2702 Haec

234 2728 320 2777 ille
343 2729 626 2791 verissima3
662 2748 754 2781 nec
789 2734 951 2782 minus
985 2735 1173 2784 haecce
1210 2733 1463 2798 probanda
1498 2739 1639 2781 sunt:
1687 2734 1909 2797 ·,‚Quum

234 2810 557 2871 recentiores,
593 2813 831 2877 quidquid
864 2815 1192 2874 meditantur,
1227 2815 1275 2862 in
1308 2813 1493 2862 infinita
1528 2812 1779 2876 ferantur,
1814 2830 1910 2880 po-

236 2893 453 2953 stremo,
505 2891 547 2939 si
580 2892 857 2956 contingat,
906 2895 954 2943 in
991 2899 1253 2958 angustum
1288 2893 1500 2956 aliquem
1534 2893 1698 2942 locum
1733 2910 1910 2944 rever-

236 2970 365 3030 suri,
422 2976 618 3020 veteres
662 2973 769 3022 sine
813 2975 1097 3038 ambagibus
1153 2974 1318 3023 statim
1367 2973 1497 3022 intra
1544 2990 1776 3023 amoenos
1822 2991 1907 3024 ve-

235 3056 489 3100 nustatum
524 3067 691 3100 rerum
724 3053 848 3103 fines
884 3056 1210 3104 consistentes
1245 3054 1439 3119 integra
1473 3053 1729 3119 voluptate
1762 3060 1908 3119 atque

292 3188 343 3244 *)
375 3191 521 3243 ‚,Das‚
562 3203 656 3232 was
684 3191 910 3247 geschah,
949 3192 1072 3234 hatte
1099 3191 1174 3234 fiir
1202 3191 1268 3233 sie
1297 3191 1380 3232 den
1411 3190 1615 3247 einzigen
1645 3192 1830 3245 Werth,
1859 3206 1911 3235 so

374 3260 464 3303 wie
502 3260 578 3303 fsu·
612 3275 695 3302 uns
734 3276 816 3304 nur
857 3263 1110 3320 dasjenige,
1147 3276 1242 3306 was
1273 3262 1470 3318 gedacht
1499 3263 1608 3303 oder
1636 3261 1910 3317 empfunden

374 3332 579 3383 worden,
645 3331 820 3388 einigen
861 3333 1019 3376 Werth
1062 3348 1120 3375 zu
1170 3332 1403 3389 gewinnen
1453 3332 1642 3374 scheint.
1690 3357 1745 3365 —
1810 3333 1911 3376 Aue

376 3401 545 3445 hielten
573 3401 669 3445 sich
700 3416 776 3445 am
802 3403 1045 3455 Niichsten,
1086 3403 1312 3458 Wahren‚
1355 3403 1636 3447 Wirklichen
1665 3401 1775 3456 fest,
1818 3405 1911 3448 und

377 3472 516 3518 scibat
541 3472 642 3518 ihre
669 3474 1059 3519 Phantasiebildcr
1086 3474 1236 3518 haben
1263 3474 1479 3519 Knochen
1509 3473 1600 3516 und
1627 3471 1805 3517 Mark.”
