2170 3866
1149 273 1278 335 532

358 423 422 473 ad
455 421 803 488 deponendam
835 420 988 472 vitam
1023 423 1394 488 promtissimus
1441 437 1558 473 esse
1599 427 1656 473 ut
1687 425 1896 492 quisque
1931 425 2058 476 flore

359 504 568 562 aetatis,
620 502 846 568 corporis
879 503 1163 553 valetudine
1218 504 1470 568 animique
1501 503 1675 570 vigore
1707 507 1918 557 maxime
1951 506 2063 574 pol-

362 584 446 632 let.
516 583 715 648 Quippe
748 584 935 633 viribus
970 583 1033 632 ad
1068 584 1460 633 occumbendam
1491 590 1669 649 sponte
1693 591 1902 635 mortem
1937 603 2064 652 opus

362 669 471 722 est,
531 664 709 727 quibus
755 669 929 714 carent
970 664 1056 728 qui
1102 665 1289 715 morbis
1334 664 1414 714 vel
1459 665 1699 714 malorum
1743 665 2069 717 diuturnitate

365 742 717 809 languescunt.

495 822 746 872 'l‘entatur
774 823 1054 873 constantia
1077 823 1383 889 Iphigeniae,
1411 823 1606 874 Achille
1631 823 1777 874 simul
1807 825 2067 875 consilinm

365 903 612 952 moriendi
647 904 837 953 meritis
882 902 1115 952 laudibus
1161 905 1430 954 extollente
1477 904 1756 969 simulque,
1803 921 1868 954 ne
1899 906 2071 955 coniu-

363 985 444 1047 gio
495 983 698 1048 virginis
753 983 1170 1047 generosissimae
1222 1001 1467 1050 prospera
1516 985 1717 1035 fortuna
1761 985 1857 1034 sibi
1902 985 2070 1035 oblato

367 1063 664 1120 fraudetur,
710 1070 951 1128 rogante,
1004 1070 1062 1113 ut
1112 1070 1373 1128 superstes
1423 1081 1538 1114 esse
1578 1064 1713 1117 velit.
1782 1064 1885 1114 Sed
1918 1068 2069 1129 negat

364 1143 618 1208 Iphigenia
666 1159 723 1192 se
756 1159 897 1194 more
930 1144 1156 1193 Helenae
1191 1159 1415 1193 caussam
1450 1144 1749 1210 proeliorum
1784 1145 1904 1194 viria
1939 1144 2068 1194 fore.

363 1223 494 1272 Tum
529 1223 614 1272 ille
649 1223 711 1272 ad
746 1240 881 1273 aram
918 1240 1031 1273 cum
1067 1224 1219 1273 armis
1254 1225 1375 1284 abit,
1410 1225 1480 1273 ibi
1515 1231 1714 1290 praesto
1739 1225 1940 1275 futurus
1968 1225 2068 1274 vir-

364 1304 493 1368 gini,
549 1304 590 1351 si
627 1303 761 1352 forte
795 1307 987 1352 mutato
1035 1304 1245 1352 consilio
1278 1312 1492 1353 mortem
1528 1305 1839 1370 deprecetur.
1905 1305 2070 1354 Tanto

364 1384 522 1433 maior
559 1384 658 1431 erit
689 1383 796 1431 laus
845 1381 1160 1432 fortitudinis
1194 1383 1501 1449 Iphigeniae,
1555 1386 1598 1433 si
1634 1389 1896 1450 praesente
1929 1385 2066 1434 auxi-

365 1465 432 1512 lio
467 1463 686 1528 gladium
722 1477 819 1511 non
853 1462 1122 1524 horruerit,
1164 1463 1426 1528 aberitque
1460 1465 1623 1514 omnis
1657 1469 1861 1514 coactae
1893 1463 2066 1513 volun-

365 1545 486 1594 tatis
523 1543 758 1606 suspicio.

501 1623 716 1673 Matrem
767 1621 953 1671 deinde
1005 1621 1269 1672 consolans
1302 1620 1561 1688 Iphigenia
1603 1621 1726 1671 forti
1760 1639 1868 1672 eam
1902 1622 2066 1672 animo

367 1719 482 1753 esse
516 1702 688 1763 iubet,
736 1703 985 1752 abstinere
1020 1702 1238 1751 lacrimis
1281 1709 1334 1751 et
1366 1702 1627 1751 remittere
1671 1703 1794 1752 iram
1834 1703 2066 1769 coniugi:

365 1799 529 1848 neque
565 1783 696 1832 enim
734 1797 791 1831 se
825 1788 883 1832 ut
917 1788 1164 1832 mortuam
1200 1781 1364 1843 luctu,
1399 1782 1548 1848 pullis
1582 1783 1835 1844 vestibus,
1872 1783 2065 1833 abscis-

366 1865 437 1914 sis
472 1864 664 1929 capillis
711 1868 764 1911 et
809 1863 1026 1926 tumulo,
1076 1864 1166 1912 sed
1217 1863 1359 1927 qnasi
1406 1863 1728 1927 superstitem
1770 1864 2069 1928 beatamque

365 1945 626 1994 colendam
678 1958 793 1992 esse
849 1949 903 1992 et
957 1959 1090 1991 aram
1145 1942 1332 1991 Dianae
1380 1958 1473 2007 pro
1515 1943 1707 1993 tumulo
1765 1944 2065 1996 habituram.

366 2025 463 2074 His
509 2025 658 2073 editis
712 2023 953 2072 mandatis
1002 2028 1186 2088 sponte
1206 2009 1282 2071 'ad
1315 2038 1480 2085 aram,
1518 2025 1601 2073 ubi
1635 2023 1934 2073 immolanda
1969 2028 2066 2085 est,

367 2105 731 2170 proficiscitur,
767 2119 864 2152 non
899 2111 1089 2153 moesta
1125 2103 1505 2167 lacrimansque,
1542 2104 1634 2152 sed
1668 2103 1843 2153 hilaris
1870 2109 1924 2153 et
1955 2107 2066 2154 tan-

367 2199 516 2248 quam
552 2185 755 2232 victoria
790 2189 1043 2248 reportata
1078 2182 1407 2247 triumphans,
1440 2199 1539 2232 non
1573 2190 1731 2233 tracta
1753 2201 1782 2233 a
1805 2183 2064 2244 militibus,

367 2265 461 2313 sed
494 2263 711 2312 ducente
745 2279 844 2312 uno
869 2263 1059 2312 famulo
1092 2262 1338 2322 familiari,
1376 2262 1532 2310 choro
1562 2279 1669 2311 eam
1696 2279 1796 2312 non
1819 2262 2065 2323 lamentis,

367 2344 459 2394 sed
492 2343 638 2392 laetis
673 2342 1141 2399 acclamationibus,
1185 2356 1305 2404 quas
1339 2341 1500 2405 praeit
1534 2341 1670 2406 ipsa,
1704 2347 1758 2390 et
1792 2357 1982 2407 paeane
2013 2342 2065 2391 in

366 2424 610 2474 honorem
644 2422 829 2471 Dianae
863 2427 1060 2471 cantato
1095 2424 1451 2485 prosequente.

503 2503 928 2567 Compositionem
980 2502 1129 2549 huius
1174 2500 1406 2549 carminis
1439 2499 1595 2549 foedo
1628 2501 1778 2550 modo
1813 2500 1875 2550 ab
1909 2501 2065 2551 inter-

368 2584 596 2650 polatore
631 2583 827 2632 confusi
862 2598 970 2631 eam
1005 2581 1184 2638 fuisse,
1219 2595 1363 2643 quam
1399 2579 1593 2643 pridem
1626 2582 1893 2630 restituere
1917 2597 2066 2631 cona-

370 2671 452 2714 tus
511 2679 652 2723 sum,
713 2662 864 2711 hodie
917 2677 1115 2726 quoque
1158 2660 1284 2708 mihi
1330 2675 1626 2724 persuasum
1673 2666 1768 2710 est.
1844 2661 2065 2711 Alternis

369 2744 502 2792 enim
536 2742 776 2806 strophis,
809 2746 1083 2806 praeeunte
1115 2740 1321 2803 virgine,
1359 2744 1602 2803 sequente
1637 2739 1792 2790 choro
1827 2738 1889 2790 et'
1911 2741 2066 2791 verba

368 2824 548 2889 partim
580 2823 795 2871 iterante
829 2822 1013 2888 partim
1048 2821 1267 2869 variante
1300 2824 1452 2883 atque
1487 2819 1750 2883 explente,
1784 2821 1911 2870 haec
1946 2835 2063 2870 can-

368 2907 472 2953 tata
507 2919 621 2952 esse
656 2908 755 2951 tam
793 2901 1116 2951 manifestum
1150 2905 1245 2960 est,
1280 2904 1335 2948 ut
1367 2901 1536 2962 mirer,
1573 2901 1706 2964 quod
1735 2900 1954 2965 potuerit
1975 2915 2063 2951 un-

508 3117 709 3175 Neugier
757 3131 815 3159 zu
852 3117 1206 3170 unterdriicken,
1254 3118 1328 3162 die
1380 3119 1462 3162 das
1496 3118 1810 3162 riithselhafle
1833 3117 2062 3173 Betragen

509 3190 590 3232 des
619 3187 778 3230 Vaters
806 3187 883 3229 bei
910 3188 984 3230 ihr
1010 3203 1121 3246 rege
1148 3190 1342 3232 macheu
1370 3190 1516 3241 murs,
1553 3190 1630 3232 ihr
1657 3190 1804 3232 heller
1831 3188 2062 3240 verstand,

509 3260 592 3301 der
628 3260 704 3302 ihr
742 3271 793 3299 so
833 3258 1066 3314 gliicklich
1104 3274 1160 3302 zu
1197 3260 1338 3303 Hiilfe
1379 3261 1573 3309 nomm,
1611 3259 1687 3301 ihr
1725 3258 2064 3301 schreckliches

504 3329 741 3373 Schicksal
777 3329 895 3370 noch
932 3331 1073 3372 selbst
1114 3343 1203 3372 von
1240 3331 1321 3373 der
1356 3330 1609 3373 lachenden
1645 3330 1768 3372 Seite
1804 3342 1860 3370 zu
1888 3328 2062 3385 zeigen,

510 3399 583 3442 dic
631 3398 752 3443 sanft
801 3398 1196 3442 wiederkehrende
1244 3399 1623 3457 Anhanglichkeit
1672 3413 1732 3442 an
1778 3399 1934 3443 Leben
1971 3398 2062 3481 und

505 3470 657 3514 Sonne
686 3494 740 3504 -
773 3469 854 3513 der
881 3482 1029 3526 ganzo
1060 3470 1315 3515 Charakter
1341 3471 1402 3516 ist
1427 3469 1758 3515 vortrefflich.''
