<?xml version="1.0" encoding="UTF-8"?>
<!DOCTYPE html PUBLIC "-//W3C//DTD XHTML 1.0 Transitional//EN"
    "http://www.w3.org/TR/xhtml1/DTD/xhtml1-transitional.dtd">
<html xmlns="http://www.w3.org/1999/xhtml" xml:lang="en" lang="en">
 <head>
  <title>
</title>
<meta http-equiv="Content-Type" content="text/html;charset=utf-8" />
  <meta name='ocr-system' content='tesseract 3.04.00' />
  <meta name='ocr-capabilities' content='ocr_page ocr_carea ocr_par ocr_line ocrx_word'/>
</head>
<body>
  <div class='ocr_page' id='page_1' title='image "./euripidesrestitu02hartuoft_0009.png"; bbox 0 0 2202 3860; ppageno 0'>
   <div class='ocr_carea' id='block_1_1' title="bbox 95 1509 1835 3400">
    <p class='ocr_par' dir='ltr' id='par_1_1' title="bbox 96 1509 1835 2996">
     <span class='ocr_line' id='line_1_1' title="bbox 102 1509 1810 1632; baseline -0.005 -20"><span class='ocrx_word' id='word_1_1' title='bbox 102 1509 423 1614; x_wconf 87' lang='lat' dir='ltr'>Invidiosa</span> <span class='ocrx_word' id='word_1_2' title='bbox 474 1578 562 1614; x_wconf 87' lang='lat' dir='ltr'>res</span> <span class='ocrx_word' id='word_1_3' title='bbox 631 1564 714 1613; x_wconf 88' lang='lat' dir='ltr'>est</span> <span class='ocrx_word' id='word_1_4' title='bbox 775 1556 1135 1632; x_wconf 88' lang='lat' dir='ltr'>praevalidos</span> <span class='ocrx_word' id='word_1_5' title='bbox 1205 1562 1261 1609; x_wconf 89' lang='lat' dir='ltr'>et</span> <span class='ocrx_word' id='word_1_6' title='bbox 1314 1553 1539 1608; x_wconf 86' lang='lat' dir='ltr'>adultos</span> <span class='ocrx_word' id='word_1_7' title='bbox 1595 1569 1810 1606; x_wconf 86' lang='lat' dir='ltr'>errores</span> 
     </span>
     <span class='ocr_line' id='line_1_2' title="bbox 103 1678 1808 1762; baseline -0.005 -23"><span class='ocrx_word' id='word_1_8' title='bbox 103 1705 358 1762; x_wconf 82' lang='lat' dir='ltr'><strong>arguere,</strong></span> <span class='ocrx_word' id='word_1_9' title='bbox 399 1705 584 1760; x_wconf 90' lang='lat' dir='ltr'>neque</span> <span class='ocrx_word' id='word_1_10' title='bbox 624 1685 905 1739; x_wconf 86' lang='lat' dir='ltr'>invenitur</span> <span class='ocrx_word' id='word_1_11' title='bbox 947 1685 1055 1752; x_wconf 84' lang='lat' dir='ltr'>via,</span> <span class='ocrx_word' id='word_1_12' title='bbox 1108 1701 1279 1755; x_wconf 90' lang='lat' dir='ltr'>quam</span> <span class='ocrx_word' id='word_1_13' title='bbox 1322 1680 1650 1756; x_wconf 85' lang='lat' dir='ltr'>ingrediens</span> <span class='ocrx_word' id='word_1_14' title='bbox 1697 1678 1808 1732; x_wconf 87' lang='lat' dir='ltr'>cri-</span> 
     </span>
     <span class='ocr_line' id='line_1_3' title="bbox 103 1805 1810 1886; baseline -0.005 -20"><span class='ocrx_word' id='word_1_15' title='bbox 103 1831 234 1866; x_wconf 86' lang='lat' dir='ltr'>men</span> <span class='ocrx_word' id='word_1_16' title='bbox 277 1812 537 1886; x_wconf 84' lang='lat' dir='ltr'>effugias.</span> <span class='ocrx_word' id='word_1_17' title='bbox 624 1812 771 1864; x_wconf 89' lang='lat' dir='ltr'>Nam</span> <span class='ocrx_word' id='word_1_18' title='bbox 822 1809 938 1863; x_wconf 88' lang='lat' dir='ltr'>sive</span> <span class='ocrx_word' id='word_1_19' title='bbox 982 1807 1357 1881; x_wconf 88' lang='lat' dir='ltr'>disceptando</span> <span class='ocrx_word' id='word_1_20' title='bbox 1401 1826 1531 1861; x_wconf 88' lang='lat' dir='ltr'>cum</span> <span class='ocrx_word' id='word_1_21' title='bbox 1575 1805 1810 1880; x_wconf 85' lang='lat' dir='ltr'>singulis</span> 
     </span>
     <span class='ocr_line' id='line_1_4' title="bbox 104 1932 1808 2009; baseline -0.002 -20"><span class='ocrx_word' id='word_1_22' title='bbox 104 1935 375 2004; x_wconf 82' lang='lat' dir='ltr'>decerteS,</span> <span class='ocrx_word' id='word_1_23' title='bbox 419 1935 734 2009; x_wconf 84' lang='lat' dir='ltr'>litigiosum</span> <span class='ocrx_word' id='word_1_24' title='bbox 768 1941 825 1987; x_wconf 92' lang='lat' dir='ltr'>te</span> <span class='ocrx_word' id='word_1_25' title='bbox 860 1952 998 2001; x_wconf 82' lang='lat' dir='ltr'>esse,</span> <span class='ocrx_word' id='word_1_26' title='bbox 1044 1933 1162 1987; x_wconf 85' lang='lat' dir='ltr'>sive</span> <span class='ocrx_word' id='word_1_27' title='bbox 1202 1933 1420 1987; x_wconf 86' lang='lat' dir='ltr'>omissis</span> <span class='ocrx_word' id='word_1_28' title='bbox 1454 1932 1808 1987; x_wconf 85' lang='lat' dir='ltr'>adversario-</span> 
     </span>
     <span class='ocr_line' id='line_1_5' title="bbox 99 2057 1810 2133; baseline -0.002 -20"><span class='ocrx_word' id='word_1_29' title='bbox 99 2078 223 2113; x_wconf 88' lang='lat' dir='ltr'>rum</span> <span class='ocrx_word' id='word_1_30' title='bbox 280 2060 568 2115; x_wconf 84' lang='lat' dir='ltr'>sententiis</span> <span class='ocrx_word' id='word_1_31' title='bbox 625 2069 781 2113; x_wconf 90' lang='lat' dir='ltr'>tuam</span> <span class='ocrx_word' id='word_1_32' title='bbox 839 2058 1171 2133; x_wconf 88' lang='lat' dir='ltr'>simpliciter</span> <span class='ocrx_word' id='word_1_33' title='bbox 1226 2059 1508 2133; x_wconf 81' lang='lat' dir='ltr'>expliceS‚</span> <span class='ocrx_word' id='word_1_34' title='bbox 1567 2057 1810 2111; x_wconf 84' lang='lat' dir='ltr'>valitura</span> 
     </span>
     <span class='ocr_line' id='line_1_6' title="bbox 100 2185 1807 2259; baseline -0.001 -20"><span class='ocrx_word' id='word_1_35' title='bbox 100 2204 244 2257; x_wconf 90' lang='lat' dir='ltr'>quae</span> <span class='ocrx_word' id='word_1_36' title='bbox 297 2205 430 2240; x_wconf 84' lang='lat' dir='ltr'>vera</span> <span class='ocrx_word' id='word_1_37' title='bbox 475 2186 585 2241; x_wconf 88' lang='lat' dir='ltr'>sint</span> <span class='ocrx_word' id='word_1_38' title='bbox 628 2185 798 2240; x_wconf 89' lang='lat' dir='ltr'>etiam</span> <span class='ocrx_word' id='word_1_39' title='bbox 842 2185 960 2240; x_wconf 87' lang='lat' dir='ltr'>sine</span> <span class='ocrx_word' id='word_1_40' title='bbox 1006 2185 1308 2240; x_wconf 83' lang='lat' dir='ltr'>certamine</span> <span class='ocrx_word' id='word_1_41' title='bbox 1353 2205 1613 2259; x_wconf 80' lang='lat' dir='ltr'>sperans,</span> <span class='ocrx_word' id='word_1_42' title='bbox 1667 2204 1807 2238; x_wconf 91' lang='lat' dir='ltr'>con-</span> 
     </span>
     <span class='ocr_line' id='line_1_7' title="bbox 97 2311 1807 2385; baseline 0 -21"><span class='ocrx_word' id='word_1_43' title='bbox 97 2319 379 2366; x_wconf 89' lang='lat' dir='ltr'>tumacem</span> <span class='ocrx_word' id='word_1_44' title='bbox 425 2311 882 2366; x_wconf 88' lang='lat' dir='ltr'>criminabuntur.</span> <span class='ocrx_word' id='word_1_45' title='bbox 949 2311 1341 2385; x_wconf 87' lang='lat' dir='ltr'>Iniquissimus</span> <span class='ocrx_word' id='word_1_46' title='bbox 1373 2312 1522 2366; x_wconf 90' lang='lat' dir='ltr'>enim</span> <span class='ocrx_word' id='word_1_47' title='bbox 1555 2311 1807 2365; x_wconf 89' lang='lat' dir='ltr'>omnium</span> 
     </span>
     <span class='ocr_line' id='line_1_8' title="bbox 98 2438 1806 2512; baseline 0.001 -22"><span class='ocrx_word' id='word_1_48' title='bbox 98 2443 370 2510; x_wconf 72' lang='lat' dir='ltr'>tyrannus</span> <span class='ocrx_word' id='word_1_49' title='bbox 417 2445 502 2492; x_wconf 88' lang='lat' dir='ltr'>est</span> <span class='ocrx_word' id='word_1_50' title='bbox 543 2438 918 2512; x_wconf 90' lang='lat' dir='ltr'>plurimorum</span> <span class='ocrx_word' id='word_1_51' title='bbox 963 2455 1297 2493; x_wconf 85' lang='lat' dir='ltr'>consensus:</span> <span class='ocrx_word' id='word_1_52' title='bbox 1358 2458 1391 2492; x_wconf 90' lang='lat' dir='ltr'>a</span> <span class='ocrx_word' id='word_1_53' title='bbox 1447 2457 1559 2511; x_wconf 92' lang='lat' dir='ltr'>quo</span> <span class='ocrx_word' id='word_1_54' title='bbox 1606 2439 1650 2492; x_wconf 88' lang='lat' dir='ltr'>si</span> <span class='ocrx_word' id='word_1_55' title='bbox 1695 2457 1806 2511; x_wconf 87' lang='lat' dir='ltr'>qua</span> 
     </span>
     <span class='ocr_line' id='line_1_9' title="bbox 96 2562 1805 2638; baseline 0.001 -22"><span class='ocrx_word' id='word_1_56' title='bbox 96 2562 155 2616; x_wconf 88' lang='lat' dir='ltr'>in</span> <span class='ocrx_word' id='word_1_57' title='bbox 197 2581 258 2616; x_wconf 94' lang='lat' dir='ltr'>re</span> <span class='ocrx_word' id='word_1_58' title='bbox 309 2562 617 2638; x_wconf 74' lang='lat' dir='ltr'>discrepeS‚</span> <span class='ocrx_word' id='word_1_59' title='bbox 661 2565 781 2619; x_wconf 88' lang='lat' dir='ltr'>fere</span> <span class='ocrx_word' id='word_1_60' title='bbox 822 2564 979 2618; x_wconf 88' lang='lat' dir='ltr'>nulla</span> <span class='ocrx_word' id='word_1_61' title='bbox 1021 2565 1170 2619; x_wconf 89' lang='lat' dir='ltr'>salus</span> <span class='ocrx_word' id='word_1_62' title='bbox 1215 2564 1325 2619; x_wconf 89' lang='lat' dir='ltr'>nisi</span> <span class='ocrx_word' id='word_1_63' title='bbox 1367 2565 1426 2618; x_wconf 92' lang='lat' dir='ltr'>in</span> <span class='ocrx_word' id='word_1_64' title='bbox 1470 2565 1694 2620; x_wconf 89' lang='lat' dir='ltr'>silentio</span> <span class='ocrx_word' id='word_1_65' title='bbox 1740 2585 1805 2619; x_wconf 85' lang='lat' dir='ltr'>ac</span> 
     </span>
     <span class='ocr_line' id='line_1_10' title="bbox 101 2685 1804 2765; baseline 0.005 -26"><span class='ocrx_word' id='word_1_66' title='bbox 101 2685 557 2745; x_wconf 86' lang='lat' dir='ltr'>dissimulatione.</span> <span class='ocrx_word' id='word_1_67' title='bbox 644 2689 751 2746; x_wconf 90' lang='lat' dir='ltr'>Me</span> <span class='ocrx_word' id='word_1_68' title='bbox 809 2697 997 2745; x_wconf 89' lang='lat' dir='ltr'>autem</span> <span class='ocrx_word' id='word_1_69' title='bbox 1054 2691 1174 2746; x_wconf 90' lang='lat' dir='ltr'>iure</span> <span class='ocrx_word' id='word_1_70' title='bbox 1215 2692 1534 2765; x_wconf 90' lang='lat' dir='ltr'>meritoque</span> <span class='ocrx_word' id='word_1_71' title='bbox 1578 2693 1804 2747; x_wconf 88' lang='lat' dir='ltr'>incusa-</span> 
     </span>
     <span class='ocr_line' id='line_1_11' title="bbox 97 2810 1835 2891; baseline 0.006 -28"><span class='ocrx_word' id='word_1_72' title='bbox 97 2810 256 2880; x_wconf 80' lang='lat' dir='ltr'>bunt‚</span> <span class='ocrx_word' id='word_1_73' title='bbox 300 2813 344 2866; x_wconf 87' lang='lat' dir='ltr'>si</span> <span class='ocrx_word' id='word_1_74' title='bbox 385 2816 707 2871; x_wconf 85' lang='lat' dir='ltr'>amiciorem</span> <span class='ocrx_word' id='word_1_75' title='bbox 750 2837 842 2872; x_wconf 90' lang='lat' dir='ltr'>me</span> <span class='ocrx_word' id='word_1_76' title='bbox 886 2818 1022 2871; x_wconf 88' lang='lat' dir='ltr'>meis</span> <span class='ocrx_word' id='word_1_77' title='bbox 1069 2837 1240 2891; x_wconf 91' lang='lat' dir='ltr'>quam</span> <span class='ocrx_word' id='word_1_78' title='bbox 1283 2818 1479 2873; x_wconf 86' lang='lat' dir='ltr'>alienis</span> <span class='ocrx_word' id='word_1_79' title='bbox 1525 2819 1835 2874; x_wconf 73' lang='lat' dir='ltr'>erroribus‘</span> 
     </span>
     <span class='ocr_line' id='line_1_12' title="bbox 101 2938 564 2996; baseline 0.013 -6"><span class='ocrx_word' id='word_1_80' title='bbox 101 2954 220 2991; x_wconf 86' lang='lat' dir='ltr'>esse</span> <span class='ocrx_word' id='word_1_81' title='bbox 263 2938 564 2996; x_wconf 87' lang='lat' dir='ltr'>invenient.</span> 
     </span>
    </p>

    <p class='ocr_par' dir='ltr' id='par_1_2' title="bbox 95 3061 1798 3400">
     <span class='ocr_line' id='line_1_13' title="bbox 222 3061 1798 3146; baseline 0.006 -31"><span class='ocrx_word' id='word_1_82' title='bbox 222 3061 450 3117; x_wconf 87' lang='lat' dir='ltr'>Vellem</span> <span class='ocrx_word' id='word_1_83' title='bbox 484 3064 683 3138; x_wconf 90' lang='lat' dir='ltr'>aliquis</span> <span class='ocrx_word' id='word_1_84' title='bbox 730 3085 940 3139; x_wconf 77' lang='lat' dir='ltr'>eorum,</span> <span class='ocrx_word' id='word_1_85' title='bbox 985 3070 1081 3143; x_wconf 89' lang='lat' dir='ltr'>qui</span> <span class='ocrx_word' id='word_1_86' title='bbox 1105 3078 1233 3124; x_wconf 90' lang='lat' dir='ltr'>sunt</span> <span class='ocrx_word' id='word_1_87' title='bbox 1261 3072 1674 3146; x_wconf 86' lang='lat' dir='ltr'>praestantiore</span> <span class='ocrx_word' id='word_1_88' title='bbox 1702 3090 1798 3125; x_wconf 85' lang='lat' dir='ltr'>or—</span> 
     </span>
     <span class='ocr_line' id='line_1_14' title="bbox 95 3188 1796 3274; baseline 0.006 -33"><span class='ocrx_word' id='word_1_89' title='bbox 95 3188 212 3242; x_wconf 87' lang='lat' dir='ltr'>nati</span> <span class='ocrx_word' id='word_1_90' title='bbox 254 3190 571 3245; x_wconf 88' lang='lat' dir='ltr'>eruditione</span> <span class='ocrx_word' id='word_1_91' title='bbox 613 3188 886 3266; x_wconf 85' lang='lat' dir='ltr'>(quorum</span> <span class='ocrx_word' id='word_1_92' title='bbox 930 3214 1226 3251; x_wconf 90' lang='lat' dir='ltr'>numerum</span> <span class='ocrx_word' id='word_1_93' title='bbox 1268 3216 1538 3274; x_wconf 84' lang='lat' dir='ltr'>magnum</span> <span class='ocrx_word' id='word_1_94' title='bbox 1564 3217 1686 3253; x_wconf 88' lang='lat' dir='ltr'>esse</span> <span class='ocrx_word' id='word_1_95' title='bbox 1708 3198 1796 3252; x_wconf 84' lang='lat' dir='ltr'>vi-</span> 
     </span>
     <span class='ocr_line' id='line_1_15' title="bbox 95 3310 1797 3400; baseline 0.007 -32"><span class='ocrx_word' id='word_1_96' title='bbox 95 3310 240 3389; x_wconf 84' lang='lat' dir='ltr'>deo)</span> <span class='ocrx_word' id='word_1_97' title='bbox 286 3323 456 3390; x_wconf 88' lang='lat' dir='ltr'>atque</span> <span class='ocrx_word' id='word_1_98' title='bbox 502 3318 671 3372; x_wconf 85' lang='lat' dir='ltr'>etiam</span> <span class='ocrx_word' id='word_1_99' title='bbox 715 3321 993 3395; x_wconf 87' lang='lat' dir='ltr'>ampliore</span> <span class='ocrx_word' id='word_1_100' title='bbox 1044 3323 1314 3379; x_wconf 91' lang='lat' dir='ltr'>librorum</span> <span class='ocrx_word' id='word_1_101' title='bbox 1370 3325 1539 3400; x_wconf 90' lang='lat' dir='ltr'>copia</span> <span class='ocrx_word' id='word_1_102' title='bbox 1588 3326 1797 3379; x_wconf 89' lang='lat' dir='ltr'>instru—</span> 
     </span>
    </p>
   </div>
   <div class='ocr_carea' id='block_1_2' title="bbox 96 3435 1796 3582">
    <p class='ocr_par' dir='ltr' id='par_1_3' title="bbox 96 3435 1796 3582">
     <span class='ocr_line' id='line_1_16' title="bbox 96 3435 1796 3526; baseline 0.009 -34"><span class='ocrx_word' id='word_1_103' title='bbox 96 3439 170 3493; x_wconf 89' lang='lat' dir='ltr'>cti</span> <span class='ocrx_word' id='word_1_104' title='bbox 233 3435 395 3514; x_wconf 85' lang='lat' dir='ltr'>(mea</span> <span class='ocrx_word' id='word_1_105' title='bbox 459 3444 608 3499; x_wconf 88' lang='lat' dir='ltr'>enim</span> <span class='ocrx_word' id='word_1_106' title='bbox 672 3446 730 3500; x_wconf 91' lang='lat' dir='ltr'>in</span> <span class='ocrx_word' id='word_1_107' title='bbox 794 3445 886 3503; x_wconf 85' lang='lat' dir='ltr'>his</span> <span class='ocrx_word' id='word_1_108' title='bbox 943 3448 1084 3504; x_wconf 89' lang='lat' dir='ltr'>locis</span> <span class='ocrx_word' id='word_1_109' title='bbox 1140 3458 1349 3524; x_wconf 89' lang='lat' dir='ltr'>quanta</span> <span class='ocrx_word' id='word_1_110' title='bbox 1403 3452 1475 3507; x_wconf 90' lang='lat' dir='ltr'>sit</span> <span class='ocrx_word' id='word_1_111' title='bbox 1540 3451 1796 3526; x_wconf 86' lang='lat' dir='ltr'>penuria,</span> 
     </span>
     <span class='ocr_line' id='line_1_17' title="bbox 1435 3549 1465 3582; baseline 0 -8"><span class='ocrx_word' id='word_1_112' title='bbox 1435 3549 1465 3582; x_wconf 57' lang='grc' dir='ltr'>ις(</span> 
     </span>
    </p>
   </div>
  </div>
 </body>
</html>
