2124 3860
887 273 1008 331 343

119 428 171 472 et
219 422 427 471 recessit
459 427 605 471 terra.
674 421 836 484 Quum
872 422 990 470 satis
1028 421 1174 486 longe
1206 421 1483 484 navigatum
1519 436 1631 471 esse
1663 421 1801 472 vide—

117 509 271 562 retur,
306 502 563 551 Menelaus
602 508 803 565 arrepto
838 518 957 551 ense
988 503 1034 550 in
1059 517 1256 566 proram
1285 517 1577 566 progressus
1604 506 1799 553 taurum

117 583 383 632 immolavit
420 581 598 630 nullius
646 581 870 630 defuncti
911 597 1115 641 manee,
1162 581 1251 628 sed
1295 581 1577 645 Neptunum
1615 589 1664 631 et
1698 582 1799 633 Ne-

115 663 279 712 reidas
315 663 569 723 invocanS,
608 666 662 710 ut
697 660 758 708 ad
792 661 933 709 littus
966 660 1227 724 Nauplium
1265 660 1451 709 salvum
1486 662 1799 715 reducerent.

116 741 278 803 Tum,
328 743 522 807 cognita
570 741 776 800 fraude,
827 756 939 788 cum
974 747 1169 789 vertere
1205 755 1404 795 cursum
1439 743 1572 791 navis
1607 743 1799 792 barbari

116 823 325 883 vellent,
375 823 682 871 hortantibus
718 821 971 884 utrimque
1006 820 1240 883 ducibus,
1278 820 1468 883 gladios
1503 822 1647 871 alteri
1681 839 1797 887 pro-

116 910 272 963 munt,
309 903 449 951 alteri
473 902 620 951 remis
658 901 956 964 scalmisque
991 917 1163 948 manus
1195 908 1400 950 armant.
1470 901 1641 968 Pugna
1661 919 1797 952 com-

114 984 263 1032 missa
299 982 492 1032 barbari
528 981 705 1046 partim
749 981 998 1030 interfecti
1028 981 1205 1047 partim
1242 982 1291 1029 in
1326 998 1462 1032 mare
1488 983 1798 1048 praecipitati

113 1069 245 1122 sunt,
280 1078 487 1126 quorum
523 1078 647 1110 uuus
683 1061 900 1111 feliciter
933 1078 960 1109 a
995 1068 1143 1110 nauta
1180 1062 1390 1126 quodam
1426 1068 1668 1129 exceptus
1703 1068 1796 1113 est.

113 1142 292 1191 Graeci
326 1148 507 1202 autem,
542 1142 904 1207 adspirantibus
933 1143 1108 1202 ventis,
1143 1142 1345 1191 domum
1373 1159 1571 1192 cursum
1601 1144 1796 1193 direxe-

111 1229 244 1272 runt.
312 1222 406 1272 His
444 1223 620 1271 auditis
656 1237 769 1283 rex,
805 1223 1030 1271 inutilem
1066 1238 1178 1271 esse
1212 1225 1613 1286 persecutionem
1648 1222 1796 1272 intel-

112 1303 297 1369 ligens,
344 1303 394 1350 in
441 1318 662 1350 sororem
697 1302 816 1350 iram
855 1302 1113 1351 effundere
1148 1307 1381 1362 conatur,
1426 1303 1600 1350 stricto
1634 1301 1796 1365 gladio

110 1382 174 1431 ad
222 1383 425 1431 caedem
472 1382 579 1430 eius
628 1397 919 1447 properans.
1000 1382 1220 1446 Opponit
1255 1397 1311 1430 se
1347 1383 1556 1444 chorus,
1600 1383 1684 1447 qui
1718 1382 1793 1431 iu-

110 1462 273 1511 stitiae
315 1466 492 1527 pantes
537 1478 628 1526 per
675 1467 830 1510 totam
881 1462 1182 1525 tragoediam
1240 1463 1447 1510 viriliter
1494 1467 1793 1523 sustentans,

110 1558 220 1591 cum
257 1542 391 1591 nullo
427 1541 538 1589 loco
590 1543 803 1591 otiosum
840 1558 894 1590 se
945 1547 1280 1607 spectatorem
1329 1544 1638 1606 praebuerit,
1685 1547 1792 1592 tum

108 1622 207 1671 hoe
240 1628 467 1687 tempore
502 1623 648 1671 etiam
685 1622 859 1671 mortis
895 1621 1115 1685 periculo
1153 1638 1208 1670 se
1243 1623 1461 1686 exponit.
1531 1622 1793 1671 Postremo

109 1702 336 1752 Dioscuri
369 1702 549 1760 iidem,
588 1703 670 1765 qui
706 1703 896 1765 primae
931 1702 1221 1764 tragoediae
1252 1703 1400 1751 finem
1434 1703 1791 1767 imposuerunt,

107 1783 232 1831 iram
267 1781 402 1846 regis
438 1788 760 1846 compescunt
806 1788 1114 1847 purgantque
1155 1782 1455 1843 Theonoen,
1497 1782 1603 1830 fata
1638 1783 1792 1832 inter-

110 1868 402 1928 pretantur,
452 1862 717 1910 secundam
753 1862 1107 1924 navigationem
1146 1863 1303 1911 sorori
1338 1863 1517 1926 (quae,
1570 1863 1790 1927 quamvis

112 1943 241 1992 absit
275 1940 477 2006 procul,
530 1948 694 1990 tamen
742 1957 912 1990 vocem
949 1942 1159 1990 deorum
1194 1950 1419 2005 tanquam
1457 1944 1790 2008 praesentium

108 2020 354 2089 percipit)
402 2022 694 2086 promittunt
739 2022 1002 2085 eidemque
1046 2022 1462 2090 immortalitatem
1510 2027 1562 2071 et
1602 2023 1791 2071 divinos

108 2103 324 2152 honores
359 2117 526 2149 secum
564 2117 847 2150 communes
884 2102 1203 2165 praedicunt,
1241 2117 1333 2150 nec
1368 2119 1464 2150 non
1500 2103 1647 2151 etiam
1674 2102 1789 2150 Me-

108 2183 250 2232 nelao
285 2181 456 2229 sedem
484 2180 532 2227 in
560 2181 819 2230 beatorum
845 2182 1015 2230 insulis
1042 2181 1259 2230 futuram
1290 2182 1604 2246 pollicentur.
1667 2181 1788 2244 Qui-

108 2265 200 2315 bus
251 2260 431 2310 auditis
478 2259 880 2324 'l‘beoclymenus
922 2262 971 2310 in
1019 2261 1222 2309 deorum
1272 2262 1490 2310 consiliis
1525 2262 1790 2326 acquiescit

108 2347 161 2392 et
194 2341 493 2406 singularem
534 2339 758 2390 Helenae
801 2341 1097 2406 probitatem
1132 2341 1527 2406 modestiamque
1560 2341 1787 2392 laudibus

107 2422 378 2487 praedicat.

241 2502 591 2563 Argumentum
642 2500 767 2549 haec
801 2502 969 2561 fabula
1001 2502 1152 2550 habet
1186 2503 1494 2562 romanticis,
1546 2517 1667 2565 quas
1701 2501 1788 2551 di-

110 2586 244 2639 cunt,
276 2580 459 2628 fabulis
492 2579 720 2640 vicinum,
757 2597 853 2644 quo
888 2599 1088 2646 genere,
1123 2582 1183 2629 ab
1218 2581 1473 2646 Euripide,
1509 2587 1569 2631 ut
1597 2583 1786 2647 opinor,

109 2662 268 2726 primo
306 2660 529 2720 invento,
578 2668 882 2726 quantopere
918 2663 1122 2723 Graeci,
1175 2662 1259 2724 qui
1292 2668 1397 2710 tum
1433 2667 1598 2718 erant,
1641 2661 1786 2710 dele-

111 2740 231 2790 ctati
277 2740 402 2802 sint,
463 2740 687 2790 Bacchus
733 2742 1080 2808 Aristophanis
1126 2747 1361 2803 testatur,
1418 2743 1544 2791 lecta
1591 2742 1783 2790 Andro-

110 2820 256 2870 meda
292 2821 510 2885 gestiens
544 2821 793 2887 voluptate
818 2839 877 2871 ac
911 2838 1069 2887 paene
1102 2823 1362 2872 insaniens.
1428 2823 1654 2871 Alterum
1688 2822 1784 2869 ho-

109 2916 216 2949 rum
254 2900 586 2949 admirationis
615 2902 958 2951 documentum
988 2902 1118 2967 apud
1144 2902 1351 2950 eundem
1372 2908 1560 2951 exstat:
1596 2907 1783 2949 utram-

110 2996 208 3044 que
243 2981 400 3039 enim,
449 2995 592 3043 quam
629 2981 877 3042 diximus,
917 2983 1131 3031 fabulam
1165 2983 1215 3032 in
1247 2981 1783 3048 Thesmophoriazusis

108 3060 332 3110 imitatus
366 3066 460 3111 est.
