<?xml version="1.0" encoding="UTF-8"?>
<!DOCTYPE html PUBLIC "-//W3C//DTD XHTML 1.0 Transitional//EN"
    "http://www.w3.org/TR/xhtml1/DTD/xhtml1-transitional.dtd">
<html xmlns="http://www.w3.org/1999/xhtml" xml:lang="en" lang="en">
 <head>
  <title>
</title>
<meta http-equiv="Content-Type" content="text/html;charset=utf-8" />
  <meta name='ocr-system' content='tesseract 3.04.00' />
  <meta name='ocr-capabilities' content='ocr_page ocr_carea ocr_par ocr_line ocrx_word'/>
</head>
<body>
  <div class='ocr_page' id='page_1' title='image "./euripidesrestitu02hartuoft_0399.png"; bbox 0 0 2164 3840; ppageno 0'>
   <div class='ocr_carea' id='block_1_1' title="bbox 962 267 1086 327">
    <p class='ocr_par' dir='ltr' id='par_1_1' title="bbox 962 267 1086 327">
     <span class='ocr_line' id='line_1_1' title="bbox 962 267 1086 327; baseline 0 -1"><span class='ocrx_word' id='word_1_1' title='bbox 962 267 1086 327; x_wconf 74' lang='lat'><strong>387</strong></span> 
     </span>
    </p>
   </div>
   <div class='ocr_carea' id='block_1_2' title="bbox 169 415 1871 2803">
    <p class='ocr_par' dir='ltr' id='par_1_2' title="bbox 171 415 1871 1762">
     <span class='ocr_line' id='line_1_2' title="bbox 180 415 1871 484; baseline 0.002 -16"><span class='ocrx_word' id='word_1_2' title='bbox 180 417 408 468; x_wconf 83' lang='lat' dir='ltr'><strong>omnibus</strong></span> <span class='ocrx_word' id='word_1_3' title='bbox 441 432 471 466; x_wconf 85' lang='lat' dir='ltr'><strong>a</strong></span> <span class='ocrx_word' id='word_1_4' title='bbox 504 415 730 482; x_wconf 86' lang='lat' dir='ltr'><strong>partibus</strong></span> <span class='ocrx_word' id='word_1_5' title='bbox 765 415 1132 477; x_wconf 87' lang='lat' dir='ltr'><strong>definitionem,</strong></span> <span class='ocrx_word' id='word_1_6' title='bbox 1179 432 1327 480; x_wconf 87' lang='lat' dir='ltr'><strong>quam</strong></span> <span class='ocrx_word' id='word_1_7' title='bbox 1361 419 1708 484; x_wconf 84' lang='lat' dir='ltr'><strong>proposuerit,</strong></span> <span class='ocrx_word' id='word_1_8' title='bbox 1758 435 1871 472; x_wconf 91' lang='lat' dir='ltr'><strong>cum</strong></span> 
     </span>
     <span class='ocr_line' id='line_1_3' title="bbox 179 496 1869 566; baseline 0.004 -19"><span class='ocrx_word' id='word_1_9' title='bbox 179 503 355 548; x_wconf 82' lang='lat' dir='ltr'><strong>natura</strong></span> <span class='ocrx_word' id='word_1_10' title='bbox 402 497 508 559; x_wconf 88' lang='lat' dir='ltr'><strong>rei,</strong></span> <span class='ocrx_word' id='word_1_11' title='bbox 555 514 699 561; x_wconf 88' lang='lat' dir='ltr'><strong>quam</strong></span> <span class='ocrx_word' id='word_1_12' title='bbox 749 496 1004 558; x_wconf 89' lang='lat' dir='ltr'><strong>definiret,</strong></span> <span class='ocrx_word' id='word_1_13' title='bbox 1058 511 1330 562; x_wconf 80' lang='lat' dir='ltr'>congruere</span> <span class='ocrx_word' id='word_1_14' title='bbox 1343 496 1413 562; x_wconf 82' lang='grc'><strong>*).</strong></span> <span class='ocrx_word' id='word_1_15' title='bbox 1483 499 1584 550; x_wconf 88' lang='lat' dir='ltr'><strong>Sed</strong></span> <span class='ocrx_word' id='word_1_16' title='bbox 1633 516 1869 566; x_wconf 76' lang='lat' dir='ltr'><strong>quaenam</strong></span> 
     </span>
     <span class='ocr_line' id='line_1_4' title="bbox 180 576 1868 646; baseline 0.003 -18"><span class='ocrx_word' id='word_1_17' title='bbox 180 579 266 628; x_wconf 88' lang='lat' dir='ltr'><strong>illa</strong></span> <span class='ocrx_word' id='word_1_18' title='bbox 302 578 398 627; x_wconf 89' lang='lat' dir='ltr'><strong>erit</strong></span> <span class='ocrx_word' id='word_1_19' title='bbox 431 594 511 626; x_wconf 87' lang='lat' dir='ltr'><strong>ars</strong></span> <span class='ocrx_word' id='word_1_20' title='bbox 545 578 622 626; x_wconf 84' lang='lat' dir='ltr'><strong>vel</strong></span> <span class='ocrx_word' id='word_1_21' title='bbox 656 593 895 641; x_wconf 83' lang='lat' dir='ltr'><strong>quaenam</strong></span> <span class='ocrx_word' id='word_1_22' title='bbox 933 592 1138 642; x_wconf 89' lang='lat' dir='ltr'><strong>operum</strong></span> <span class='ocrx_word' id='word_1_23' title='bbox 1185 576 1495 641; x_wconf 77' lang='lat' dir='ltr'><strong>pulcritudo,</strong></span> <span class='ocrx_word' id='word_1_24' title='bbox 1543 581 1585 628; x_wconf 90' lang='lat' dir='ltr'><strong>si</strong></span> <span class='ocrx_word' id='word_1_25' title='bbox 1631 582 1868 646; x_wconf 87' lang='lat' dir='ltr'><strong>imagines</strong></span> 
     </span>
     <span class='ocr_line' id='line_1_5' title="bbox 180 657 1868 727; baseline 0.003 -19"><span class='ocrx_word' id='word_1_26' title='bbox 180 659 517 724; x_wconf 82' lang='lat' dir='ltr'>exprimendis</span> <span class='ocrx_word' id='word_1_27' title='bbox 552 658 641 719; x_wconf 81' lang='lat' dir='ltr'><strong>iis,</strong></span> <span class='ocrx_word' id='word_1_28' title='bbox 690 673 816 720; x_wconf 86' lang='lat' dir='ltr'><strong>quae</strong></span> <span class='ocrx_word' id='word_1_29' title='bbox 863 657 940 706; x_wconf 84' lang='lat' dir='ltr'><strong>vel</strong></span> <span class='ocrx_word' id='word_1_30' title='bbox 975 658 1191 721; x_wconf 89' lang='lat' dir='ltr'><strong>pictores</strong></span> <span class='ocrx_word' id='word_1_31' title='bbox 1226 657 1302 705; x_wconf 88' lang='lat' dir='ltr'><strong>vel</strong></span> <span class='ocrx_word' id='word_1_32' title='bbox 1336 666 1518 721; x_wconf 80' lang='lat' dir='ltr'><strong>poetae</strong></span> <span class='ocrx_word' id='word_1_33' title='bbox 1549 660 1627 709; x_wconf 87' lang='lat' dir='ltr'><strong>vel</strong></span> <span class='ocrx_word' id='word_1_34' title='bbox 1663 663 1868 727; x_wconf 77' lang='lat' dir='ltr'><strong>opifices</strong></span> 
     </span>
     <span class='ocr_line' id='line_1_6' title="bbox 179 737 1869 806; baseline 0.003 -18"><span class='ocrx_word' id='word_1_35' title='bbox 179 739 519 795; x_wconf 87' lang='lat' dir='ltr'><strong>imitabuntur,</strong></span> <span class='ocrx_word' id='word_1_36' title='bbox 555 754 728 803; x_wconf 87' lang='lat' dir='ltr'><strong>parum</strong></span> <span class='ocrx_word' id='word_1_37' title='bbox 765 737 1023 786; x_wconf 80' lang='lat' dir='ltr'><strong>sufficient</strong></span> <span class='ocrx_word' id='word_1_38' title='bbox 1056 753 1216 801; x_wconf 90' lang='lat' dir='ltr'><strong>neque</strong></span> <span class='ocrx_word' id='word_1_39' title='bbox 1252 738 1391 801; x_wconf 89' lang='lat' dir='ltr'><strong>signa</strong></span> <span class='ocrx_word' id='word_1_40' title='bbox 1414 739 1704 802; x_wconf 85' lang='lat' dir='ltr'><strong>significatis</strong></span> <span class='ocrx_word' id='word_1_41' title='bbox 1733 745 1869 806; x_wconf 84' lang='lat' dir='ltr'><strong>paria</strong></span> 
     </span>
     <span class='ocr_line' id='line_1_7' title="bbox 179 814 1868 882; baseline 0.002 -14"><span class='ocrx_word' id='word_1_42' title='bbox 179 825 351 881; x_wconf 87' lang='lat' dir='ltr'><strong>erunt,</strong></span> <span class='ocrx_word' id='word_1_43' title='bbox 388 819 476 867; x_wconf 86' lang='lat' dir='ltr'><strong>sed</strong></span> <span class='ocrx_word' id='word_1_44' title='bbox 512 814 790 868; x_wconf 64' lang='lat' dir='ltr'><strong>inferiora?</strong></span> <span class='ocrx_word' id='word_1_45' title='bbox 825 818 1018 882; x_wconf 81' lang='lat' dir='ltr'><strong>Nempe</strong></span> <span class='ocrx_word' id='word_1_46' title='bbox 1053 834 1221 866; x_wconf 87' lang='lat' dir='ltr'><strong>manca</strong></span> <span class='ocrx_word' id='word_1_47' title='bbox 1258 824 1406 881; x_wconf 88' lang='lat' dir='ltr'><strong>atque</strong></span> <span class='ocrx_word' id='word_1_48' title='bbox 1441 819 1634 870; x_wconf 86' lang='lat' dir='ltr'><strong>vitiosa.</strong></span> <span class='ocrx_word' id='word_1_49' title='bbox 1704 821 1868 872; x_wconf 88' lang='lat' dir='ltr'><strong>Huius</strong></span> 
     </span>
     <span class='ocr_line' id='line_1_8' title="bbox 179 897 1868 967; baseline 0.002 -19"><span class='ocrx_word' id='word_1_50' title='bbox 179 905 293 948; x_wconf 87' lang='lat' dir='ltr'><strong>sunt</strong></span> <span class='ocrx_word' id='word_1_51' title='bbox 327 900 521 965; x_wconf 91' lang='lat' dir='ltr'><strong>generis</strong></span> <span class='ocrx_word' id='word_1_52' title='bbox 557 915 680 962; x_wconf 91' lang='lat' dir='ltr'><strong>quae</strong></span> <span class='ocrx_word' id='word_1_53' title='bbox 727 897 1073 962; x_wconf 87' lang='lat' dir='ltr'><strong>Klopstoccius</strong></span> <span class='ocrx_word' id='word_1_54' title='bbox 1123 899 1399 963; x_wconf 87' lang='lat' dir='ltr'><strong>composuit</strong></span> <span class='ocrx_word' id='word_1_55' title='bbox 1454 902 1692 963; x_wconf 87' lang='lat' dir='ltr'><strong>carmina,</strong></span> <span class='ocrx_word' id='word_1_56' title='bbox 1743 919 1868 967; x_wconf 91' lang='lat' dir='ltr'><strong>quae</strong></span> 
     </span>
     <span class='ocr_line' id='line_1_9' title="bbox 178 978 1867 1042; baseline 0.002 -15"><span class='ocrx_word' id='word_1_57' title='bbox 178 979 355 1028; x_wconf 84' lang='lat' dir='ltr'><strong>vitiosa</strong></span> <span class='ocrx_word' id='word_1_58' title='bbox 389 995 502 1027; x_wconf 90' lang='lat' dir='ltr'><strong>esse</strong></span> <span class='ocrx_word' id='word_1_59' title='bbox 534 983 585 1026; x_wconf 86' lang='lat' dir='ltr'><strong>et</strong></span> <span class='ocrx_word' id='word_1_60' title='bbox 621 978 946 1042; x_wconf 81' lang='lat' dir='ltr'><strong>pulcritudine</strong></span> <span class='ocrx_word' id='word_1_61' title='bbox 972 994 1143 1026; x_wconf 88' lang='lat' dir='ltr'><strong>carere</strong></span> <span class='ocrx_word' id='word_1_62' title='bbox 1168 978 1318 1027; x_wconf 86' lang='lat' dir='ltr'><strong>hodie</strong></span> <span class='ocrx_word' id='word_1_63' title='bbox 1349 978 1459 1027; x_wconf 89' lang='lat' dir='ltr'><strong>fere</strong></span> <span class='ocrx_word' id='word_1_64' title='bbox 1489 996 1660 1029; x_wconf 90' lang='lat' dir='ltr'><strong>omnes</strong></span> <span class='ocrx_word' id='word_1_65' title='bbox 1685 983 1867 1032; x_wconf 88' lang='lat' dir='ltr'><strong>intelli-</strong></span> 
     </span>
     <span class='ocr_line' id='line_1_10' title="bbox 179 1058 1868 1125; baseline 0.004 -18"><span class='ocrx_word' id='word_1_66' title='bbox 179 1067 312 1125; x_wconf 89' lang='lat' dir='ltr'><strong>gunt.</strong></span> <span class='ocrx_word' id='word_1_67' title='bbox 348 1059 551 1108; x_wconf 85' lang='lat' dir='ltr'><strong>lnfantia</strong></span> <span class='ocrx_word' id='word_1_68' title='bbox 576 1063 670 1117; x_wconf 87' lang='lat' dir='ltr'><strong>est,</strong></span> <span class='ocrx_word' id='word_1_69' title='bbox 695 1074 791 1107; x_wconf 89' lang='lat' dir='ltr'><strong>non</strong></span> <span class='ocrx_word' id='word_1_70' title='bbox 817 1058 1046 1118; x_wconf 78' lang='lat' dir='ltr'><strong>eruditio,</strong></span> <span class='ocrx_word' id='word_1_71' title='bbox 1066 1074 1162 1107; x_wconf 93' lang='lat' dir='ltr'><strong>non</strong></span> <span class='ocrx_word' id='word_1_72' title='bbox 1183 1058 1404 1106; x_wconf 81' lang='lat' dir='ltr'><strong>invenire</strong></span> <span class='ocrx_word' id='word_1_73' title='bbox 1421 1059 1470 1107; x_wconf 90' lang='lat' dir='ltr'><strong>in</strong></span> <span class='ocrx_word' id='word_1_74' title='bbox 1497 1076 1662 1110; x_wconf 88' lang='lat' dir='ltr'><strong>rerum</strong></span> <span class='ocrx_word' id='word_1_75' title='bbox 1690 1067 1868 1113; x_wconf 88' lang='lat' dir='ltr'><strong>natura</strong></span> 
     </span>
     <span class='ocr_line' id='line_1_11' title="bbox 179 1138 1868 1204; baseline 0.004 -17"><span class='ocrx_word' id='word_1_76' title='bbox 179 1155 306 1204; x_wconf 86' lang='lat' dir='ltr'><strong>quae</strong></span> <span class='ocrx_word' id='word_1_77' title='bbox 337 1139 515 1187; x_wconf 88' lang='lat' dir='ltr'><strong>mentis</strong></span> <span class='ocrx_word' id='word_1_78' title='bbox 559 1138 934 1203; x_wconf 81' lang='lat' dir='ltr'><strong>cogitationibus</strong></span> <span class='ocrx_word' id='word_1_79' title='bbox 979 1139 1315 1203; x_wconf 81' lang='lat' dir='ltr'><strong>exprimendis</strong></span> <span class='ocrx_word' id='word_1_80' title='bbox 1359 1144 1642 1204; x_wconf 81' lang='lat' dir='ltr'><strong>suppetant.</strong></span> <span class='ocrx_word' id='word_1_81' title='bbox 1726 1143 1868 1204; x_wconf 82' lang='lat' dir='ltr'><strong>Quae</strong></span> 
     </span>
     <span class='ocr_line' id='line_1_12' title="bbox 179 1218 1866 1283; baseline 0.002 -15"><span class='ocrx_word' id='word_1_82' title='bbox 179 1220 355 1268; x_wconf 89' lang='lat' dir='ltr'><strong>mentis</strong></span> <span class='ocrx_word' id='word_1_83' title='bbox 406 1219 601 1267; x_wconf 88' lang='lat' dir='ltr'><strong>divinae</strong></span> <span class='ocrx_word' id='word_1_84' title='bbox 649 1219 893 1267; x_wconf 87' lang='lat' dir='ltr'><strong>maiestati</strong></span> <span class='ocrx_word' id='word_1_85' title='bbox 940 1218 1333 1270; x_wconf 83' lang='lat' dir='ltr'><strong>manifestandae</strong></span> <span class='ocrx_word' id='word_1_86' title='bbox 1368 1220 1665 1283; x_wconf 81' lang='lat' dir='ltr'><strong>suppetierit</strong></span> <span class='ocrx_word' id='word_1_87' title='bbox 1698 1238 1866 1272; x_wconf 90' lang='lat' dir='ltr'><strong>rerum</strong></span> 
     </span>
     <span class='ocr_line' id='line_1_13' title="bbox 178 1298 1866 1363; baseline 0.002 -16"><span class='ocrx_word' id='word_1_88' title='bbox 178 1307 383 1358; x_wconf 86' lang='lat' dir='ltr'><strong>natura,</strong></span> <span class='ocrx_word' id='word_1_89' title='bbox 429 1314 604 1346; x_wconf 91' lang='lat' dir='ltr'><strong>eamne</strong></span> <span class='ocrx_word' id='word_1_90' title='bbox 650 1298 1030 1346; x_wconf 87' lang='lat' dir='ltr'><strong>homuncionum</strong></span> <span class='ocrx_word' id='word_1_91' title='bbox 1068 1314 1327 1346; x_wconf 89' lang='lat' dir='ltr'><strong>censemus</strong></span> <span class='ocrx_word' id='word_1_92' title='bbox 1362 1299 1745 1363; x_wconf 80' lang='lat' dir='ltr'><strong>cogitationibus</strong></span> <span class='ocrx_word' id='word_1_93' title='bbox 1780 1318 1866 1351; x_wconf 84' lang='lat' dir='ltr'><strong>ex-</strong></span> 
     </span>
     <span class='ocr_line' id='line_1_14' title="bbox 174 1377 1866 1444; baseline 0.004 -18"><span class='ocrx_word' id='word_1_94' title='bbox 174 1378 445 1444; x_wconf 88' lang='lat' dir='ltr'><strong>primendis</strong></span> <span class='ocrx_word' id='word_1_95' title='bbox 481 1393 692 1441; x_wconf 87' lang='lat' dir='ltr'><strong>unquam</strong></span> <span class='ocrx_word' id='word_1_96' title='bbox 729 1377 942 1425; x_wconf 63' lang='lat' dir='ltr'><strong>deesse?</strong></span> <span class='ocrx_word' id='word_1_97' title='bbox 989 1377 1235 1442; x_wconf 84' lang='lat' dir='ltr'><strong>Exemplo</strong></span> <span class='ocrx_word' id='word_1_98' title='bbox 1271 1377 1445 1438; x_wconf 87' lang='lat' dir='ltr'><strong>allato,</strong></span> <span class='ocrx_word' id='word_1_99' title='bbox 1481 1379 1639 1442; x_wconf 88' lang='lat' dir='ltr'><strong>qualis</strong></span> <span class='ocrx_word' id='word_1_100' title='bbox 1676 1382 1745 1430; x_wconf 83' lang='lat' dir='ltr'><strong>sit</strong></span> <span class='ocrx_word' id='word_1_101' title='bbox 1777 1381 1866 1432; x_wconf 92' lang='lat' dir='ltr'><strong>Vi-</strong></span> 
     </span>
     <span class='ocr_line' id='line_1_15' title="bbox 177 1446 1865 1524; baseline 0.002 -17"><span class='ocrx_word' id='word_1_102' title='bbox 177 1458 344 1508; x_wconf 84' lang='lat' dir='ltr'><strong>scheri</strong></span> <span class='ocrx_word' id='word_1_103' title='bbox 380 1473 519 1506; x_wconf 91' lang='lat' dir='ltr'><strong>error</strong></span> <span class='ocrx_word' id='word_1_104' title='bbox 553 1446 604 1505; x_wconf 75' lang='lat' dir='ltr'><strong>et</strong></span> <span class='ocrx_word' id='word_1_105' title='bbox 637 1457 767 1506; x_wconf 88' lang='lat' dir='ltr'><strong>unde</strong></span> <span class='ocrx_word' id='word_1_106' title='bbox 802 1463 964 1514; x_wconf 86' lang='lat' dir='ltr'><strong>natus,</strong></span> <span class='ocrx_word' id='word_1_107' title='bbox 1000 1457 1193 1505; x_wconf 85' lang='lat' dir='ltr'><strong>facilius</strong></span> <span class='ocrx_word' id='word_1_108' title='bbox 1222 1458 1540 1521; x_wconf 82' lang='lat' dir='ltr'><strong>intelligetur.</strong></span> <span class='ocrx_word' id='word_1_109' title='bbox 1609 1460 1865 1524; x_wconf 87' lang='lat' dir='ltr'><strong>Equorum</strong></span> 
     </span>
     <span class='ocr_line' id='line_1_16' title="bbox 177 1537 1865 1606; baseline 0.003 -19"><span class='ocrx_word' id='word_1_110' title='bbox 177 1539 454 1588; x_wconf 86' lang='lat' dir='ltr'><strong>divinorum</strong></span> <span class='ocrx_word' id='word_1_111' title='bbox 491 1537 590 1585; x_wconf 85' lang='lat' dir='ltr'><strong>vim</strong></span> <span class='ocrx_word' id='word_1_112' title='bbox 624 1543 674 1586; x_wconf 89' lang='lat' dir='ltr'><strong>et</strong></span> <span class='ocrx_word' id='word_1_113' title='bbox 708 1537 1019 1586; x_wconf 87' lang='lat' dir='ltr'><strong>velocitatem</strong></span> <span class='ocrx_word' id='word_1_114' title='bbox 1057 1542 1109 1584; x_wconf 90' lang='lat' dir='ltr'><strong>ut</strong></span> <span class='ocrx_word' id='word_1_115' title='bbox 1145 1538 1374 1586; x_wconf 87' lang='lat' dir='ltr'><strong>ostendat</strong></span> <span class='ocrx_word' id='word_1_116' title='bbox 1407 1537 1674 1600; x_wconf 80' lang='lat' dir='ltr'><strong>Homerus,</strong></span> <span class='ocrx_word' id='word_1_117' title='bbox 1711 1558 1865 1606; x_wconf 90' lang='lat' dir='ltr'><strong>quan-</strong></span> 
     </span>
     <span class='ocr_line' id='line_1_17' title="bbox 171 1617 1866 1684; baseline 0.004 -18"><span class='ocrx_word' id='word_1_118' title='bbox 171 1623 277 1667; x_wconf 89' lang='lat' dir='ltr'><strong>tum</strong></span> <span class='ocrx_word' id='word_1_119' title='bbox 334 1618 547 1682; x_wconf 87' lang='lat' dir='ltr'><strong>spatium</strong></span> <span class='ocrx_word' id='word_1_120' title='bbox 604 1618 781 1682; x_wconf 89' lang='lat' dir='ltr'><strong>aliquis</strong></span> <span class='ocrx_word' id='word_1_121' title='bbox 832 1618 985 1666; x_wconf 86' lang='lat' dir='ltr'><strong>oculis</strong></span> <span class='ocrx_word' id='word_1_122' title='bbox 1031 1617 1263 1665; x_wconf 89' lang='lat' dir='ltr'><strong>terminet</strong></span> <span class='ocrx_word' id='word_1_123' title='bbox 1311 1634 1372 1665; x_wconf 84' lang='lat' dir='ltr'><strong>ex</strong></span> <span class='ocrx_word' id='word_1_124' title='bbox 1422 1618 1522 1666; x_wconf 83' lang='lat' dir='ltr'><strong>alta</strong></span> <span class='ocrx_word' id='word_1_125' title='bbox 1567 1622 1770 1684; x_wconf 85' lang='lat' dir='ltr'><strong>specula</strong></span> <span class='ocrx_word' id='word_1_126' title='bbox 1815 1623 1866 1672; x_wconf 88' lang='lat' dir='ltr'><strong>in</strong></span> 
     </span>
     <span class='ocr_line' id='line_1_18' title="bbox 174 1696 1862 1762; baseline 0.002 -14"><span class='ocrx_word' id='word_1_127' title='bbox 174 1715 310 1748; x_wconf 81' lang='lat' dir='ltr'><strong>mare</strong></span> <span class='ocrx_word' id='word_1_128' title='bbox 343 1698 671 1762; x_wconf 86' lang='lat' dir='ltr'><strong>prospiciens,</strong></span> <span class='ocrx_word' id='word_1_129' title='bbox 706 1702 896 1745; x_wconf 85' lang='lat' dir='ltr'><strong>tantum</strong></span> <span class='ocrx_word' id='word_1_130' title='bbox 933 1697 1044 1744; x_wconf 90' lang='lat' dir='ltr'><strong>illos</strong></span> <span class='ocrx_word' id='word_1_131' title='bbox 1072 1696 1142 1744; x_wconf 87' lang='lat' dir='ltr'><strong>ait</strong></span> <span class='ocrx_word' id='word_1_132' title='bbox 1167 1697 1375 1759; x_wconf 87' lang='lat' dir='ltr'><strong>singulis</strong></span> <span class='ocrx_word' id='word_1_133' title='bbox 1402 1698 1611 1748; x_wconf 84' lang='lat' dir='ltr'><strong>saltibus</strong></span> <span class='ocrx_word' id='word_1_134' title='bbox 1640 1702 1862 1751; x_wconf 86' lang='lat' dir='ltr'><strong>emetiri:</strong></span> 
     </span>
    </p>

    <p class='ocr_par' dir='ltr' id='par_1_3' title="bbox 308 1774 1564 1842">
     <span class='ocr_line' id='line_1_19' title="bbox 308 1774 1564 1842; baseline 0.001 -16"><span class='ocrx_word' id='word_1_135' title='bbox 308 1774 472 1827; x_wconf 85' lang='grc' dir='ltr'><em>ὅσσον</em></span> <span class='ocrx_word' id='word_1_136' title='bbox 505 1776 551 1826; x_wconf 81' lang='grc' dir='ltr'><strong>δ’</strong></span> <span class='ocrx_word' id='word_1_137' title='bbox 586 1774 844 1842; x_wconf 79' lang='grc' dir='ltr'><em>ἠεροειδὲς</em></span> <span class='ocrx_word' id='word_1_138' title='bbox 879 1774 1016 1841; x_wconf 76' lang='grc' dir='ltr'><em>ἀνὴρ</em></span> <span class='ocrx_word' id='word_1_139' title='bbox 1050 1774 1166 1825; x_wconf 80' lang='grc' dir='ltr'><em>ἴδεν</em></span> <span class='ocrx_word' id='word_1_140' title='bbox 1199 1774 1564 1841; x_wconf 80' lang='grc' dir='ltr'><em>ὀφθαλμοῖσιν</em></span> 
     </span>
    </p>

    <p class='ocr_par' dir='ltr' id='par_1_4' title="bbox 307 1853 1691 1923">
     <span class='ocr_line' id='line_1_20' title="bbox 307 1853 1691 1923; baseline 0.002 -17"><span class='ocrx_word' id='word_1_141' title='bbox 307 1855 500 1923; x_wconf 78' lang='grc' dir='ltr'><strong><em>ἥμενος</em></strong></span> <span class='ocrx_word' id='word_1_142' title='bbox 535 1854 593 1907; x_wconf 75' lang='grc' dir='ltr'><strong>ἐν</strong></span> <span class='ocrx_word' id='word_1_143' title='bbox 627 1861 820 1922; x_wconf 76' lang='grc' dir='ltr'><em>σκοπιῇ</em></span> <span class='ocrx_word' id='word_1_144' title='bbox 855 1856 1091 1906; x_wconf 82' lang='grc' dir='ltr'><em>λεύσσων</em></span> <span class='ocrx_word' id='word_1_145' title='bbox 1126 1853 1210 1906; x_wconf 78' lang='grc' dir='ltr'><strong>ἐπὶ</strong></span> <span class='ocrx_word' id='word_1_146' title='bbox 1246 1855 1439 1908; x_wconf 79' lang='grc' dir='ltr'><em>οἴνοπα</em></span> <span class='ocrx_word' id='word_1_147' title='bbox 1473 1857 1691 1922; x_wconf 83' lang='grc' dir='ltr'><em>πόντον,</em></span> 
     </span>
    </p>

    <p class='ocr_par' dir='ltr' id='par_1_5' title="bbox 169 1935 1861 2803">
     <span class='ocr_line' id='line_1_21' title="bbox 304 1935 1565 2003; baseline 0 -16"><span class='ocrx_word' id='word_1_148' title='bbox 304 1937 499 1987; x_wconf 82' lang='grc' dir='ltr'><em>τόσσον</em></span> <span class='ocrx_word' id='word_1_149' title='bbox 534 1935 926 2001; x_wconf 80' lang='grc' dir='ltr'><em>ἐπιθρώσκουσι</em></span> <span class='ocrx_word' id='word_1_150' title='bbox 960 1938 1105 1987; x_wconf 74' lang='grc' dir='ltr'><em>θεῶν</em></span> <span class='ocrx_word' id='word_1_151' title='bbox 1138 1935 1362 2003; x_wconf 76' lang='grc' dir='ltr'><strong><em>ὑψηχέες</em></strong></span> <span class='ocrx_word' id='word_1_152' title='bbox 1397 1937 1565 1989; x_wconf 82' lang='grc' dir='ltr'><em>ἵπποι.</em></span> 
     </span>
     <span class='ocr_line' id='line_1_22' title="bbox 174 2019 1859 2084; baseline 0.001 -17"><span class='ocrx_word' id='word_1_153' title='bbox 174 2019 247 2067; x_wconf 89' lang='lat' dir='ltr'><strong>De</strong></span> <span class='ocrx_word' id='word_1_154' title='bbox 281 2034 376 2082; x_wconf 88' lang='lat' dir='ltr'><strong>quo</strong></span> <span class='ocrx_word' id='word_1_155' title='bbox 413 2019 728 2067; x_wconf 87' lang='lat' dir='ltr'><strong>sublimitatis</strong></span> <span class='ocrx_word' id='word_1_156' title='bbox 757 2019 984 2082; x_wconf 87' lang='lat' dir='ltr'><strong>exemplo</strong></span> <span class='ocrx_word' id='word_1_157' title='bbox 1009 2020 1132 2067; x_wconf 87' lang='lat' dir='ltr'><strong>haec</strong></span> <span class='ocrx_word' id='word_1_158' title='bbox 1157 2020 1360 2083; x_wconf 87' lang='lat' dir='ltr'><strong>scripsit</strong></span> <span class='ocrx_word' id='word_1_159' title='bbox 1387 2019 1661 2084; x_wconf 83' lang='lat' dir='ltr'><strong>Longinus:</strong></span> <span class='ocrx_word' id='word_1_160' title='bbox 1696 2019 1859 2082; x_wconf 81' lang='lat' dir='ltr'><strong>„Quis</strong></span> 
     </span>
     <span class='ocr_line' id='line_1_23' title="bbox 173 2099 1860 2162; baseline 0.001 -15"><span class='ocrx_word' id='word_1_161' title='bbox 173 2114 270 2147; x_wconf 88' lang='lat' dir='ltr'><strong>non</strong></span> <span class='ocrx_word' id='word_1_162' title='bbox 305 2100 482 2147; x_wconf 87' lang='lat' dir='ltr'><strong>merito</strong></span> <span class='ocrx_word' id='word_1_163' title='bbox 516 2100 565 2147; x_wconf 90' lang='lat' dir='ltr'><strong>in</strong></span> <span class='ocrx_word' id='word_1_164' title='bbox 600 2106 737 2147; x_wconf 85' lang='lat' dir='ltr'><strong>tanta</strong></span> <span class='ocrx_word' id='word_1_165' title='bbox 772 2100 1119 2162; x_wconf 81' lang='lat' dir='ltr'><strong>magnitudinis</strong></span> <span class='ocrx_word' id='word_1_166' title='bbox 1155 2099 1452 2148; x_wconf 85' lang='lat' dir='ltr'><strong>abundantia</strong></span> <span class='ocrx_word' id='word_1_167' title='bbox 1498 2100 1767 2148; x_wconf 85' lang='lat' dir='ltr'><strong>exclamet:</strong></span> <span class='ocrx_word' id='word_1_168' title='bbox 1817 2101 1860 2148; x_wconf 89' lang='lat' dir='ltr'><strong>si</strong></span> 
     </span>
     <span class='ocr_line' id='line_1_24' title="bbox 172 2179 1857 2243; baseline 0.001 -17"><span class='ocrx_word' id='word_1_169' title='bbox 172 2179 342 2242; x_wconf 86' lang='lat' dir='ltr'><strong>plures</strong></span> <span class='ocrx_word' id='word_1_170' title='bbox 379 2179 614 2243; x_wconf 85' lang='lat' dir='ltr'><strong>deinceps</strong></span> <span class='ocrx_word' id='word_1_171' title='bbox 650 2179 865 2242; x_wconf 88' lang='lat' dir='ltr'><strong>impetus</strong></span> <span class='ocrx_word' id='word_1_172' title='bbox 913 2179 1129 2226; x_wconf 85' lang='lat' dir='ltr'><strong>fecerint</strong></span> <span class='ocrx_word' id='word_1_173' title='bbox 1164 2180 1279 2243; x_wconf 87' lang='lat' dir='ltr'><strong>equi</strong></span> <span class='ocrx_word' id='word_1_174' title='bbox 1315 2179 1494 2240; x_wconf 88' lang='lat' dir='ltr'><strong>divini,</strong></span> <span class='ocrx_word' id='word_1_175' title='bbox 1543 2179 1857 2228; x_wconf 83' lang='lat' dir='ltr'><strong>defecturum</strong></span> 
     </span>
     <span class='ocr_line' id='line_1_25' title="bbox 170 2258 1856 2324; baseline 0 -17"><span class='ocrx_word' id='word_1_176' title='bbox 170 2259 221 2309; x_wconf 90' lang='lat' dir='ltr'><strong>in</strong></span> <span class='ocrx_word' id='word_1_177' title='bbox 255 2258 436 2307; x_wconf 89' lang='lat' dir='ltr'><strong>mundo</strong></span> <span class='ocrx_word' id='word_1_178' title='bbox 472 2260 683 2323; x_wconf 87' lang='lat' dir='ltr'><strong>spatium</strong></span> <span class='ocrx_word' id='word_1_179' title='bbox 702 2259 750 2307; x_wconf 88' lang='lat'><strong>!”</strong></span> <span class='ocrx_word' id='word_1_180' title='bbox 813 2258 1022 2322; x_wconf 90' lang='lat' dir='ltr'><strong>Captum</strong></span> <span class='ocrx_word' id='word_1_181' title='bbox 1071 2275 1307 2322; x_wconf 86' lang='lat' dir='ltr'><strong>superare</strong></span> <span class='ocrx_word' id='word_1_182' title='bbox 1356 2259 1427 2307; x_wconf 88' lang='lat' dir='ltr'><strong>rei</strong></span> <span class='ocrx_word' id='word_1_183' title='bbox 1473 2259 1856 2324; x_wconf 85' lang='lat' dir='ltr'><strong>magnitudinem</strong></span> 
     </span>
     <span class='ocr_line' id='line_1_26' title="bbox 171 2338 1861 2403; baseline 0.001 -16"><span class='ocrx_word' id='word_1_184' title='bbox 171 2339 362 2387; x_wconf 86' lang='lat' dir='ltr'><strong>monuit</strong></span> <span class='ocrx_word' id='word_1_185' title='bbox 407 2339 680 2387; x_wconf 84' lang='lat' dir='ltr'><strong>verissime.</strong></span> <span class='ocrx_word' id='word_1_186' title='bbox 760 2338 924 2401; x_wconf 85' lang='lat' dir='ltr'><strong>Atque</strong></span> <span class='ocrx_word' id='word_1_187' title='bbox 973 2339 1098 2386; x_wconf 85' lang='lat' dir='ltr'><strong>haec</strong></span> <span class='ocrx_word' id='word_1_188' title='bbox 1148 2338 1422 2387; x_wconf 86' lang='lat' dir='ltr'><strong>communis</strong></span> <span class='ocrx_word' id='word_1_189' title='bbox 1471 2355 1674 2396; x_wconf 87' lang='lat' dir='ltr'><strong>eorum,</strong></span> <span class='ocrx_word' id='word_1_190' title='bbox 1735 2355 1861 2403; x_wconf 87' lang='lat' dir='ltr'><strong>quae</strong></span> 
     </span>
     <span class='ocr_line' id='line_1_27' title="bbox 170 2419 1859 2483; baseline -0.001 -16"><span class='ocrx_word' id='word_1_191' title='bbox 170 2419 398 2468; x_wconf 88' lang='lat' dir='ltr'><strong>sublimia</strong></span> <span class='ocrx_word' id='word_1_192' title='bbox 433 2420 756 2483; x_wconf 87' lang='lat' dir='ltr'><strong>appellamus,</strong></span> <span class='ocrx_word' id='word_1_193' title='bbox 792 2422 967 2474; x_wconf 84' lang='lat' dir='ltr'><strong>natura</strong></span> <span class='ocrx_word' id='word_1_194' title='bbox 998 2426 1105 2467; x_wconf 87' lang='lat' dir='ltr'><strong>est:</strong></span> <span class='ocrx_word' id='word_1_195' title='bbox 1141 2434 1237 2467; x_wconf 89' lang='lat' dir='ltr'><strong>non</strong></span> <span class='ocrx_word' id='word_1_196' title='bbox 1272 2419 1473 2466; x_wconf 90' lang='lat' dir='ltr'><strong>modum</strong></span> <span class='ocrx_word' id='word_1_197' title='bbox 1502 2434 1695 2479; x_wconf 83' lang='lat' dir='ltr'><strong>eorum,</strong></span> <span class='ocrx_word' id='word_1_198' title='bbox 1731 2434 1859 2480; x_wconf 89' lang='lat' dir='ltr'><strong>quae</strong></span> 
     </span>
     <span class='ocr_line' id='line_1_28' title="bbox 171 2497 1859 2562; baseline -0.002 -15"><span class='ocrx_word' id='word_1_199' title='bbox 171 2498 263 2547; x_wconf 85' lang='lat' dir='ltr'><strong>sul)</strong></span> <span class='ocrx_word' id='word_1_200' title='bbox 310 2514 485 2546; x_wconf 88' lang='lat' dir='ltr'><strong>sensus</strong></span> <span class='ocrx_word' id='word_1_201' title='bbox 533 2499 740 2561; x_wconf 84' lang='lat' dir='ltr'><strong>cadunt,</strong></span> <span class='ocrx_word' id='word_1_202' title='bbox 793 2503 1027 2561; x_wconf 89' lang='lat' dir='ltr'><strong>superant</strong></span> <span class='ocrx_word' id='word_1_203' title='bbox 1072 2514 1155 2558; x_wconf 90' lang='lat' dir='ltr'><strong>ea,</strong></span> <span class='ocrx_word' id='word_1_204' title='bbox 1212 2514 1340 2560; x_wconf 89' lang='lat' dir='ltr'><strong>quae</strong></span> <span class='ocrx_word' id='word_1_205' title='bbox 1386 2497 1560 2545; x_wconf 89' lang='lat' dir='ltr'><strong>animis</strong></span> <span class='ocrx_word' id='word_1_206' title='bbox 1607 2497 1859 2562; x_wconf 87' lang='lat' dir='ltr'><strong>finguntur</strong></span> 
     </span>
     <span class='ocr_line' id='line_1_29' title="bbox 171 2575 1858 2643; baseline 0.001 -18"><span class='ocrx_word' id='word_1_207' title='bbox 171 2576 380 2643; x_wconf 88' lang='lat' dir='ltr'><strong>(quippe</strong></span> <span class='ocrx_word' id='word_1_208' title='bbox 424 2594 570 2640; x_wconf 92' lang='lat' dir='ltr'><strong>quum</strong></span> <span class='ocrx_word' id='word_1_209' title='bbox 617 2578 665 2626; x_wconf 91' lang='lat' dir='ltr'><strong>in</strong></span> <span class='ocrx_word' id='word_1_210' title='bbox 709 2579 815 2642; x_wconf 86' lang='lat' dir='ltr'><strong>ipsa</strong></span> <span class='ocrx_word' id='word_1_211' title='bbox 857 2577 939 2626; x_wconf 89' lang='lat' dir='ltr'><strong>illa</strong></span> <span class='ocrx_word' id='word_1_212' title='bbox 986 2577 1328 2640; x_wconf 85' lang='lat' dir='ltr'><strong>congruentia,</strong></span> <span class='ocrx_word' id='word_1_213' title='bbox 1379 2593 1474 2639; x_wconf 92' lang='lat' dir='ltr'><strong>qua</strong></span> <span class='ocrx_word' id='word_1_214' title='bbox 1516 2575 1710 2624; x_wconf 89' lang='lat' dir='ltr'><strong>formae</strong></span> <span class='ocrx_word' id='word_1_215' title='bbox 1745 2592 1858 2626; x_wconf 88' lang='lat' dir='ltr'><strong>cum</strong></span> 
     </span>
     <span class='ocr_line' id='line_1_30' title="bbox 169 2654 1858 2722; baseline -0.002 -15"><span class='ocrx_word' id='word_1_216' title='bbox 169 2658 397 2722; x_wconf 85' lang='lat' dir='ltr'><strong>cogitatis</strong></span> <span class='ocrx_word' id='word_1_217' title='bbox 449 2657 761 2718; x_wconf 88' lang='lat' dir='ltr'><strong>coalescunt,</strong></span> <span class='ocrx_word' id='word_1_218' title='bbox 803 2658 876 2706; x_wconf 84' lang='lat' dir='ltr'><strong>vis</strong></span> <span class='ocrx_word' id='word_1_219' title='bbox 923 2664 1179 2722; x_wconf 88' lang='lat' dir='ltr'><strong>poetarum</strong></span> <span class='ocrx_word' id='word_1_220' title='bbox 1231 2661 1283 2704; x_wconf 86' lang='lat' dir='ltr'><strong>et</strong></span> <span class='ocrx_word' id='word_1_221' title='bbox 1317 2655 1544 2704; x_wconf 83' lang='lat' dir='ltr'><strong>officium</strong></span> <span class='ocrx_word' id='word_1_222' title='bbox 1582 2654 1858 2718; x_wconf 87' lang='lat' dir='ltr'><strong>cernatur),</strong></span> 
     </span>
     <span class='ocr_line' id='line_1_31' title="bbox 171 2736 1857 2803; baseline -0.001 -16"><span class='ocrx_word' id='word_1_223' title='bbox 171 2738 261 2787; x_wconf 90' lang='lat' dir='ltr'><strong>sed</strong></span> <span class='ocrx_word' id='word_1_224' title='bbox 296 2736 472 2786; x_wconf 88' lang='lat' dir='ltr'><strong>modus</strong></span> <span class='ocrx_word' id='word_1_225' title='bbox 509 2738 800 2803; x_wconf 87' lang='lat' dir='ltr'><strong>speciesque</strong></span> <span class='ocrx_word' id='word_1_226' title='bbox 833 2738 1106 2787; x_wconf 86' lang='lat' dir='ltr'><strong>formarum</strong></span> <span class='ocrx_word' id='word_1_227' title='bbox 1142 2738 1250 2802; x_wconf 79' lang='lat' dir='ltr'><strong>ipsa</strong></span> <span class='ocrx_word' id='word_1_228' title='bbox 1285 2742 1484 2800; x_wconf 86' lang='lat' dir='ltr'><strong>captum</strong></span> <span class='ocrx_word' id='word_1_229' title='bbox 1520 2741 1723 2800; x_wconf 87' lang='lat' dir='ltr'><strong>superat</strong></span> <span class='ocrx_word' id='word_1_230' title='bbox 1756 2736 1857 2785; x_wconf 92' lang='lat' dir='ltr'><strong>hu-</strong></span> 
     </span>
    </p>
   </div>
   <div class='ocr_carea' id='block_1_3' title="bbox 278 2840 621 2848">
    <p class='ocr_par' dir='ltr' id='par_1_6' title="bbox 278 2840 621 2848">
     <span class='ocr_line' id='line_1_32' title="bbox 278 2840 621 2848; baseline 0 0"><span class='ocrx_word' id='word_1_231' title='bbox 278 2840 621 2848; x_wconf 95' lang='lat' dir='ltr'><strong> </strong></span> 
     </span>
    </p>
   </div>
   <div class='ocr_carea' id='block_1_4' title="bbox 228 2891 1858 3443">
    <p class='ocr_par' dir='ltr' id='par_1_7' title="bbox 305 2891 1858 3301">
     <span class='ocr_line' id='line_1_33' title="bbox 308 2891 1858 2952; baseline -0.001 -16"><span class='ocrx_word' id='word_1_232' title='bbox 308 2908 528 2950; x_wconf 84' lang='lat' dir='ltr'><strong>wogegen</strong></span> <span class='ocrx_word' id='word_1_233' title='bbox 558 2895 629 2936; x_wconf 87' lang='lat' dir='ltr'><strong>die</strong></span> <span class='ocrx_word' id='word_1_234' title='bbox 659 2895 1074 2952; x_wconf 83' lang='lat' dir='ltr'><strong>Einbildungskraft</strong></span> <span class='ocrx_word' id='word_1_235' title='bbox 1102 2894 1190 2935; x_wconf 87' lang='lat' dir='ltr'><strong>und</strong></span> <span class='ocrx_word' id='word_1_236' title='bbox 1212 2892 1352 2934; x_wconf 79' lang='lat' dir='ltr'><strong>Natur</strong></span> <span class='ocrx_word' id='word_1_237' title='bbox 1374 2892 1443 2932; x_wconf 83' lang='lat' dir='ltr'><strong>als</strong></span> <span class='ocrx_word' id='word_1_238' title='bbox 1465 2905 1610 2947; x_wconf 85' lang='lat' dir='ltr'><strong>gegen</strong></span> <span class='ocrx_word' id='word_1_239' title='bbox 1634 2891 1706 2933; x_wconf 87' lang='lat' dir='ltr'><strong>die</strong></span> <span class='ocrx_word' id='word_1_240' title='bbox 1723 2892 1858 2934; x_wconf 87' lang='lat' dir='ltr'><strong>Ideen</strong></span> 
     </span>
     <span class='ocr_line' id='line_1_34' title="bbox 310 2962 1855 3012; baseline -0.001 -6"><span class='ocrx_word' id='word_1_241' title='bbox 310 2965 389 3006; x_wconf 87' lang='lat' dir='ltr'><strong>der</strong></span> <span class='ocrx_word' id='word_1_242' title='bbox 421 2964 634 3006; x_wconf 84' lang='lat' dir='ltr'><strong>Vernunft</strong></span> <span class='ocrx_word' id='word_1_243' title='bbox 664 2965 1030 3008; x_wconf 84' lang='lat' dir='ltr'><strong>verschwindend</strong></span> <span class='ocrx_word' id='word_1_244' title='bbox 1061 2962 1338 3012; x_wconf 68' lang='lat' dir='ltr'><strong>erscheinem</strong></span> <span class='ocrx_word' id='word_1_245' title='bbox 1368 2975 1461 3003; x_wconf 84' lang='lat' dir='ltr'><strong>was</strong></span> <span class='ocrx_word' id='word_1_246' title='bbox 1492 2962 1606 3002; x_wconf 81' lang='lat' dir='ltr'><strong>auch</strong></span> <span class='ocrx_word' id='word_1_247' title='bbox 1637 2976 1719 3003; x_wconf 90' lang='lat' dir='ltr'><strong>nur</strong></span> <span class='ocrx_word' id='word_1_248' title='bbox 1748 2963 1855 3004; x_wconf 90' lang='lat' dir='ltr'><strong>den-</strong></span> 
     </span>
     <span class='ocr_line' id='line_1_35' title="bbox 311 3031 1858 3092; baseline -0.002 -15"><span class='ocrx_word' id='word_1_249' title='bbox 311 3036 398 3077; x_wconf 84' lang='lat' dir='ltr'><strong>ken</strong></span> <span class='ocrx_word' id='word_1_250' title='bbox 438 3049 493 3076; x_wconf 86' lang='lat' dir='ltr'><strong>zu</strong></span> <span class='ocrx_word' id='word_1_251' title='bbox 537 3035 703 3076; x_wconf 72' lang='lat' dir='ltr'><strong>kiinnen</strong></span> <span class='ocrx_word' id='word_1_252' title='bbox 744 3035 816 3077; x_wconf 87' lang='lat' dir='ltr'><strong>ein</strong></span> <span class='ocrx_word' id='word_1_253' title='bbox 844 3037 1094 3092; x_wconf 70' lang='lat' dir='ltr'><strong>Vermogen</strong></span> <span class='ocrx_word' id='word_1_254' title='bbox 1136 3034 1214 3074; x_wconf 84' lang='lat' dir='ltr'><strong>des</strong></span> <span class='ocrx_word' id='word_1_255' title='bbox 1245 3032 1469 3074; x_wconf 81' lang='lat' dir='ltr'><strong>Gemiiths</strong></span> <span class='ocrx_word' id='word_1_256' title='bbox 1495 3031 1733 3082; x_wconf 66' lang='lat' dir='ltr'><strong>beweizet,</strong></span> <span class='ocrx_word' id='word_1_257' title='bbox 1777 3033 1858 3075; x_wconf 86' lang='lat' dir='ltr'><strong>das</strong></span> 
     </span>
     <span class='ocr_line' id='line_1_36' title="bbox 305 3102 1858 3160; baseline -0.002 -13"><span class='ocrx_word' id='word_1_258' title='bbox 305 3106 440 3160; x_wconf 90' lang='lat' dir='ltr'><strong>jeden</strong></span> <span class='ocrx_word' id='word_1_259' title='bbox 469 3105 692 3146; x_wconf 81' lang='lat' dir='ltr'><strong>Marsstab</strong></span> <span class='ocrx_word' id='word_1_260' title='bbox 724 3105 803 3147; x_wconf 90' lang='lat' dir='ltr'><strong>der</strong></span> <span class='ocrx_word' id='word_1_261' title='bbox 832 3106 962 3149; x_wconf 88' lang='lat' dir='ltr'><strong>Sinne</strong></span> <span class='ocrx_word' id='word_1_262' title='bbox 1004 3103 1242 3148; x_wconf 78' lang='lat' dir='ltr'><strong>fibertrifft.</strong></span> <span class='ocrx_word' id='word_1_263' title='bbox 1271 3125 1328 3134; x_wconf 94' lang='lat'><em>-</em></span> <span class='ocrx_word' id='word_1_264' title='bbox 1385 3103 1476 3143; x_wconf 78' lang='lat' dir='ltr'><strong>Das</strong></span> <span class='ocrx_word' id='word_1_265' title='bbox 1507 3102 1858 3144; x_wconf 88' lang='lat' dir='ltr'><strong>Durchbrechen</strong></span> 
     </span>
     <span class='ocr_line' id='line_1_37' title="bbox 311 3171 1857 3224; baseline -0.004 -6"><span class='ocrx_word' id='word_1_266' title='bbox 311 3177 390 3218; x_wconf 89' lang='lat' dir='ltr'><strong>der</strong></span> <span class='ocrx_word' id='word_1_267' title='bbox 419 3176 523 3218; x_wconf 91' lang='lat' dir='ltr'><strong>ldee</strong></span> <span class='ocrx_word' id='word_1_268' title='bbox 550 3175 691 3215; x_wconf 86' lang='lat' dir='ltr'><strong>durch</strong></span> <span class='ocrx_word' id='word_1_269' title='bbox 715 3174 786 3216; x_wconf 86' lang='lat' dir='ltr'><strong>die</strong></span> <span class='ocrx_word' id='word_1_270' title='bbox 808 3175 1067 3219; x_wconf 80' lang='lat' dir='ltr'><strong>Schranken</strong></span> <span class='ocrx_word' id='word_1_271' title='bbox 1089 3176 1167 3216; x_wconf 87' lang='lat' dir='ltr'><strong>des</strong></span> <span class='ocrx_word' id='word_1_272' title='bbox 1187 3171 1436 3215; x_wconf 88' lang='lat' dir='ltr'><strong>Endlichen</strong></span> <span class='ocrx_word' id='word_1_273' title='bbox 1466 3171 1522 3214; x_wconf 81' lang='lat' dir='ltr'><strong>ist</strong></span> <span class='ocrx_word' id='word_1_274' title='bbox 1546 3185 1608 3224; x_wconf 77' lang='lat' dir='ltr'><strong>es,</strong></span> <span class='ocrx_word' id='word_1_275' title='bbox 1640 3172 1857 3214; x_wconf 84' lang='lat' dir='ltr'><strong>wodurch</strong></span> 
     </span>
     <span class='ocr_line' id='line_1_38' title="bbox 311 3241 1460 3301; baseline -0.004 -13"><span class='ocrx_word' id='word_1_276' title='bbox 311 3248 423 3289; x_wconf 83' lang='lat' dir='ltr'><strong>alles</strong></span> <span class='ocrx_word' id='word_1_277' title='bbox 451 3246 623 3287; x_wconf 84' lang='lat' dir='ltr'><strong>Andere</strong></span> <span class='ocrx_word' id='word_1_278' title='bbox 657 3244 921 3301; x_wconf 81' lang='lat' dir='ltr'><strong>(Endliche)</strong></span> <span class='ocrx_word' id='word_1_279' title='bbox 952 3249 1018 3289; x_wconf 81' lang='lat' dir='ltr'><strong>als</strong></span> <span class='ocrx_word' id='word_1_280' title='bbox 1046 3244 1163 3288; x_wconf 87' lang='lat' dir='ltr'><strong>klein</strong></span> <span class='ocrx_word' id='word_1_281' title='bbox 1195 3241 1460 3285; x_wconf 82' lang='lat' dir='ltr'><strong>erscheint.’&#39;</strong></span> 
     </span>
    </p>

    <p class='ocr_par' dir='ltr' id='par_1_8' title="bbox 228 3309 1856 3443">
     <span class='ocr_line' id='line_1_39' title="bbox 228 3309 1856 3372; baseline -0.004 -14"><span class='ocrx_word' id='word_1_282' title='bbox 228 3315 279 3370; x_wconf 61' lang='lat'><strong>³⁸⁶)</strong></span> <span class='ocrx_word' id='word_1_283' title='bbox 310 3317 402 3370; x_wconf 84' lang='lat' dir='ltr'><strong>„Es</strong></span> <span class='ocrx_word' id='word_1_284' title='bbox 432 3316 547 3358; x_wconf 86' lang='lat' dir='ltr'><strong>wird</strong></span> <span class='ocrx_word' id='word_1_285' title='bbox 576 3315 671 3356; x_wconf 79' lang='lat' dir='ltr'><strong>sich</strong></span> <span class='ocrx_word' id='word_1_286' title='bbox 702 3315 883 3372; x_wconf 85' lang='lat' dir='ltr'><strong>zeigen,</strong></span> <span class='ocrx_word' id='word_1_287' title='bbox 922 3318 1022 3360; x_wconf 76' lang='lat' dir='ltr'><strong>dass</strong></span> <span class='ocrx_word' id='word_1_288' title='bbox 1053 3317 1131 3358; x_wconf 82' lang='lat' dir='ltr'><strong>das</strong></span> <span class='ocrx_word' id='word_1_289' title='bbox 1170 3312 1410 3355; x_wconf 81' lang='lat' dir='ltr'><strong>Erhabene</strong></span> <span class='ocrx_word' id='word_1_290' title='bbox 1449 3311 1575 3354; x_wconf 85' lang='lat' dir='ltr'><strong>nicht</strong></span> <span class='ocrx_word' id='word_1_291' title='bbox 1614 3310 1695 3353; x_wconf 80' lang='lat' dir='ltr'><strong>auf</strong></span> <span class='ocrx_word' id='word_1_292' title='bbox 1728 3309 1856 3363; x_wconf 85' lang='lat' dir='ltr'><strong>jeder</strong></span> 
     </span>
     <span class='ocr_line' id='line_1_40' title="bbox 313 3379 1855 3443; baseline -0.005 -15"><span class='ocrx_word' id='word_1_293' title='bbox 313 3386 460 3428; x_wconf 79' lang='lat' dir='ltr'><strong>seiner</strong></span> <span class='ocrx_word' id='word_1_294' title='bbox 488 3386 647 3429; x_wconf 84' lang='lat' dir='ltr'><strong>Stufen</strong></span> <span class='ocrx_word' id='word_1_295' title='bbox 688 3384 760 3427; x_wconf 90' lang='lat' dir='ltr'><strong>die</strong></span> <span class='ocrx_word' id='word_1_296' title='bbox 789 3387 893 3430; x_wconf 87' lang='lat' dir='ltr'><strong>ldee</strong></span> <span class='ocrx_word' id='word_1_297' title='bbox 921 3386 983 3430; x_wconf 88' lang='lat' dir='ltr'><strong>im</strong></span> <span class='ocrx_word' id='word_1_298' title='bbox 1013 3391 1221 3443; x_wconf 77' lang='lat' dir='ltr'><strong>strengen</strong></span> <span class='ocrx_word' id='word_1_299' title='bbox 1250 3382 1388 3427; x_wconf 87' lang='lat' dir='ltr'><strong>Sinne</strong></span> <span class='ocrx_word' id='word_1_300' title='bbox 1416 3395 1471 3424; x_wconf 89' lang='lat' dir='ltr'><strong>zu</strong></span> <span class='ocrx_word' id='word_1_301' title='bbox 1500 3381 1646 3424; x_wconf 83' lang='lat' dir='ltr'><strong>seiner</strong></span> <span class='ocrx_word' id='word_1_302' title='bbox 1675 3379 1855 3422; x_wconf 84' lang='lat' dir='ltr'><strong>Grund-</strong></span> 
     </span>
    </p>
   </div>
   <div class='ocr_carea' id='block_1_5' title="bbox 310 3455 1526 3570">
    <p class='ocr_par' dir='ltr' id='par_1_9' title="bbox 310 3455 1526 3570">
     <span class='ocr_line' id='line_1_41' title="bbox 310 3455 769 3512; baseline 0.002 -14"><span class='ocrx_word' id='word_1_303' title='bbox 310 3456 415 3512; x_wconf 83' lang='lat' dir='ltr'><strong>lage</strong></span> <span class='ocrx_word' id='word_1_304' title='bbox 445 3455 551 3499; x_wconf 84' lang='lat' dir='ltr'><strong>hat&#39;’</strong></span> <span class='ocrx_word' id='word_1_305' title='bbox 583 3469 627 3498; x_wconf 88' lang='lat' dir='ltr'><strong>u.</strong></span> <span class='ocrx_word' id='word_1_306' title='bbox 653 3469 688 3497; x_wconf 78' lang='lat' dir='ltr'><strong>s.</strong></span> <span class='ocrx_word' id='word_1_307' title='bbox 712 3468 769 3499; x_wconf 81' lang='lat' dir='ltr'><strong>w.</strong></span> 
     </span>
     <span class='ocr_line' id='line_1_42' title="bbox 1415 3520 1526 3570; baseline -0.009 0"><span class='ocrx_word' id='word_1_308' title='bbox 1415 3523 1478 3570; x_wconf 83' lang='lat'><strong>25</strong></span> <span class='ocrx_word' id='word_1_309' title='bbox 1497 3520 1526 3554; x_wconf 90' lang='lat'><strong>*</strong></span> 
     </span>
    </p>
   </div>
  </div>
 </body>
</html>
