2170 3848
964 250 1082 307 161

177 402 273 453 sibi
305 401 404 467 ipsi
438 404 489 449 et
522 399 735 449 salutare
766 399 880 449 fore
912 403 964 448 et
996 398 1278 448 iucundum.
1341 396 1512 462 Turpe
1552 397 1682 447 euim
1717 412 1849 469 esse,

176 482 347 532 amicis
371 481 422 529 iu
447 480 779 529 calamitatem
810 479 1068 539 coniectiS‚
1098 479 1260 542 ipsum
1297 480 1495 526 servari.
1530 477 1672 527 Hanc
1702 478 1850 528 animi

175 561 566 626 magnitudinem
611 561 854 609 admirans
900 559 1037 624 virgo
1073 562 1238 621 optat,
1286 563 1340 606 ut
1375 557 1552 607 eodem
1589 559 1655 605 sit
1689 559 1850 608 auimo

175 641 341 692 frater
375 657 511 698 suus,
548 656 693 704 quem
729 638 1047 702 superstitem
1081 653 1194 685 esse
1227 637 1436 702 gaudet,
1487 636 1788 687 disiunctum
1823 654 1852 686 a

177 736 236 771 se
273 737 386 770 esse
430 721 578 770 dolet.
645 720 858 768 Probato
903 716 1136 778 consilio,
1183 733 1294 765 cum
1330 715 1563 764 Orestem
1607 717 1854 766 immolari

179 807 372 850 certum
417 816 528 849 esse
568 799 815 858 videatur,
859 797 973 855 hic,
1026 797 1278 845 cuiusnam
1315 796 1591 845 sacerdotis
1627 799 1852 845 manibus

179 887 231 930 et
262 896 467 943 quanam
502 879 692 927 ratione
726 877 1037 934 immoletur..
1083 878 1291 941 quaerit.
1361 875 1472 938 Quo
1505 875 1617 923 loco
1654 876 1854 940 egregia

176 959 491 1022 ambiguitate
536 957 675 1022 virgo
726 972 782 1006 se
830 973 859 1004 a
904 957 996 1005 dea
1045 957 1304 1020 accepisse
1336 957 1460 1005 dicit
1502 952 1660 1020 τήνδε
1693 970 1853 1019 προς-

175 1035 396 1102 τροπήν.
464 1036 730 1100 Reliquum
766 1037 1064 1100 colloquium
1101 1036 1347 1085 eiusmodi
1381 1041 1475 1096 est,
1509 1042 1568 1084 ut
1602 1036 1730 1084 ritus
1764 1037 1855 1085 im·

175 1117 393 1166 molandi
442 1116 735 1182 depingatur
780 1117 1097 1166 vividissimis
1145 1116 1409 1166 coloribus.
1488 1115 1640 1164 Ratio
1687 1121 1854 1165 autem

175 1196 462 1246 immolandi
519 1197 816 1245 describitur
863 1213 950 1257 ea,
1011 1214 1105 1261 qua
1157 1198 1425 1263 utebantur
1472 1195 1643 1246 Poeni.
1711 1195 1754 1244 F
1757 1195 1856 1245 orti

177 1277 337 1326 animo
370 1277 496 1325 haec
530 1276 932 1337 audit‘Orestes;
979 1293 1130 1325 unum
1166 1276 1328 1335 dolet,
1365 1275 1497 1339 quod
1531 1291 1596 1324 ne
1630 1279 1856 1324 mortuus

177 1357 376 1422 quidem
410 1373 436 1404 a
473 1372 662 1413 sorore,
700 1372 845 1420 quam
880 1373 1021 1404 unam
1057 1372 1119 1404 ex
1155 1356 1375 1419 cognatis
1413 1356 1732 1419 superstitem
1768 1356 1856 1404 ha-

178 1437 292 1496 bet,
339 1443 675 1501 componatur.
745 1434 875 1484 Tum
923 1436 1176 1501 Iphigenia
1224 1435 1488 1501 pollicetur
1523 1452 1579 1484 se
1629 1436 1739 1483 loco
1774 1450 1856 1483 so-

176 1516 306 1567 roris
340 1531 632 1579 quocunque
664 1516 825 1579 possit
857 1515 1045 1565 honore
1070 1516 1355 1580 popularem
1392 1532 1538 1564 suum
1563 1515 1856 1564 affectatam

178 1611 307 1658 esse,
358 1594 631 1644 infusuram
666 1595 765 1643 mel
801 1601 851 1643 et
885 1595 1046 1644 oleum
1083 1597 1279 1660 corpori
1314 1595 1571 1652 defuncti,
1607 1600 1659 1643 et
1693 1601 1857 1643 tumu-

177 1675 279 1724 lum
316 1676 684 1725 decoraturam:
721 1676 931 1740 proinde
965 1692 1028 1723 ne
1062 1676 1177 1738 quid
1214 1675 1315 1723 odii
1348 1675 1397 1722 in
1432 1690 1488 1722 se
1522 1674 1858 1723 immolantem

179 1756 440 1819 concipiat.
488 1755 604 1816 ‘His
651 1755 798 1802 dictis
846 1754 982 1802 iubet
1032 1755 1367 1818 apparitoreS‚
1417 1754 1500 1817 qui
1548 1754 1744 1802 interim
1797 1767 1859 1802 ex

178 1835 367 1899 templo
388 1835 656 1893 redierunt,
693 1834 944 1883 custodire
977 1833 1293 1896 peregrinos3
1329 1833 1436 1896 ipsa
1468 1834 1595 1881 intro
1631 1833 1734 1882 abit
1767 1847 1858 1896 pe-

181 1914 334 1963 titura
368 1914 576 1973 litteras,
614 1929 735 1976 quas
770 1920 938 1978 sperat
972 1928 1179 1975 magnae
1214 1911 1316 1959 suis
1355 1911 1573 1960 laetitiae
1607 1912 1750 1973 fore,
1783 1912 1858 1959 vi·-

181 2009 298 2043 vere
333 1994 614 2042 nuntiantes
650 2009 775 2054 eam,
809 2009 957 2058 quam
993 1992 1064 2040 illi
1098 1991 1292 2058 pridem
1318 1996 1561 2041 mortuam
1588 2008 1702 2042 esse
1727 1992 1857 2042 falso

181 2073 278 2122 sibi
310 2073 664 2138 persuaserint.

310 2152 706 2202 commiserante
751 2153 903 2202 choro
939 2153 1200 2214 Orestem,
1237 2154 1518 2220 gratulante
1552 2158 1714 2203 autem
1749 2153 1858 2217 Py-

178 2232 292 2296 ladi,
326 2233 410 2282 ille
434 2241 640 2282 mortem
670 2234 762 2283 sibi
790 2236 984 2283 beatam
1006 2235 1178 2296 videri,
1202 2235 1285 2283 hic
1313 2235 1527 2283 reditum
1557 2235 1651 2284 sibi
1677 2234 1858 2282 amisso

178 2315 338 2362 amico
372 2313 572 2362 tristem
607 2329 719 2362 esse
754 2314 905 2363 dicit:
954 2316 1087 2363 unde
1135 2330 1292 2378 aeque
1326 2319 1590 2378 utrumque
1623 2314 1860 2362 miserum

171 2409 293 2443 >esse
311 2399 534 2458 apparet.
570 2393 825 2457 Reputans
852 2399 1014 2443 autem
1045 2393 1268 2456 Orestes,
1294 2410 1440 2458 quam
1465 2399 1695 2442 accurate
1720 2393 1860 2456 virgo

179 2474 244 2523 de
277 2473 409 2522 bello
443 2472 676 2533 Troiano,
712 2474 776 2522 de
809 2475 1193 2538 Agamemnone,
1227 2474 1290 2523 de
1324 2489 1477 2522 uxore
1503 2474 1663 2536 deque
1690 2473 1860 2520 liberis

181 2553 288 2602 eius
321 2552 604 2602 nominatim
641 2555 870 2602 omnibus
917 2555 1216 2617 quaesierit,
1265 2554 1410 2619 Argis
1458 2569 1567 2602 eam
1602 2553 1862 2601 oriundam

183 2647 300 2681 esse
333 2633 626 2696 suspicatur.
694 2635 772 2683 Ab
805 2633 884 2681 his
918 2641 1081 2684 tamen
1114 2634 1335 2698 vestigiis
1371 2632 1725 2698 persequendis
1760 2630 1861 2694 Py-

181 2711 322 2760 lades
357 2727 533 2761 rursus
578 2712 851 2773 abstrahit,
898 2729 1069 2778 regum
1118 2730 1261 2763 casus
1310 2713 1420 2762 fere
1468 2712 1726 2771 omnibus,
1780 2709 1863 2774 qui

182 2792 399 2840 animum
444 2791 722 2852 advertant,
772 2798 916 2842 notos
965 2809 1079 2842 esse
1126 2809 1347 2842 monens.
1417 2793 1669 2842 Avocatur
1711 2789 1862 2838 etiam

181 2872 232 2920 iu
276 2872 482 2937 alienam
530 2871 953 2922 deliberationem.
1026 2873 1216 2923 Decere
1252 2873 1381 2922 euim
1438 2878 1611 2920 censet
1644 2869 1861 2934 Pylades

183 2968 267 3012 se,
314 2967 429 3000 cum
478 2952 641 3000 socius
688 2952 843 3001 fuerit
890 2953 1248 3019 navigationis,
1301 2954 1488 3001 socium
1524 2966 1637 3000 esse
1672 2949 1862 2998 mortis.

183 3031 307 3080 Nam
345 3031 529 3079 infame
565 3032 659 3079 sibi
694 3031 802 3081 fore
849 3033 1115 3082 interfecto
1152 3034 1309 3082 amico
1345 3032 1502 3080 solum
1539 3031 1760 3088 redisse,
1814 3031 1863 3076 et

182 3111 461 3161 credituros
491 3111 754 3176 plerosque
778 3113 908 3162 hunc
938 3129 966 3161 a
999 3130 1071 3174 se,
1107 3120 1161 3162 ut
1184 3115 1292 3178 ipse
1319 3128 1430 3161 cum
1462 3125 1633 3160 sorore
1659 3124 1864 3172 regnum

186 3191 293 3240 eius
346 3191 736 3255 adipisceretur,
787 3192 865 3240 vel
900 3193 1149 3256 proditum
1184 3193 1262 3241 vel
1296 3193 1441 3240 etiam
1477 3206 1539 3240 ex
1571 3189 1758 3238 insidiis
1794 3189 1864 3234 iu·

183 3270 451 3320 terfectum
478 3287 607 3320 esse.
659 3270 810 3320 Cuius
833 3273 1156 3336 turpitudinis
1190 3272 1414 3321 vitandae
1448 3285 1625 3320 caussa
1658 3282 1866 3316 necesse

186 3366 301 3399 esse
334 3352 458 3400 dicit
510 3367 564 3400 se
600 3367 711 3400 cum
746 3353 906 3400 amico
942 3369 1038 3402 una
1073 3359 1124 3402 et
1159 3353 1415 3418 exspirare
1462 3356 1511 3399 et
1546 3344 1865 3397 concremari.

186 3429 327 3480 Haec
372 3430 433 3479 ab
470 3430 651 3481 Oreste
704 3432 777 3481 sic
812 3432 1121 3496 refutantur,
1170 3437 1225 3482 ut
1255 3432 1408 3481 vitam
1444 3428 1675 3493 Pyladis,
1722 3440 1867 3489 quam

252 3507 316 3562 Τ.
351 3509 411 3561 ΙΙ.
1475 3511 1537 3556 11
