2170 3848
968 250 1089 311 165

168 406 338 468 ‘quam
372 401 673 465 acquievisse
703 417 864 466 neque
910 402 971 450 ab
1004 400 1276 450 incursibus
1311 398 1577 449 destitisse.
1645 396 1774 449 Tum
1807 414 1863 449 se

194 482 454 531 delubrum
502 481 746 546 Apollinis
791 482 971 529 iterum
1022 481 1183 529 adisse
1239 484 1388 542 atque
1432 479 1674 528 iacentem
1722 478 1861 529 humi

194 567 307 612 ante
341 562 506 625 adyta,
543 561 866 610 abstinentem
903 561 1040 620 cibo,
1074 560 1266 606 iurasse
1311 574 1366 607 se
1396 558 1545 607 vitam
1579 564 1740 608 morte
1774 561 1860 609 ab-

192 648 454 707 rupturum
488 657 617 702 esse,
653 640 746 688 nisi
779 639 927 700 idem,
963 640 1045 703 qui
1078 637 1396 703 perdidisset,
1431 645 1667 687 servaret.
1738 638 1860 688 Inde

193 737 317 770 voce
350 737 380 769 e
411 720 608 785 tripode
642 719 792 768 missa
825 718 1012 766 iussum
1048 733 1104 767 se
1139 732 1251 766 esse
1285 716 1477 766 Tauros
1512 718 1763 781 proticisci
1796 718 1859 767 ad

193 801 517 850 auferendum
549 799 863 847 simulacrum
899 797 1039 847 coelo
1065 797 1338 863 delapsum,
1375 812 1471 860 quo
1495 797 1712 847 Athenas
1741 794 1858 863 per-

194 879 294 929 lato
340 879 477 938 fore,
536 883 590 927 ut
639 876 807 925 furore
853 877 1165 926 liberaretur.
1246 876 1391 925 Hunc
1436 876 1587 940 igitur
1634 883 1859 927 conatum

193 958 464 1008 adiuvando
499 971 640 1005 soror
673 961 728 1005 ut
763 961 814 1006 et
845 956 1052 1006 fratrem
1087 961 1140 1006 et
1173 956 1372 1006 domum
1397 961 1650 1021 paternam
1677 962 1859 1019 servet,

191 1036 423 1103 precibus
457 1041 599 1102 rogat
630 1035 974 1087 blandissimis.

321 1115 482 1165 Huius
527 1116 818 1165 narrationis
865 1117 990 1166 bona
1034 1132 1151 1181 pars
1194 1116 1429 1165 institutis
1463 1116 1858 1178 Atheniensium,

191 1211 318 1260 quae
361 1211 422 1245 ex
470 1195 664 1244 Orestis
709 1195 980 1245 infortunio
1026 1196 1263 1260 originem
1310 1196 1495 1245 ducere
1541 1197 1857 1260 putabantur,

192 1275 498 1326 celebrandis
531 1275 714 1324 tributa
748 1282 854 1335 est3
902 1276 1095 1341 reliqua
1128 1284 1231 1324 tum
1270 1291 1443 1324 caussa
1477 1276 1665 1325 itineris
1702 1288 1857 1341 expo-

189 1357 321 1406 nitur
359 1361 461 1404 tum
510 1354 858 1419 difficultates,
903 1371 1029 1420 quae
1073 1356 1444 1421 expedientibus
1495 1355 1705 1406 salutem
1751 1356 1857 1405 vin-

192 1435 379 1485 cendae
411 1440 539 1484 sunt.
586 1452 589 1455 ·

321 1515 571 1580 Iphigenia
599 1532 655 1566 se
687 1524 908 1582 paratam
943 1533 1056 1568 esse
1090 1520 1306 1568 ostendit
1329 1519 1391 1569 ad
1415 1519 1706 1568 servandum
1735 1533 1857 1581 quo-

188 1595 263 1645 vis
297 1595 457 1660 pretio
490 1596 727 1646 fratrem:
763 1600 1095 1663 quamobrem,
1130 1613 1279 1662 quum
1314 1597 1546 1647 celandae
1580 1598 1702 1647 deae
1728 1597 1856 1646 effu-

188 1675 453 1742 giendique
485 1677 679 1739 tyranni
714 1676 995 1726 facultatem
1031 1678 1207 1726 nullam
1235 1694 1350 1727 esse
1367 1678 1550 1739 videat,
1586 1693 1673 1726 sua
1695 1681 1859 1725 morte

189 1756 319 1805 illius
354 1755 564 1804 salutem
610 1757 858 1805 redimere
904 1757 1172 1806 constituit.
1242 1757 1450 1805 Orestes
1486 1763 1651 1805 contra
1685 1771 1741 1803 se
1774 1758 1859 1803 aut

191 1851 287 1884 una
321 1850 429 1883 cum
465 1849 635 1883 sorore
669 1838 966 1885 occumbere
999 1842 1085 1885 aut
1118 1852 1212 1885 una
1248 1836 1433 1884 servari
1465 1835 1591 1883 velle
1610 1835 1855 1893 affirmat3

193 1919 413 1963 ceterum
429 1913 608 1962 Dianae
623 1916 803 1964 auxilio
817 1916 1036 1975 confidit,
1069 1931 1213 1978 quam
1229 1915 1448 1964 Athenas
1470 1913 1652 1964 referri
1676 1911 1855 1977 Apollo

192 1993 394 2043 iusserit
415 1993 562 2052 idem,
597 1994 678 2057 qui
712 1994 807 2057 ipsi
842 1995 937 2042 iam
972 2010 1192 2043 sororem
1228 1994 1515 2045 reddiderit.
1584 1996 1683 2044 Aut
1705 1994 1857 2059 igitur

191 2088 284 2137 per
315 2071 411 2120 vim
444 2088 612 2136 regem
649 2073 989 2122 interficiendo
1023 2080 1109 2123 aut
1160 2074 1283 2124 clam
1335 2074 1383 2122 in
1432 2073 1646 2139 templo,
1698 2073 1857 2120 donec

188 2167 285 2202 nox
317 2151 536 2210 redierit,
569 2152 907 2203 delitescendo
941 2160 1116 2202 conata
1146 2154 1457 2218 perfecturus
1491 2158 1583 2203 est.
1635 2152 1858 2215 Quorum

189 2236 418 2280 neutrum
462 2231 572 2280 fieri
617 2248 765 2296 posse
799 2233 946 2283 docet
978 2234 1264 2299 iphigenia,
1306 2234 1501 2282 interim
1552 2233 1856 2282 callidiorem

188 2311 427 2361 rationem
461 2311 567 2376 ipsa
602 2320 891 2364 commenta.
963 2312 1267 2363 Persuasura
1300 2321 1377 2362 est
1410 2314 1517 2379 regi
1566 2313 1706 2363 nefas
1741 2326 1855 2360 esse

187 2389 430 2440 immolari
462 2391 686 2456 hospites
721 2393 986 2457 parricidio
1021 2394 1390 2453 contaminatoS,
1427 2395 1715 2460 priusquam
1748 2407 1854 2440 ma·

188 2471 260 2520 ris
306 2470 449 2519 undis
497 2471 748 2535 sacrisque
793 2473 981 2522 arcanis
1028 2480 1326 2538 purgentur3
1370 2474 1487 2522 item
1536 2473 1854 2522 simulacrum

189 2551 333 2609 deae,
364 2555 538 2612 utpote
560 2551 765 2600 istorum
788 2552 1078 2619 contagione
1104 2553 1363 2617 pollutum,
1399 2553 1697 2604 abluendum
1725 2565 1853 2599 esse.

190 2629 302 2679 Hoc
335 2630 541 2692 probato
575 2632 781 2680 consilio
817 2632 1046 2694 Orestes,
1081 2639 1134 2681 ut
1166 2632 1360 2698 perlato
1394 2634 1456 2682 ad
1492 2648 1662 2681 navem
1698 2631 1851 2678 simu-

189 2708 323 2757 lacro
370 2724 514 2772 quam
549 2711 789 2760 citissime
833 2712 1087 2778 aufugiant
1131 2727 1186 2762 se
1231 2712 1351 2762 dicit
1396 2719 1676 2762 curaturum
1723 2724 1850 2758 esse.

189 2787 454 2851 Reliquum
495 2795 602 2850 est,
647 2797 705 2839 ut
748 2791 962 2840 famulae
1004 2792 1202 2842 silentio
1249 2807 1355 2840 rem
1400 2793 1615 2856 tegendo
1650 2788 1853 2838 consilia

191 2867 450 2916 adiuvent:
484 2868 533 2915 id
570 2870 699 2932 quod
734 2870 986 2936 Iphigenia
1021 2872 1198 2921 mulier
1232 2888 1260 2919 a
1284 2871 1573 2921 mulieribus
1598 2877 1704 2920 tum
1734 2883 1851 2932 sup-

186 2947 385 3013 pliciter
418 2949 682 3011 precando,
717 2956 820 2998 tum
852 2951 1066 3001 reditum
1102 2968 1157 3000 se
1190 2951 1310 3015 ipsis
1346 2967 1540 3015 quoque
1572 2954 1854 3015 paraturam

190 3034 305 3076 esse:
339 3028 684 3090 promittendo,
719 3029 934 3094 denique
968 3047 1057 3096 per
1092 3030 1327 3095 quidquid
1363 3032 1462 3079 cari
1495 3032 1675 3080 habent
1708 3030 1850 3077 obte-

190 3107 367 3156 stando
401 3106 548 3155 facile
582 3107 828 3173 impetrat.
893 3111 1111 3176 Accepta
1142 3111 1433 3159 feminarum
1477 3111 1604 3169 fide,
1647 3111 1850 3159 iuvenes

190 3187 387 3250 quidem
434 3187 485 3235 in
534 3187 682 3235 aedes
729 3188 914 3238 intrare
966 3191 1133 3251 iubet,
1181 3191 1286 3253 ipsa
1320 3196 1482 3239 autem
1517 3190 1658 3239 deam
1691 3191 1849 3252 rogat,

189 3271 248 3315 ut
294 3273 344 3314 et
388 3282 445 3315 se
492 3282 603 3314 cum
650 3266 803 3317 fratre
851 3275 996 3333 atque
1029 3271 1181 3319 affine
1217 3284 1279 3317 ex
1312 3269 1596 3318 discrimine
1630 3271 1850 3316 servatos

189 3343 242 3394 in
274 3347 480 3410 patriam
513 3345 783 3395 incolumes
815 3351 1048 3398 restituat
1081 3355 1131 3398 et
1160 3350 1270 3414 ipsa
1303 3364 1333 3397 e
1355 3355 1489 3397 terra
1514 3348 1717 3398 barbara
1736 3358 1848 3410 pro·

192 3424 315 3490 pitia
349 3425 646 3491 egrediatur.
711 3425 804 3476 His
838 3427 984 3480 dictis
1015 3429 1276 3480 adventum
1308 3429 1440 3493 regis
1472 3427 1743 3493 opperitur.
