2124 3860
1138 292 1261 352 358

365 443 668 508 Cepheus
703 456 901 505 neque
946 441 1342 506 Cassiopeia
1385 447 1590 493 mater
1634 445 1703 493 ab
1739 460 1808 494 ea
1839 449 2030 509 potu-

364 540 393 572 e
409 539 435 571 r
451 540 482 572 u
497 538 526 570 n
541 527 563 570 t
595 523 670 570 im
685 538 715 586 p
731 537 760 570 e
773 527 794 569 t
806 539 831 570 r
845 538 873 569 a
886 537 965 581 re,
1003 538 1064 570 ne
1085 521 1271 570 relictis
1292 522 1579 585 parentibus
1604 540 1842 589 generoso
1869 525 2032 574 animo

363 601 547 651 Persea
581 602 740 666 Argos
786 601 1182 665 proficiscentem
1219 606 1543 665 seque-retum
1594 610 1801 654 testatur
1833 605 2033 670 Euripi-

364 681 453 731 des
487 683 723 743 dramate,
759 682 887 745 quod
925 682 1098 730 eodem
1133 682 1328 730 nomine
1352 683 1753 732 commodissime
1782 684 2032 748 scripsit.''

363 760 496 810 Dicit
530 777 613 821 se,
651 768 886 824 quantum
922 762 989 810 sit
1021 764 1068 810 in
1106 761 1416 827 parentibus,
1451 770 1695 812 mortuam
1730 779 1871 822 esse,
1915 765 2033 814 Per-
2109 807 2113 811 .

366 842 440 891 sei
474 847 635 889 nutem
677 840 916 888 beneficio
951 841 1144 890 vivere:

494 920 751 983 „Filiis
781 926 1066 986 propter
1113 928 1178 970 te
1225 920 1491 970 obiecta
1536 937 1667 971 sum
1712 923 2037 973 innocens

1199 999 1536 1064 Nerei*)''

487 1105 551 1114 -ιι
719 1106 781 1115 ι-ο
948 1107 1012 1118 ο--ο
1179 1107 1244 1117 ι-
1412 1107 1473 1114 -
1643 1109 1705 1118 .-

495 1157 772 1219 „Donec
829 1167 901 1209 tu
950 1161 1313 1220 auxilium,
1378 1159 1663 1221 Persen,
1722 1161 2040 1211 tetulisti

1189 1239 1403 1290 miki.'’

365 1315 538 1382 Neque
571 1323 734 1367 tamen
773 1334 829 1368 se
864 1335 972 1368 eam
1008 1335 1138 1378 esse,
1174 1336 1303 1383 quae
1339 1325 1546 1384 propter
1580 1336 1663 1378 ea,
1704 1336 1831 1384 quae
1865 1338 2035 1371 neces-

366 1397 512 1447 sitate
541 1399 696 1447 coacti
732 1405 962 1462 parentes
998 1399 1350 1456 commiserint,
1386 1399 1465 1445 his
1503 1399 1771 1448 irascatur:

494 1477 606 1528 ἀλλ’
642 1477 761 1540 ἴστ’,
798 1475 914 1543 ἐμοὶ
947 1475 1056 1543 μὲν.
1083 1469 1240 1537 οὗτος
1275 1476 1374 1527 οὐκ
1408 1472 1551 1526 ἔσται
1583 1475 1765 1542 νόμος,

497 1558 557 1609 τὸ
591 1556 663 1624 μὴ
697 1558 763 1608 οὐ
798 1556 871 1621 σέ,
906 1562 1083 1626 μῆτερ,
1117 1560 1378 1624 προςφιλῆ
1413 1555 1590 1622 νέμειν
1622 1556 1718 1621 ἀεί,

496 1636 585 1689 καὶ
618 1642 716 1690 τοῦ
751 1638 963 1690 δικαίου
997 1638 1083 1690 καὶ
1118 1638 1291 1689 τόκων
1324 1640 1431 1688 τῶν
1466 1643 1575 1688 σῶν
1607 1639 1792 1704 χάριν·

499 1718 698 1784 στέργω
734 1718 790 1770 δὲ
819 1717 915 1770 τὸν
947 1719 1193 1785 φύσαντα
1226 1720 1334 1769 τῶν
1365 1717 1581 1768 πάντων
1613 1719 1823 1783 βροτῶν

495 1800 740 1863 μάλισθ’·
776 1799 932 1864 ὁρίζω
965 1803 1143 1863 τοῦτο,
1179 1798 1267 1852 καὶ
1301 1792 1368 1850 σὺ
1400 1797 1470 1865 μὴ
1506 1798 1725 1862 φθόνει·

496 1879 675 1930 κείνου
709 1879 811 1948 γὰρ
847 1879 1171 1946 ἐξὲβλαστον,
1216 1879 1332 1931 οὐδ’
1369 1878 1436 1930 ἂν
1470 1873 1542 1940 εἷς
1576 1877 1712 1945 ἀνὴρ

496 1959 751 2025 γυναικὸς
786 1961 1075 2028 αὐχήσειεν,
1112 1959 1242 2011 ἀλλὰ
1276 1964 1375 2011 τοῦ
1408 1959 1605 2025 πατρός
1622 1959 1721 2024 **).

367 2038 467 2088 Sed
503 2056 741 2091 summam
777 2044 844 2091 ait
877 2043 1071 2091 feminis
1106 2043 1394 2091 feiicitatem
1440 2058 1551 2090 esse
1586 2041 1814 2090 maritum
1851 2041 2036 2089 habere

367 2126 641 2182 amantem,
705 2139 852 2188 quem
902 2127 1194 2188 parentum,
1255 2122 1465 2171 fratrum
1515 2136 1839 2185 sororumque
1873 2120 2036 2169 colant

365 2212 586 2247 nomme:
1168 2214 1177 2223 ·

493 2274 707 2342 γυναικὶ
743 2276 791 2326 δ’
827 2279 1000 2343 ὄλβος,
1035 2277 1104 2343 ἢν
1136 2277 1294 2327 πόσιν
1327 2275 1593 2342 στέργονιθ
1629 2277 1715 2343 ἔχῃ
1728 2274 1856 2341 **⁴‘).

365 2355 693 2418 Quamobrem
730 2364 885 2422 rogat,
920 2375 982 2407 ne
1016 2375 1071 2407 se
1105 2359 1311 2423 coniuge
1346 2358 1666 2407 dilectissimo
1694 2359 1915 2407 orbatam
1938 2357 2033 2406 ite-

365 2450 474 2485 rum
508 2437 743 2500 perniciei
777 2438 1001 2487 obierat:

493 2515 803 2583 „Nosque
827 2524 899 2566 ut
922 2533 1226 2567 seorsum
1253 2516 1522 2565 (lividos
1548 2517 1688 2565 leto
1714 2513 2033 2581 obseras.’'

364 2594 486 2643 Cum
522 2595 701 2645 deinde
735 2597 946 2647 Perseus
980 2614 1146 2662 regem
1183 2604 1233 2646 et
1266 2598 1495 2661 promissi
1530 2602 1580 2646 et
1613 2597 1841 2647 beneficii
1862 2596 2033 2645 admo-

362 2676 576 2725 unisset:

490 2755 721 2818 „Quod
755 2757 1164 2822 beneficium
1197 2755 1371 2805 haud
1403 2757 1640 2805 sterili
1673 2757 1742 2806 in
1765 2761 2031 2822 segete,

1177 2852 1330 2894 reat,
1383 2842 1453 2885 te
1501 2837 1772 2886 obsesso
1819 2836 2030 2885 intel-

1175 2917 1227 2964 li
1238 2917 1310 2981 gi
1321 2916 1407 2973 s,''

362 2994 565 3058 nuptiae
598 2994 704 3042 sine
737 3010 872 3044 mora
906 2997 1154 3046 institutae
1192 3012 1459 3060 omnesque
1493 2995 1761 3060 Aethiopes
1804 2995 1868 3044 od
1900 2994 2029 3043 cele-

366 3073 638 3123 brationem
672 3089 840 3123 earum
875 3077 1031 3125 vocati
1067 3080 1196 3127 sunt.

491 3152 655 3201 Locus
690 3151 854 3203 factus
891 3161 967 3205 est
1001 3156 1151 3205 choro
1188 3155 1478 3205 inserendo:

419 3327 465 3381 ⁴²)
494 3327 679 3381 Fragm.
713 3327 844 3368 Ennii
872 3341 913 3367 n.
944 3325 986 3368 5.

386 3396 466 3451 *ἣ
494 3396 679 3451 Fragm.
709 3394 793 3436 inc.
821 3394 890 3439 58.

361 3465 470 3520 *³*ss
499 3465 684 3521 Fragm.
711 3464 795 3507 inc.
824 3464 891 3507 56.
