2170 3866
888 328 1012 388 579

102 478 234 528 inter
266 478 443 544 vulgus
478 483 533 527 et
564 478 899 543 intelligentes
934 480 1163 538 interest,
1200 479 1370 542 „quod
1400 478 1523 529 illud
1557 481 1808 531 interdum

100 575 200 609 non
234 559 543 625 probandum
572 564 771 622 poetam
799 560 997 624 probat,
1036 561 1148 609 sed
1185 561 1348 623 prob
1368 566 1430 608 at
1466 561 1608 609 sine
1645 577 1806 610 com-

100 641 470 704 paratione.
542 639 669 688 Cum
706 656 734 686 a
769 639 1009 687 mediocri
1045 644 1128 687 aut
1164 640 1317 688 etiam
1343 640 1474 688 malo
1508 640 1806 702 delectatur,

101 736 164 769 eo
199 725 278 769 est
312 725 599 782 contentae,
647 735 761 768 esse
797 719 975 767 melius
1010 735 1107 768 non
1156 720 1337 769 sentit:
1382 719 1502 769 illud
1542 721 1673 785 quod
1710 727 1805 782 est,

102 801 446 865 qualecunque
498 805 607 861 est,
659 802 863 865 probat:
903 805 1043 848 tenet
1078 801 1208 848 enim
1244 817 1389 849 aures
1424 802 1502 849 vel
1538 801 1806 850 mediocris

99 886 282 945 poeta,
329 881 372 929 si
423 882 486 930 sit
521 880 670 929 modo
703 881 887 945 aliquid
922 881 973 928 in
1009 897 1084 930 eo.
1159 881 1325 943 Quare
1360 882 1472 944 quis
1508 898 1570 930 ex
1602 881 1806 946 populo,

100 977 215 1011 cum
249 962 491 1025 Aeschyli
539 961 753 1025 aliquam
789 960 1008 1009 fabulam
1045 965 1326 1026 spectaret,
1376 962 1639 1026 quicquam
1678 962 1806 1027 poli-

97 1042 202 1091 tius
235 1047 321 1090 aut
352 1042 633 1107 elegantius
668 1046 752 1090 aut
787 1042 987 1090 omnino
1025 1041 1203 1090 melius
1239 1048 1562 1106 exspectaret
1588 1047 1672 1091 aut
1694 1042 1806 1090 fieri

97 1137 251 1186 posse
297 1123 536 1188 putaret?
587 1123 653 1172 At
700 1138 820 1170 vero
868 1122 1002 1172 idem
1048 1124 1134 1170 ille
1171 1123 1236 1171 de
1269 1123 1456 1188 populo
1491 1123 1671 1184 iudex,
1719 1123 1806 1186 qui

99 1203 370 1267 separatim
406 1203 551 1251 illum
586 1203 858 1252 admiratus
895 1209 1049 1261 esset,
1086 1203 1169 1251 ubi
1206 1209 1377 1251 contra
1399 1203 1659 1269 Euripidis
1686 1203 1803 1252 dra-

97 1299 203 1344 ma,
258 1299 358 1346 quo
405 1282 538 1331 idem
589 1287 932 1348 argumentum
982 1283 1141 1331 multo
1197 1283 1472 1346 elegantius
1519 1288 1800 1344 ornaretur,

98 1368 410 1427 spectasset,
454 1363 692 1411 iudicium
729 1379 871 1410 snum
910 1367 1282 1424 contemneret,
1320 1379 1484 1427 neque
1518 1364 1615 1412 iam
1653 1380 1681 1411 a
1717 1362 1802 1412 do-

95 1449 181 1492 cto
214 1443 534 1502 dissentiret,
580 1442 670 1491 sed
707 1442 921 1492 eundem
956 1447 1182 1508 poetam,
1220 1459 1366 1509 quem
1402 1444 1512 1507 hic,
1547 1448 1804 1509 praestare

94 1522 456 1588 intelligeret.”

46 1591 54 1596 ⁷
227 1603 467 1665 Accedit,
518 1602 651 1667 quod
698 1605 958 1653 doctorum
995 1603 1261 1666 iudicium,
1317 1604 1637 1668 quiquidem
1682 1619 1802 1653 vere

93 1683 232 1732 docti
265 1683 588 1747 artificesque
621 1684 844 1745 fuerunt,
881 1700 1129 1748 nunquam
1165 1701 1193 1732 a
1227 1684 1361 1748 vulgi
1395 1685 1580 1734 iudicio
1614 1686 1663 1734 in
1683 1685 1801 1734 'Eu-

92 1763 255 1828 ripide
300 1764 609 1814 aestimando
644 1765 982 1830 discrepavit3
1038 1766 1235 1830 excipio
1282 1765 1593 1830 Schlegelios
1631 1763 1801 1830 Grup-

93 1845 334 1908 piosque,
382 1845 468 1908 qui
515 1861 613 1908 quo
659 1845 771 1894 iure
817 1846 980 1909 poetis
1015 1845 1393 1909 artificibusque
1426 1849 1800 1908 accenseantur,

93 1924 206 1974 aliis
255 1925 626 1974 diiudicandum
675 1926 919 1988 relinquo.
990 1924 1110 1973 Sola
1144 1925 1585 1990 grammaticorum
1620 1925 1801 1988 iniqui-

92 2009 228 2066 tate,
278 2005 411 2069 quod
458 2021 613 2069 genus
660 2006 921 2054 hominum
969 2023 998 2053 a
1032 2011 1174 2054 recto
1221 2005 1403 2053 iudicio
1439 2005 1547 2053 fato
1584 2005 1801 2070 quodam

93 2100 297 2150 semper
341 2085 559 2135 alienum
599 2086 729 2144 fuit,
780 2091 952 2135 noster
983 2090 1206 2134 vexatur.
1275 2085 1569 2135 Praeierunt
1604 2089 1799 2133 nostra-

93 2165 228 2215 tibus
254 2165 597 2224 Alexandrini,
633 2168 694 2216 ab
718 2164 1071 2231 Aristophane,
1095 2171 1234 2231 puto,
1263 2166 1466 2215 incitati.
1519 2165 1620 2215 Sed
1655 2165 1802 2228 longe

94 2250 262 2295 tamen
294 2246 495 2296 illorum
529 2246 822 2307 modestior,
857 2262 1006 2309 quam
1039 2246 1396 2306 recentiorum,
1436 2245 1530 2294 fuit
1563 2262 1800 2310 arrogan-

92 2323 192 2387 tia,
242 2341 407 2390 neque
455 2326 728 2375 defuerunt
769 2327 854 2391 qui
900 2326 1194 2390 Euripidem
1231 2326 1470 2391 Sophocli
1515 2325 1800 2375 anteferen-

94 2405 214 2454 dum
250 2421 365 2455 esse
398 2412 681 2458 censerent.
752 2406 940 2457 Iudicia
976 2408 1105 2456 enim
1142 2423 1315 2455 eorum
1345 2407 1706 2468 Quinctilianus
1734 2404 1799 2466 X,

92 2487 142 2548 1,
177 2487 260 2533 67.
296 2491 350 2535 et
386 2486 565 2535 Cicero
598 2488 663 2536 de
697 2493 820 2536 orat.
854 2487 941 2548 Ill,
977 2491 1024 2549 7,
1049 2489 1129 2535 2⁷.
1155 2487 1448 2535 retulerunt.
1495 2487 1587 2548 „In
1614 2486 1801 2550 dispari

91 2566 294 2615 dicendi
328 2582 514 2631 genere
537 2572 651 2616 uter
677 2568 746 2616 sit
779 2572 928 2632 poeta
951 2567 1147 2629 melior,
1181 2567 1312 2615 inter
1336 2567 1576 2631 plurimos
1600 2565 1799 2629 quaeri-

91 2646 227 2698 tur.”
263 2674 328 2681 —
364 2646 646 2708 „Omnibus
670 2664 760 2713 par
787 2663 945 2712 paene
971 2648 1079 2696 laus
1103 2649 1150 2696 in
1173 2647 1406 2696 dissimili
1433 2646 1686 2696 scribendi
1710 2661 1798 2708 ge·-

89 2743 213 2776 nere
248 2727 534 2778 tribuitur.''
585 2728 1056 2777 Dissimilitudinem
1088 2727 1375 2776 describunt
1403 2727 1702 2776 Plutarchus
1733 2727 1800 2776 de

90 2807 217 2873 glor.
243 2808 425 2857 Athen.
462 2823 505 2858 c.
530 2811 579 2856 6.
618 2806 677 2874 (ἦ
712 2805 1020 2870 Εὐριπίδου
1051 2806 1219 2872 σοφία
1251 2805 1342 2858 καὶ
1374 2805 1410 2873 ἦ
1444 2804 1799 2871 Σοφοκλέους

92 2885 340 2954 λογιότης
386 2886 477 2938 καὶ
523 2887 585 2939 τὸ
633 2887 909 2956 Αἰσχύλου
957 2888 1150 2953 στόμα)
1199 2894 1251 2938 et
1294 2889 1611 2953 Phrynichus
1660 2888 1798 2953 apud

90 2967 238 3019 Phot.
275 2970 385 3018 cod.
424 2971 536 3017 158.
573 2987 624 3034 p.
657 2972 784 3020 173:
831 2969 1103 3036 Αἰσχύλον
1137 2966 1233 3020 τὸν
1276 2967 1798 3035 μεγαλοφωνότατον

92 3047 185 3101 καὶ
219 3046 510 3113 Σοφοκλέα
543 3046 640 3100 τὸν
672 3044 881 3116 γλυκὺν
913 3049 1003 3102 καὶ
1036 3047 1132 3102 τὸν
1156 3049 1447 3116 πάνσοφον
1471 3048 1796 3114 Εὐριπίδην.

226 3130 588 3180 Goncinnandis
648 3132 1138 3197 interpretandisque
1187 3133 1446 3197 Euripidis
1495 3132 1794 3181 carminibus

87 3211 291 3277 plurimi
325 3228 530 3277 operam
564 3211 825 3274 dederunt,
857 3214 907 3262 id
943 3214 1075 3278 quod
1103 3230 1164 3262 ex
1200 3214 1420 3275 scholiiS,
1458 3229 1583 3276 quae
1619 3226 1794 3276 super-

91 3297 237 3354 sunt,
297 3292 603 3356 intelligitur.
690 3293 978 3343 Laudantur
1025 3294 1158 3342 enim
1207 3299 1438 3356 tanquam
1488 3294 1794 3356 interpretes

90 3370 577 3422 Eratosthenes
637 3372 850 3435 (Troad.
912 3390 956 3422 v.
1015 3372 1218 3435 1165.),
1293 3372 1793 3436 Aristophanes

94 3449 320 3518 (Hippol.
365 3467 410 3501 v.
448 3455 562 3502 170.
614 3452 784 3506 Orest.
820 3457 936 3505 703.
973 3456 1118 3502 1030.
1155 3454 1300 3502 1274.
1350 3459 1402 3502 et
1446 3452 1631 3501 Troad.
1666 3450 1793 3514 44.),

90 3531 527 3585 Aristarchus
563 3532 745 3597 (Rhes.
778 3550 825 3587 v.
852 3534 1029 3599 ·526.),
1062 3532 1532 3642 Parmenisp‘us
1566 3530 1711 3595 (ibid.
1745 3544 1790 3578 v.

1347 3614 1411 3661 3⁷
