2170 3848
1202 287 1284 344 80

425 436 686 502 Spartanos
728 432 977 482 fundenda
1021 449 1133 482 esse
1181 437 1435 496 censeret,
1480 434 1639 484 minus
1684 435 1950 486 verisimile
1982 441 2073 488 est.

423 516 595 579 Neque
626 514 777 576 magis
811 513 1112 576 probandum
1147 517 1249 574 est,
1301 513 1430 578 quod
1463 513 1753 566 Zimdorfer
1797 517 2074 581 suspicatus

423 600 514 655 est,
546 592 606 640 ad
641 591 874 653 inducias,
909 608 1028 655 quas
1063 592 1292 640 Brasidas
1326 593 1374 640 in
1410 592 1624 643 Thracia
1657 594 1866 644 violasse
1899 611 2073 659 argue-

422 679 560 722 retur
594 670 777 735 (Thuc.
797 670 881 733 IV,
919 671 1255 735 Iri—1239,
1287 673 1482 738 respici.
1566 671 1801 723 Graviora
1833 675 1964 724 enim
1995 675 2072 724 in-

419 755 653 818 geruntur
686 750 913 809 crimina,
947 766 1091 813 quam
1126 766 1248 814 quae
1282 751 1342 800 ad
1378 752 1516 800 unius
1550 753 1788 802 delictum
1820 754 2074 818 pertinere

419 832 696 891 videantur,
745 845 903 892 neque
950 829 1075 878 solet
1121 829 1384 894 Euripides
1419 831 1511 880 nisi
1544 848 1627 893 ea,
1675 849 1798 897 quae
1832 848 2072 882 summam

417 927 522 959 rem
546 915 760 973 tangunt,
795 909 1066 972 respicere;
1101 915 1151 957 et
1173 910 1412 973 publicam
1439 909 1789 975 Spartanorum
1812 913 2072 976 perfidiam

417 989 637 1039 scholion
682 1003 873 1051 quoque
920 988 1005 1047 (ad
1040 1004 1083 1036 v.
1119 990 1234 1036 446.
1268 989 1540 1055 scriptum)
1589 991 1852 1054 siguificat:
1904 994 2073 1042 ταῦτα

415 1065 504 1119 διὰ
558 1069 648 1132 τῆς
692 1059 1047 1132 Ἀνδρομάχης
1108 1066 1270 1133 φησὶν
1313 1067 1608 1134 Εὐριπίδης
1662 1069 2073 1135 λοιδορούμενος
2152 1095 2165 1105 -·

412 1150 560 1207 τοῖς
593 1146 1091 1211 Σπαρτιάταις,
1128 1145 1229 1199 ὅτι
1261 1148 1939 1216 παρεσπονδήκεσαν.

541 1227 718 1276 Exstat
763 1226 971 1277 alterum
1018 1231 1280 1294 temporis,
1329 1246 1426 1293 quo
1473 1247 1582 1280 eam
1627 1231 1840 1280 fabulam
1876 1231 2068 1280 doctam

364 1322 378 1329 Χ
411 1324 523 1359 esse
571 1307 853 1367 statuimus,
901 1309 1153 1370 indicium,
1203 1310 1334 1372 quod
1368 1325 1412 1358 V.
1448 1312 1559 1362 725.
1609 1311 1782 1360 civitas
1829 1309 2067 1374 quaedam

408 1388 538 1438 haud
571 1385 741 1450 procul
774 1401 802 1434 a
837 1385 1015 1450 Sparta
1050 1389 1160 1451 sita,
1198 1395 1340 1438 antea
1368 1390 1539 1452 amica,
1574 1405 1702 1439 nunc
1727 1390 1991 1439 descivisse
2015 1393 2068 1438 et

406 1467 606 1518 hostilia
638 1465 804 1514 facere
837 1468 1138 1530 perhibetur,
1172 1485 1316 1532 quam
1341 1468 1582 1518 civitatem
1613 1470 1769 1532 Argos
1799 1469 2066 1533 significari

405 1548 497 1597 viri
543 1546 674 1595 docti
723 1561 816 1594 uno
851 1561 937 1595 ore
980 1547 1158 1596 elocuti
1194 1554 1318 1597 sunt.
1384 1548 1610 1597 Amicitia
1641 1549 1768 1597 inter
1801 1548 2064 1598 Thebanos

404 1628 767 1692 Spartanosque
800 1627 992 1685 iuncta,
1026 1627 1192 1690 Argivi
1226 1628 1474 1690 timentes,
1507 1644 1570 1677 ne
1603 1629 1694 1676 soli
1727 1628 2063 1693 relinqueren-

401 1713 508 1768 tur,
545 1706 723 1754 ceteris
758 1706 905 1754 sociis
939 1706 999 1753 ad
1033 1706 1446 1755 Lacedaemonios
1478 1709 1866 1769 transeuntibus,
1914 1722 2062 1772 quum

401 1792 544 1836 antea
596 1801 754 1847 neque
801 1784 1213 1834 Lacedaemonios
1263 1803 1424 1851 neque
1468 1787 1792 1836 Athenienses
1839 1787 2058 1848 foedere,

401 1866 532 1932 quod
579 1880 690 1913 cum
726 1863 991 1912 Corinthiis
1026 1865 1262 1928 inierant,
1298 1867 1450 1930 recipi
1485 1867 1781 1927 voluissent,
1814 1867 1910 1915 iam
1943 1867 2060 1916 alte·

399 1945 659 1997 riusutrius
694 1944 862 2008 populi
895 1944 1179 1992 societatem
1216 1947 1307 1993 sibi
1345 1946 1667 2010 expetendam
1703 1962 1817 1994 esse
1849 1961 2062 1996 censue-

399 2031 541 2089 runt,
589 2039 646 2071 ac
691 2023 800 2071 fere
835 2022 1009 2071 eodem
1044 2028 1266 2087 tempore
1299 2025 1358 2072 ad
1393 2031 1655 2087 utrumque
1686 2025 1876 2090 legatos
1910 2025 2058 2075 mise-

399 2111 526 2157 runt.
611 2104 666 2152 In
709 2102 1080 2151 Atheniensium
1139 2104 1423 2153 societatem
1483 2120 1576 2152 una
1636 2119 1747 2153 cum
1790 2103 2058 2160 Mantineis

397 2185 630 2247 Eleisque
674 2182 888 2247 recepti,
939 2181 1352 2232 Lacedaemonios
1405 2185 1708 2248 spreverunt.
1775 2182 1895 2232 Mox
1945 2199 2056 2233 cum

396 2265 499 2314 ludi
518 2262 765 2328 Olympici
797 2263 1174 2321 celebrarentur,
1209 2269 1341 2311 tanta
1373 2263 1468 2311 fuit
1499 2263 1728 2311 Eleorum
1765 2262 1967 2325 ferocia,
2000 2267 2058 2312 ut

396 2362 425 2393 a
460 2343 709 2392 sacrificiis
755 2342 1192 2406 certaminibusque
1227 2341 1493 2406 Spartanos
1530 2343 1778 2406 dispositis
1815 2342 2056 2391 custodiis

396 2424 740 2489 prohiberent,
790 2438 996 2485 quorum
1043 2438 1190 2486 quum
1236 2438 1361 2471 unus
1407 2422 1565 2470 celato
1599 2422 1798 2471 nomine
1831 2422 1971 2487 bigas
2003 2421 2055 2471 iu

395 2509 643 2553 certamen
677 2502 983 2561 demisisset,
1019 2502 1079 2549 ad
1115 2503 1442 2551 coronandum
1476 2502 1690 2567 aurigam
1725 2515 1867 2550 suum
1899 2500 2053 2549 victo-

393 2599 502 2633 rem
534 2583 584 2630 in
617 2581 829 2629 medium
861 2597 1178 2646 progressus,
1229 2582 1372 2647 virgis
1408 2598 1436 2630 a
1467 2581 1722 2629 lictoribus
1756 2595 1926 2628 caesus
1961 2587 2054 2629 est.

397 2663 579 2712 Contra
609 2661 885 2710 Alcibiades
912 2660 1172 2725 splendore
1205 2676 1390 2723 omneS,
1427 2661 1509 2725 qui
1543 2676 1755 2724 unquam
1789 2663 2051 2722 certarunt,

393 2758 489 2792 non
523 2739 668 2789 modo
700 2742 933 2804 privatos,
967 2740 1055 2789 sed
1089 2741 1234 2788 etiam
1267 2756 1425 2804 reges,
1460 2740 1605 2806 longe
1626 2739 1890 2804 superavit.
1959 2739 2050 2787 Se-

393 2826 527 2886 ptem
575 2821 703 2868 enim
749 2820 969 2868 curribus
1010 2820 1061 2869 in
1105 2826 1355 2869 certamen
1399 2820 1627 2868 demissis
1663 2825 1712 2867 et
1745 2818 1954 2882 primam
2001 2822 2051 2866 et

393 2898 660 2949 secundam
696 2903 745 2946 et
775 2899 971 2947 tertiam
1005 2900 1216 2963 palmam
1238 2899 1407 2947 retulit
1420 2897 1488 2961 *).
1539 2899 1672 2960 Quas
1694 2899 1921 2947 victorias
1946 2897 2048 2945 Eu-

392 2979 575 3044 ripides
602 2977 815 3027 carmine
839 2979 1118 3040 celebravit,
1154 2978 1291 3028 cuius
1315 2978 1602 3042 particulam
1627 2977 1918 3027 Plutarchus
1942 2991 2046 3025 ser-

391 3058 540 3107 vavit:

520 3131 598 3184 Σὲ
633 3133 680 3184 δ’
715 3133 969 3200 ἀείσομαι,
1005 3127 1046 3186 ὦ
1081 3134 1330 3187 Κλεινίου

517 3216 635 3264 παῖ·
669 3213 835 3266 καλὸν
866 3213 901 3264 οἳ
932 3215 1069 3280 νίκα,
1103 3215 1376 3268 κάλλιστον
1409 3214 1458 3266 δ’

521 3289 551 3345 ὃ
584 3294 732 3362 μήτις
765 3297 921 3356 ἄλλος
953 3289 1236 3360 Ἑλλάνων,

443 3463 493 3518 ἴῃ)
520 3463 699 3509 lauerat.
730 3464 836 3523 περὶ
863 3466 948 3510 τοῦ
975 3463 1175 3534 ζεύγους.
1229 3463 1455 3508 Plutarch.
1484 3463 1561 3510 vit.
1588 3462 1685 3507 Alc.
1714 3476 1753 3504 c.
1781 3459 1852 3503 11.
