2202 3892
931 272 1051 330 261

292 419 568 472 Palamedis
608 435 721 480 τρε,
773 419 834 468 ab
869 418 1091 467 Homero
1126 416 1270 482 plane
1305 417 1549 478 omissae,
1582 433 1609 466 a
1644 416 1844 483 tragicis

155 502 561 568 frequentissime
631 506 873 549 tractatae
929 506 1066 557 sunt,
1138 512 1346 560 quorum
1415 498 1630 546 omnium
1690 513 1842 562 opera

154 584 271 632 vicit
305 582 683 644 obscuravitque
719 579 976 644 Euripidei
1011 577 1246 626 dramatis
1281 576 1452 640 gloria.
1522 578 1632 626 Non
1668 593 1840 627 omnes

152 670 333 728 poetae
370 663 610 710 insontem
648 661 887 708 finxerant
926 659 1268 713 Palamedem,
1308 657 1357 704 id
1396 658 1526 720 quod
1562 658 1742 722 colligo
1779 673 1842 731 ex

153 742 443 791 Philostrati
474 743 669 789 verbis:
703 736 789 789 καὶ
816 740 1022 803 χρυσοῦ
1041 733 1140 800 μὲν
1173 733 1347 802 ἥττων
1382 734 1540 800 ἔδοξε,
1575 736 1843 802 προδότης

155 819 214 873 δὲ
265 815 402 872 εἶναι
454 820 803 884 κατεψεύσθη.
905 819 999 866 Hic
1062 819 1220 878 enim,
1278 819 1498 882 quamvis
1548 818 1841 883 Euripidem

152 904 365 952 maxime
400 908 650 964 sequatur,
687 909 848 949 tamen
885 900 1030 947 etiam
1069 898 1265 945 aliunde
1300 898 1459 962 petita
1494 898 1842 947 intermiscere

155 983 298 1032 solet.
366 982 574 1044 Quidam
616 972 904 1027 Diomedem
942 995 1052 1026 cum
1089 978 1274 1042 Ulysse
1308 978 1559 1026 interitum
1587 979 1842 1028 Palamedi

152 1062 488 1112 machinatum
514 1076 628 1108 esse
649 1061 892 1122 dixerant,
918 1059 1067 1122 idque
1090 1060 1137 1106 in
1167 1058 1364 1121 Cypriis
1389 1059 1687 1108 carminibus
1715 1059 1840 1107 scri-

152 1147 295 1208 ptum
327 1141 483 1189 fuisse
520 1140 755 1189 discimus
792 1156 853 1188 ex
889 1139 1128 1187 Pausania
1159 1137 1220 1199 X,
1258 1141 1338 1196 31,
1378 1141 1441 1195 1.,
1480 1156 1622 1203 quam
1657 1138 1842 1188 famam

154 1227 354 1270 secutus
384 1227 490 1269 erat
524 1222 822 1286 tragicorum
858 1221 916 1280 is,
953 1221 1090 1268 cuius
1126 1224 1465 1282 argumentum
1500 1219 1661 1268 refert
1695 1220 1840 1268 scho-

153 1300 297 1350 liasta
315 1301 565 1364 Euripidis
601 1302 660 1349 ad
683 1298 877 1349 Orestis
896 1317 938 1350 v.
957 1302 1088 1361 422„
1115 1300 1194 1347 cui
1219 1299 1410 1347 accedit
1438 1299 1607 1364 Dictys
1636 1299 1770 1350 Cret.
1782 1298 1841 1362 ll,

151 1382 232 1429 15.
283 1375 476 1444 ‘Neque
510 1386 675 1444 potest
710 1380 945 1439 dubitari,
983 1381 1098 1442 quin
1134 1378 1435 1444 Sophoclem
1470 1380 1554 1427 ille
1589 1384 1842 1429 auctorem

151 1460 400 1517 habuerit,
430 1477 456 1507 a
482 1477 578 1525 quo
597 1461 862 1525 Nauplium
882 1461 1176 1524 productum
1194 1459 1350 1507 fuisse
1375 1475 1580 1523 poenam
1607 1460 1667 1507 ab
1686 1460 1842 1510 Achi-

151 1541 223 1589 vis
258 1541 594 1604 postulantem
631 1541 749 1604 (τὸν
779 1540 956 1606 φόνον
984 1535 1169 1598 παιδὸς
1197 1537 1433 1603 δικάσαι)
1463 1541 1740 1589 certissimo
1763 1547 1843 1591 te-

152 1622 384 1669 stimonio
419 1623 626 1671 Achillis
665 1623 799 1691 Tatii
836 1630 885 1671 et
919 1622 1196 1686 fragmento
1231 1624 1346 1672 379.
1383 1620 1526 1669 Dind.
1557 1621 1840 1671 edocemur.

151 1701 279 1750 Nam
325 1702 640 1751 Palamedem
679 1703 951 1766 Sophoclis
1002 1706 1054 1748 et
1099 1701 1394 1765 Nauplium‚
1455 1701 1538 1764 qui
1585 1700 1842 1750 dicebatur

150 1778 479 1844 καταπλέων,
517 1783 719 1830 eandem
760 1782 977 1830 fabulam
1014 1780 1173 1827 fuisse
1210 1780 1330 1826 mihi
1364 1780 1656 1844 persuadeo.

288 1862 552 1926 Proprium
586 1862 810 1926 Euripidi
844 1861 1000 1909 fuisse
1035 1861 1251 1907 arbitror
1285 1860 1412 1918 hoc,
1462 1861 1591 1924 quod
1628 1861 1732 1909 sola
1766 1862 1841 1910 in'·

151 1943 284 1992 vidia
320 1944 604 2005 malitiaque
646 1942 878 1990 interitus
914 1941 1183 2005 parabatur
1216 1939 1403 1987 homini
1437 1940 1842 1991 innocentissimo

156 2024 419 2086 eidemque
468 2023 852 2086 sapientissimo.
938 2021 1082 2068 Haud
1129 2036 1431 2085 magnopere
1476 2021 1573 2069 hoc
1618 2022 1842 2071 dramate

152 2104 454 2153 delectatum
490 2118 603 2150 esse
639 2102 872 2166 populum
910 2101 1319 2160 Atheniensium,
1371 2100 1502 2164 quod
1549 2102 1626 2149 sui
1659 2102 1844 2165 ingenii

151 2184 326 2232 vitium
363 2191 596 2247 tauquam
643 2183 692 2229 in
746 2181 951 2246 speculo
1004 2187 1434 2244 repraesentatum
1486 2182 1842 2246 conspiciebat,

150 2264 512 2329 Aristophanes
548 2263 597 2311 in
631 2261 897 2310 Thesm.v.
919 2262 1033 2312 848.
1072 2261 1307 2320 ostendit,
1341 2261 1663 2326 Euripidem,
1710 2261 1843 2325 quod

150 2343 322 2410 frigidi
357 2343 636 2392 Palamedis
671 2359 784 2391 eum
819 2341 1034 2408 pudeat,
1085 2342 1134 2390 in
1174 2346 1494 2405 conspectum
1531 2341 1843 2406 proditurum

153 2439 267 2474 esse
304 2440 518 2487 negans:

288 2530 346 2539 —
515 2521 582 2539 -ὲ
749 2531 811 2541 —-
951 2502 1050 2554 οὐκ
1085 2499 1198 2553 ἔσθ’
1232 2501 1378 2563 ὅπως

287 2582 354 2634 οὐ
387 2584 484 2635 τὸν
521 2583 858 2651 Παλαμήδην
890 2584 1102 2651 ψυχρὸν
1138 2586 1248 2635 ὄντ’
1286 2582 1602 2649 αἰσχύνεται.

154 2663 330 2728 Neque
363 2666 494 2714 enim
529 2682 742 2730 unquam
779 2684 937 2731 aequo
975 2668 1137 2715 animo
1185 2666 1399 2714 tolerant
1442 2665 1670 2712 homines
1715 2662 1844 2711 veri·-

152 2749 311 2793 tatem
358 2746 431 2793 sic
464 2746 525 2793 ob
563 2747 734 2795 oculos
770 2749 1014 2812 positam,
1065 2753 1122 2796 ut
1169 2763 1278 2795 eam
1323 2745 1544 2809 effugere
1589 2744 1716 2792 falsa
1750 2742 1843 2791 sibi

152 2826 499 2888 persuadendo
532 2833 790 2890 nequeant.
859 2829 1035 2891 Neque
1070 2828 1200 2875 enim
1236 2827 1469 2889 castigari
1505 2841 1577 2885 se,
1615 2824 1703 2872 sed
1754 2823 1841 2872 de-

154 2905 254 2969 cipi
289 2905 476 2961 volunt‚
511 2922 670 2968 neque
705 2908 876 2956 nudari
903 2909 1018 2956 vitia
1048 2924 1105 2954 ac
1139 2907 1513 2969 turpitudinem,
1551 2904 1640 2953 sed
1676 2903 1843 2952 occul-

153 2985 267 3033 tari.
337 2986 618 3035 Aemulatio
654 2987 730 3034 vel
766 2989 965 3036 nimium
1002 2989 1311 3052 principatus
1348 2987 1586 3044 studium,
1630 2986 1712 3032 ubi
1745 2985 1844 3032 ho-

153 3064 314 3113 mines
350 3081 405 3112 se
443 3066 581 3113 bonis
616 3067 804 3114 artibus
839 3069 904 3127 id,
942 3069 1074 3131 quod
1112 3067 1298 3126 volunt,
1335 3067 1533 3130 assequi
1568 3082 1719 3129 posse
1753 3064 1843 3112 de—

154 3150 414 3208 sperantes
451 3146 509 3193 ad
542 3146 695 3192 malas
722 3162 775 3194 se
798 3154 1158 3209 converterunt,
1195 3148 1322 3210 parit
1346 3146 1583 3208 fallacias,
1617 3146 1842 3201 insidias,

155 3224 440 3294 calumnias,
478 3226 824 3274 crudelitatem
860 3229 1119 3289 omnisque
1146 3229 1340 3290 generis
1377 3227 1691 3282 iniustitiam,
1731 3223 1842 3287 qui-

156 3304 249 3352 bus
281 3306 412 3352 vitiis
448 3311 551 3352 tum
590 3307 766 3368 singuli
802 3313 904 3355 tum
944 3308 1163 3355 civitates
1201 3308 1439 3354 citissime
1471 3309 1840 3354 subvertuntur.

156 3383 234 3431 Ex
295 3385 624 3433 aemulatione
670 3396 835 3434 natum
883 3387 1069 3435 bellum
1119 3387 1595 3451 Peloponnesiacum
1644 3383 1844 3432 foedam

158 3479 350 3514 morum
385 3464 787 3530 depravationem
828 3467 1085 3532 totiusque
1130 3469 1256 3517 vitae
1306 3467 1678 3516 couversionem
1721 3462 1844 3513 effe-
