<?xml version="1.0" encoding="UTF-8"?>
<!DOCTYPE html PUBLIC "-//W3C//DTD XHTML 1.0 Transitional//EN"
    "http://www.w3.org/TR/xhtml1/DTD/xhtml1-transitional.dtd">
<html xmlns="http://www.w3.org/1999/xhtml" xml:lang="en" lang="en">
 <head>
  <title>
</title>
<meta http-equiv="Content-Type" content="text/html;charset=utf-8" />
  <meta name='ocr-system' content='tesseract 3.04.00' />
  <meta name='ocr-capabilities' content='ocr_page ocr_carea ocr_par ocr_line ocrx_word'/>
</head>
<body>
  <div class='ocr_page' id='page_1' title='image "./euripidesrestitu02hartuoft_0342.png"; bbox 0 0 2124 3860; ppageno 0'>
   <div class='ocr_carea' id='block_1_1' title="bbox 1094 258 1215 313">
    <p class='ocr_par' dir='ltr' id='par_1_1' title="bbox 1094 258 1215 313">
     <span class='ocr_line' id='line_1_1' title="bbox 1094 258 1215 313; baseline 0.008 -1"><span class='ocrx_word' id='word_1_1' title='bbox 1094 258 1215 313; x_wconf 78' lang='lat'><strong>330</strong></span> 
     </span>
    </p>
   </div>
   <div class='ocr_carea' id='block_1_2' title="bbox 299 402 1977 1506">
    <p class='ocr_par' dir='ltr' id='par_1_2' title="bbox 299 402 1977 1506">
     <span class='ocr_line' id='line_1_2' title="bbox 311 402 1977 470; baseline 0.002 -15"><span class='ocrx_word' id='word_1_2' title='bbox 311 407 446 455; x_wconf 90' lang='lat' dir='ltr'><strong>illudi</strong></span> <span class='ocrx_word' id='word_1_3' title='bbox 491 407 774 470; x_wconf 85' lang='lat' dir='ltr'><strong>putantem,</strong></span> <span class='ocrx_word' id='word_1_4' title='bbox 823 403 871 451; x_wconf 87' lang='lat' dir='ltr'><strong>in</strong></span> <span class='ocrx_word' id='word_1_5' title='bbox 917 402 1085 466; x_wconf 76' lang='lat' dir='ltr'><strong>fugam</strong></span> <span class='ocrx_word' id='word_1_6' title='bbox 1131 404 1468 467; x_wconf 86' lang='lat' dir='ltr'><strong>compelleret.</strong></span> <span class='ocrx_word' id='word_1_7' title='bbox 1538 406 1656 456; x_wconf 81' lang='lat' dir='ltr'><strong>Plus</strong></span> <span class='ocrx_word' id='word_1_8' title='bbox 1702 408 1832 456; x_wconf 87' lang='lat' dir='ltr'><strong>enim</strong></span> <span class='ocrx_word' id='word_1_9' title='bbox 1868 425 1977 458; x_wconf 86' lang='lat' dir='ltr'><strong>eum</strong></span> 
     </span>
     <span class='ocr_line' id='line_1_3' title="bbox 309 484 1975 552; baseline 0.002 -19"><span class='ocrx_word' id='word_1_10' title='bbox 309 486 426 533; x_wconf 86' lang='lat' dir='ltr'><strong>fidei</strong></span> <span class='ocrx_word' id='word_1_11' title='bbox 461 485 550 543; x_wconf 80' lang='lat' dir='ltr'><strong>iis,</strong></span> <span class='ocrx_word' id='word_1_12' title='bbox 601 499 725 546; x_wconf 88' lang='lat' dir='ltr'><strong>qnae</strong></span> <span class='ocrx_word' id='word_1_13' title='bbox 758 484 866 548; x_wconf 89' lang='lat' dir='ltr'><strong>ipse</strong></span> <span class='ocrx_word' id='word_1_14' title='bbox 903 489 1136 547; x_wconf 86' lang='lat' dir='ltr'><strong>expertus</strong></span> <span class='ocrx_word' id='word_1_15' title='bbox 1174 490 1278 545; x_wconf 87' lang='lat' dir='ltr'><strong>est,</strong></span> <span class='ocrx_word' id='word_1_16' title='bbox 1315 500 1459 546; x_wconf 82' lang='lat' dir='ltr'><strong>quam</strong></span> <span class='ocrx_word' id='word_1_17' title='bbox 1492 487 1652 535; x_wconf 86' lang='lat' dir='ltr'><strong>verbis</strong></span> <span class='ocrx_word' id='word_1_18' title='bbox 1685 488 1975 552; x_wconf 74' lang='lat' dir='ltr'><strong>peregrinae</strong></span> 
     </span>
     <span class='ocr_line' id='line_1_4' title="bbox 308 563 1976 626; baseline 0.002 -14"><span class='ocrx_word' id='word_1_19' title='bbox 308 564 556 620; x_wconf 87' lang='lat' dir='ltr'><strong>mulieris,</strong></span> <span class='ocrx_word' id='word_1_20' title='bbox 603 564 821 611; x_wconf 84' lang='lat' dir='ltr'><strong>tribuere</strong></span> <span class='ocrx_word' id='word_1_21' title='bbox 868 579 1075 626; x_wconf 87' lang='lat' dir='ltr'><strong>aequum</strong></span> <span class='ocrx_word' id='word_1_22' title='bbox 1122 568 1214 611; x_wconf 89' lang='lat' dir='ltr'><strong>est.</strong></span> <span class='ocrx_word' id='word_1_23' title='bbox 1294 563 1480 612; x_wconf 77' lang='lat' dir='ltr'><strong>Eadem</strong></span> <span class='ocrx_word' id='word_1_24' title='bbox 1533 565 1614 613; x_wconf 87' lang='lat' dir='ltr'><strong>ubi</strong></span> <span class='ocrx_word' id='word_1_25' title='bbox 1659 581 1717 614; x_wconf 87' lang='lat' dir='ltr'><strong>ex</strong></span> <span class='ocrx_word' id='word_1_26' title='bbox 1755 568 1976 616; x_wconf 75' lang='lat' dir='ltr'><strong>satellitis</strong></span> 
     </span>
     <span class='ocr_line' id='line_1_5' title="bbox 307 643 1976 709; baseline 0.002 -17"><span class='ocrx_word' id='word_1_27' title='bbox 307 644 580 692; x_wconf 77' lang='lat' dir='ltr'><strong>narratione</strong></span> <span class='ocrx_word' id='word_1_28' title='bbox 629 645 856 706; x_wconf 70' lang='lat' dir='ltr'><strong>cognovit</strong></span> <span class='ocrx_word' id='word_1_29' title='bbox 897 659 1014 692; x_wconf 80' lang='lat' dir='ltr'><strong>vana</strong></span> <span class='ocrx_word' id='word_1_30' title='bbox 1059 643 1214 691; x_wconf 83' lang='lat' dir='ltr'><strong>fuisse</strong></span> <span class='ocrx_word' id='word_1_31' title='bbox 1256 650 1309 692; x_wconf 89' lang='lat' dir='ltr'><strong>et</strong></span> <span class='ocrx_word' id='word_1_32' title='bbox 1356 644 1528 692; x_wconf 84' lang='lat' dir='ltr'><strong>fraude</strong></span> <span class='ocrx_word' id='word_1_33' title='bbox 1579 646 1736 709; x_wconf 65' lang='lat' dir='ltr'><strong>divina</strong></span> <span class='ocrx_word' id='word_1_34' title='bbox 1782 647 1976 704; x_wconf 83' lang='lat' dir='ltr'><strong>effecta,</strong></span> 
     </span>
     <span class='ocr_line' id='line_1_6' title="bbox 307 723 1976 788; baseline 0.002 -17"><span class='ocrx_word' id='word_1_35' title='bbox 307 724 588 786; x_wconf 84' lang='lat' dir='ltr'><strong>conspirare</strong></span> <span class='ocrx_word' id='word_1_36' title='bbox 623 723 897 770; x_wconf 83' lang='lat' dir='ltr'><strong>testimonia</strong></span> <span class='ocrx_word' id='word_1_37' title='bbox 933 723 1226 784; x_wconf 77' lang='lat' dir='ltr'><strong>intelligens,</strong></span> <span class='ocrx_word' id='word_1_38' title='bbox 1266 729 1367 772; x_wconf 88' lang='lat' dir='ltr'><strong>tum</strong></span> <span class='ocrx_word' id='word_1_39' title='bbox 1405 740 1520 772; x_wconf 74' lang='lat' dir='ltr'><strong>vero</strong></span> <span class='ocrx_word' id='word_1_40' title='bbox 1555 732 1760 788; x_wconf 87' lang='lat' dir='ltr'><strong>repente</strong></span> <span class='ocrx_word' id='word_1_41' title='bbox 1795 742 1856 773; x_wconf 79' lang='lat' dir='ltr'><strong>ex</strong></span> <span class='ocrx_word' id='word_1_42' title='bbox 1890 727 1976 775; x_wconf 85' lang='lat' dir='ltr'><strong>de-</strong></span> 
     </span>
     <span class='ocr_line' id='line_1_7' title="bbox 306 803 1977 868; baseline 0.001 -17"><span class='ocrx_word' id='word_1_43' title='bbox 306 803 585 867; x_wconf 75' lang='lat' dir='ltr'><strong>speratione</strong></span> <span class='ocrx_word' id='word_1_44' title='bbox 611 804 657 850; x_wconf 89' lang='lat' dir='ltr'><strong>in</strong></span> <span class='ocrx_word' id='word_1_45' title='bbox 685 803 915 850; x_wconf 79' lang='lat' dir='ltr'><strong>laetitiam</strong></span> <span class='ocrx_word' id='word_1_46' title='bbox 941 803 1129 853; x_wconf 75' lang='lat' dir='ltr'><strong>transit.</strong></span> <span class='ocrx_word' id='word_1_47' title='bbox 1175 805 1350 852; x_wconf 89' lang='lat' dir='ltr'><strong>Mutuo</strong></span> <span class='ocrx_word' id='word_1_48' title='bbox 1374 805 1520 868; x_wconf 79' lang='lat' dir='ltr'><strong>igitur</strong></span> <span class='ocrx_word' id='word_1_49' title='bbox 1543 805 1768 868; x_wconf 83' lang='lat' dir='ltr'><strong>amplexu</strong></span> <span class='ocrx_word' id='word_1_50' title='bbox 1810 806 1977 853; x_wconf 87' lang='lat' dir='ltr'><strong>coniu-</strong></span> 
     </span>
     <span class='ocr_line' id='line_1_8' title="bbox 307 882 1974 948; baseline 0.001 -18"><span class='ocrx_word' id='word_1_51' title='bbox 307 899 394 948; x_wconf 81' lang='lat' dir='ltr'><strong>ges</strong></span> <span class='ocrx_word' id='word_1_52' title='bbox 419 882 667 938; x_wconf 73' lang='lat' dir='ltr'><strong>fruuntur,</strong></span> <span class='ocrx_word' id='word_1_53' title='bbox 687 884 822 930; x_wconf 86' lang='lat' dir='ltr'><strong>obliti</strong></span> <span class='ocrx_word' id='word_1_54' title='bbox 850 882 1104 939; x_wconf 71' lang='lat' dir='ltr'><strong>malorum,</strong></span> <span class='ocrx_word' id='word_1_55' title='bbox 1127 899 1250 946; x_wconf 79' lang='lat' dir='ltr'><strong>quae</strong></span> <span class='ocrx_word' id='word_1_56' title='bbox 1271 884 1317 930; x_wconf 92' lang='lat' dir='ltr'><strong>iu</strong></span> <span class='ocrx_word' id='word_1_57' title='bbox 1346 884 1490 946; x_wconf 79' lang='lat' dir='ltr'><strong>longo</strong></span> <span class='ocrx_word' id='word_1_58' title='bbox 1516 885 1724 932; x_wconf 84' lang='lat' dir='ltr'><strong>divortio</strong></span> <span class='ocrx_word' id='word_1_59' title='bbox 1747 884 1974 947; x_wconf 76' lang='lat' dir='ltr'><strong>perpessi</strong></span> 
     </span>
     <span class='ocr_line' id='line_1_9' title="bbox 306 963 1976 1025; baseline 0.002 -16"><span class='ocrx_word' id='word_1_60' title='bbox 306 967 435 1020; x_wconf 87' lang='lat' dir='ltr'><strong>sunt,</strong></span> <span class='ocrx_word' id='word_1_61' title='bbox 471 978 561 1010; x_wconf 89' lang='lat' dir='ltr'><strong>nec</strong></span> <span class='ocrx_word' id='word_1_62' title='bbox 594 963 779 1010; x_wconf 86' lang='lat' dir='ltr'><strong>minore</strong></span> <span class='ocrx_word' id='word_1_63' title='bbox 797 964 991 1025; x_wconf 74' lang='lat' dir='ltr'><strong>gaudio,</strong></span> <span class='ocrx_word' id='word_1_64' title='bbox 1029 974 1168 1025; x_wconf 81' lang='lat' dir='ltr'><strong>quam</strong></span> <span class='ocrx_word' id='word_1_65' title='bbox 1200 963 1242 1009; x_wconf 88' lang='lat' dir='ltr'><strong>si</strong></span> <span class='ocrx_word' id='word_1_66' title='bbox 1270 979 1396 1011; x_wconf 90' lang='lat' dir='ltr'><strong>nunc</strong></span> <span class='ocrx_word' id='word_1_67' title='bbox 1427 965 1622 1012; x_wconf 77' lang='lat' dir='ltr'><strong>demum</strong></span> <span class='ocrx_word' id='word_1_68' title='bbox 1667 964 1976 1012; x_wconf 86' lang='lat' dir='ltr'><strong>matrimonio</strong></span> 
     </span>
     <span class='ocr_line' id='line_1_10' title="bbox 302 1042 1975 1107; baseline 0.001 -17"><span class='ocrx_word' id='word_1_69' title='bbox 302 1043 637 1107; x_wconf 83' lang='lat' dir='ltr'><strong>iungerentur,</strong></span> <span class='ocrx_word' id='word_1_70' title='bbox 676 1043 955 1091; x_wconf 83' lang='lat' dir='ltr'><strong>afficiuntur</strong></span> <span class='ocrx_word' id='word_1_71' title='bbox 981 1044 1278 1090; x_wconf 87' lang='lat' dir='ltr'><strong>reconciliati</strong></span> <span class='ocrx_word' id='word_1_72' title='bbox 1293 1042 1374 1104; x_wconf 89' lang='lat'><strong>*);</strong></span> <span class='ocrx_word' id='word_1_73' title='bbox 1412 1044 1704 1101; x_wconf 71' lang='lat' dir='ltr'><strong>tum,utfi1,</strong></span> <span class='ocrx_word' id='word_1_74' title='bbox 1746 1043 1975 1091; x_wconf 86' lang='lat' dir='ltr'><strong>recorda-</strong></span> 
     </span>
     <span class='ocr_line' id='line_1_11' title="bbox 302 1122 1976 1186; baseline -0.001 -15"><span class='ocrx_word' id='word_1_75' title='bbox 302 1123 438 1171; x_wconf 87' lang='lat' dir='ltr'><strong>tione</strong></span> <span class='ocrx_word' id='word_1_76' title='bbox 473 1122 578 1170; x_wconf 84' lang='lat' dir='ltr'><strong>sive</strong></span> <span class='ocrx_word' id='word_1_77' title='bbox 613 1138 831 1171; x_wconf 88' lang='lat' dir='ltr'><strong>errorum</strong></span> <span class='ocrx_word' id='word_1_78' title='bbox 871 1123 972 1170; x_wconf 75' lang='lat' dir='ltr'><strong>sive</strong></span> <span class='ocrx_word' id='word_1_79' title='bbox 1010 1122 1241 1182; x_wconf 88' lang='lat' dir='ltr'><strong>fatorum,</strong></span> <span class='ocrx_word' id='word_1_80' title='bbox 1280 1139 1403 1186; x_wconf 86' lang='lat' dir='ltr'><strong>quae</strong></span> <span class='ocrx_word' id='word_1_81' title='bbox 1434 1139 1606 1171; x_wconf 80' lang='lat' dir='ltr'><strong>caussa</strong></span> <span class='ocrx_word' id='word_1_82' title='bbox 1636 1123 1840 1172; x_wconf 79' lang='lat' dir='ltr'><strong>fuerunt</strong></span> <span class='ocrx_word' id='word_1_83' title='bbox 1874 1123 1976 1170; x_wconf 87' lang='lat' dir='ltr'><strong>dis-</strong></span> 
     </span>
     <span class='ocr_line' id='line_1_12' title="bbox 301 1201 1972 1266; baseline -0.001 -15"><span class='ocrx_word' id='word_1_84' title='bbox 301 1203 563 1251; x_wconf 87' lang='lat' dir='ltr'><strong>iunctionis</strong></span> <span class='ocrx_word' id='word_1_85' title='bbox 591 1203 810 1264; x_wconf 80' lang='lat' dir='ltr'><strong>itemque</strong></span> <span class='ocrx_word' id='word_1_86' title='bbox 835 1204 1090 1262; x_wconf 87' lang='lat' dir='ltr'><strong>malorum,</strong></span> <span class='ocrx_word' id='word_1_87' title='bbox 1128 1219 1250 1266; x_wconf 86' lang='lat' dir='ltr'><strong>quae</strong></span> <span class='ocrx_word' id='word_1_88' title='bbox 1273 1203 1386 1250; x_wconf 88' lang='lat' dir='ltr'><strong>inde</strong></span> <span class='ocrx_word' id='word_1_89' title='bbox 1412 1210 1694 1258; x_wconf 76' lang='lat' dir='ltr'><strong>evenerunt,</strong></span> <span class='ocrx_word' id='word_1_90' title='bbox 1731 1201 1972 1266; x_wconf 86' lang='lat' dir='ltr'><strong>interpel-</strong></span> 
     </span>
     <span class='ocr_line' id='line_1_13' title="bbox 301 1281 1972 1350; baseline 0 -20"><span class='ocrx_word' id='word_1_91' title='bbox 301 1281 431 1330; x_wconf 86' lang='lat' dir='ltr'><strong>latur</strong></span> <span class='ocrx_word' id='word_1_92' title='bbox 457 1282 655 1350; x_wconf 78' lang='lat' dir='ltr'><strong>quidem</strong></span> <span class='ocrx_word' id='word_1_93' title='bbox 682 1283 881 1341; x_wconf 75' lang='lat' dir='ltr'><strong>laetitia,</strong></span> <span class='ocrx_word' id='word_1_94' title='bbox 918 1285 1003 1330; x_wconf 78' lang='lat' dir='ltr'><strong>sed</strong></span> <span class='ocrx_word' id='word_1_95' title='bbox 1033 1283 1346 1330; x_wconf 82' lang='lat' dir='ltr'><strong>confirmatur</strong></span> <span class='ocrx_word' id='word_1_96' title='bbox 1379 1283 1508 1340; x_wconf 77' lang='lat' dir='ltr'><strong>fides</strong></span> <span class='ocrx_word' id='word_1_97' title='bbox 1531 1282 1795 1347; x_wconf 77' lang='lat' dir='ltr'><strong>purgandis</strong></span> <span class='ocrx_word' id='word_1_98' title='bbox 1825 1281 1972 1330; x_wconf 82' lang='lat' dir='ltr'><strong>factis</strong></span> 
     </span>
     <span class='ocr_line' id='line_1_14' title="bbox 301 1360 1972 1426; baseline -0.001 -17"><span class='ocrx_word' id='word_1_99' title='bbox 301 1365 350 1409; x_wconf 89' lang='lat' dir='ltr'><strong>et</strong></span> <span class='ocrx_word' id='word_1_100' title='bbox 372 1361 667 1409; x_wconf 82' lang='lat' dir='ltr'><strong>removenda</strong></span> <span class='ocrx_word' id='word_1_101' title='bbox 690 1363 819 1410; x_wconf 90' lang='lat' dir='ltr'><strong>omni</strong></span> <span class='ocrx_word' id='word_1_102' title='bbox 847 1363 1177 1426; x_wconf 80' lang='lat' dir='ltr'><strong>suspicionum</strong></span> <span class='ocrx_word' id='word_1_103' title='bbox 1204 1362 1419 1409; x_wconf 84' lang='lat' dir='ltr'><strong>materia.</strong></span> <span class='ocrx_word' id='word_1_104' title='bbox 1473 1362 1611 1410; x_wconf 88' lang='lat' dir='ltr'><strong>Ilaec</strong></span> <span class='ocrx_word' id='word_1_105' title='bbox 1635 1363 1762 1410; x_wconf 88' lang='lat' dir='ltr'><strong>inter</strong></span> <span class='ocrx_word' id='word_1_106' title='bbox 1784 1360 1972 1417; x_wconf 90' lang='lat' dir='ltr'><strong>oscula,</strong></span> 
     </span>
     <span class='ocr_line' id='line_1_15' title="bbox 299 1439 1972 1506; baseline -0.001 -17"><span class='ocrx_word' id='word_1_107' title='bbox 299 1441 557 1506; x_wconf 86' lang='lat' dir='ltr'><strong>amplexus</strong></span> <span class='ocrx_word' id='word_1_108' title='bbox 603 1448 652 1488; x_wconf 89' lang='lat' dir='ltr'><strong>et</strong></span> <span class='ocrx_word' id='word_1_109' title='bbox 695 1442 922 1490; x_wconf 84' lang='lat' dir='ltr'><strong>lacrimas</strong></span> <span class='ocrx_word' id='word_1_110' title='bbox 957 1443 1156 1490; x_wconf 84' lang='lat' dir='ltr'><strong>alternis</strong></span> <span class='ocrx_word' id='word_1_111' title='bbox 1192 1450 1403 1506; x_wconf 80' lang='lat' dir='ltr'><strong>aguntur</strong></span> <span class='ocrx_word' id='word_1_112' title='bbox 1438 1443 1691 1498; x_wconf 76' lang='lat' dir='ltr'><strong>cantibus,</strong></span> <span class='ocrx_word' id='word_1_113' title='bbox 1740 1441 1792 1489; x_wconf 85' lang='lat' dir='ltr'><strong>id</strong></span> <span class='ocrx_word' id='word_1_114' title='bbox 1839 1439 1972 1504; x_wconf 89' lang='lat' dir='ltr'><strong>quod</strong></span> 
     </span>
    </p>
   </div>
   <div class='ocr_carea' id='block_1_3' title="bbox 299 1518 2046 1582">
    <p class='ocr_par' dir='ltr' id='par_1_3' title="bbox 299 1518 2046 1582">
     <span class='ocr_line' id='line_1_16' title="bbox 299 1518 2046 1582; baseline -0.001 -13"><span class='ocrx_word' id='word_1_115' title='bbox 299 1522 523 1569; x_wconf 70' lang='lat' dir='ltr'><strong>convenit</strong></span> <span class='ocrx_word' id='word_1_116' title='bbox 556 1521 769 1569; x_wconf 87' lang='lat' dir='ltr'><strong>incitatis</strong></span> <span class='ocrx_word' id='word_1_117' title='bbox 817 1523 989 1569; x_wconf 89' lang='lat' dir='ltr'><strong>animis</strong></span> <span class='ocrx_word' id='word_1_118' title='bbox 1033 1529 1082 1569; x_wconf 89' lang='lat' dir='ltr'><strong>et</strong></span> <span class='ocrx_word' id='word_1_119' title='bbox 1115 1523 1294 1569; x_wconf 84' lang='lat' dir='ltr'><strong>laetitia</strong></span> <span class='ocrx_word' id='word_1_120' title='bbox 1329 1522 1539 1570; x_wconf 80' lang='lat' dir='ltr'><strong>affectis.</strong></span> <span class='ocrx_word' id='word_1_121' title='bbox 1609 1520 1778 1581; x_wconf 78' lang='lat' dir='ltr'><strong>„Nihil</strong></span> <span class='ocrx_word' id='word_1_122' title='bbox 1814 1535 1974 1582; x_wconf 80' lang='lat' dir='ltr'><strong>neque</strong></span> <span class='ocrx_word' id='word_1_123' title='bbox 2038 1518 2046 1526; x_wconf 68' lang='grc'>’</span> 
     </span>
    </p>
   </div>
   <div class='ocr_carea' id='block_1_4' title="bbox 291 1599 1975 3022">
    <p class='ocr_par' dir='ltr' id='par_1_4' title="bbox 291 1599 1975 2863">
     <span class='ocr_line' id='line_1_17' title="bbox 298 1599 1973 1666; baseline -0.001 -17"><span class='ocrx_word' id='word_1_124' title='bbox 298 1602 554 1649; x_wconf 88' lang='lat' dir='ltr'><strong>venustius</strong></span> <span class='ocrx_word' id='word_1_125' title='bbox 605 1617 763 1664; x_wconf 78' lang='lat' dir='ltr'><strong>neque</strong></span> <span class='ocrx_word' id='word_1_126' title='bbox 796 1602 990 1664; x_wconf 68' lang='lat' dir='ltr'><strong>gratius</strong></span> <span class='ocrx_word' id='word_1_127' title='bbox 1041 1603 1244 1650; x_wconf 72' lang='lat' dir='ltr'><strong>inveniri</strong></span> <span class='ocrx_word' id='word_1_128' title='bbox 1290 1608 1484 1665; x_wconf 81' lang='lat' dir='ltr'><strong>potest,</strong></span> <span class='ocrx_word' id='word_1_129' title='bbox 1532 1618 1673 1666; x_wconf 86' lang='lat' dir='ltr'><strong>quam</strong></span> <span class='ocrx_word' id='word_1_130' title='bbox 1710 1600 1856 1648; x_wconf 85' lang='lat' dir='ltr'><strong>ardor</strong></span> <span class='ocrx_word' id='word_1_131' title='bbox 1888 1599 1973 1648; x_wconf 87' lang='lat' dir='ltr'><strong>ille</strong></span> 
     </span>
     <span class='ocr_line' id='line_1_18' title="bbox 296 1680 1975 1744; baseline -0.001 -15"><span class='ocrx_word' id='word_1_132' title='bbox 296 1681 564 1730; x_wconf 83' lang='lat' dir='ltr'><strong>animorum</strong></span> <span class='ocrx_word' id='word_1_133' title='bbox 615 1681 799 1728; x_wconf 77' lang='lat' dir='ltr'><strong>laetitia</strong></span> <span class='ocrx_word' id='word_1_134' title='bbox 847 1682 1120 1740; x_wconf 70' lang='lat' dir='ltr'><strong>elatorum,</strong></span> <span class='ocrx_word' id='word_1_135' title='bbox 1169 1697 1264 1743; x_wconf 85' lang='lat' dir='ltr'><strong>quo</strong></span> <span class='ocrx_word' id='word_1_136' title='bbox 1302 1682 1384 1742; x_wconf 77' lang='lat' dir='ltr'><strong>fit,</strong></span> <span class='ocrx_word' id='word_1_137' title='bbox 1432 1684 1566 1731; x_wconf 90' lang='lat' dir='ltr'><strong>utin</strong></span> <span class='ocrx_word' id='word_1_138' title='bbox 1603 1687 1798 1730; x_wconf 88' lang='lat' dir='ltr'><strong>cantum</strong></span> <span class='ocrx_word' id='word_1_139' title='bbox 1835 1680 1975 1744; x_wconf 84' lang='lat' dir='ltr'><strong>quasi</strong></span> 
     </span>
     <span class='ocr_line' id='line_1_19' title="bbox 297 1760 1969 1825; baseline -0.001 -16"><span class='ocrx_word' id='word_1_140' title='bbox 297 1767 475 1824; x_wconf 82' lang='lat' dir='ltr'><strong>sponte</strong></span> <span class='ocrx_word' id='word_1_141' title='bbox 535 1761 902 1809; x_wconf 78' lang='lat' dir='ltr'><strong>effumlantur.”</strong></span> <span class='ocrx_word' id='word_1_142' title='bbox 987 1760 1246 1810; x_wconf 73' lang='lat' dir='ltr'><strong>Movemur</strong></span> <span class='ocrx_word' id='word_1_143' title='bbox 1301 1763 1361 1809; x_wconf 90' lang='lat' dir='ltr'><strong>iis</strong></span> <span class='ocrx_word' id='word_1_144' title='bbox 1425 1770 1678 1825; x_wconf 84' lang='lat' dir='ltr'><strong>poetarum</strong></span> <span class='ocrx_word' id='word_1_145' title='bbox 1740 1761 1969 1822; x_wconf 75' lang='lat' dir='ltr'><strong>inventis,</strong></span> 
     </span>
     <span class='ocr_line' id='line_1_20' title="bbox 295 1839 1972 1904; baseline 0 -16"><span class='ocrx_word' id='word_1_146' title='bbox 295 1857 420 1904; x_wconf 82' lang='lat' dir='ltr'><strong>quae</strong></span> <span class='ocrx_word' id='word_1_147' title='bbox 454 1840 672 1904; x_wconf 79' lang='lat' dir='ltr'><strong>effigiem</strong></span> <span class='ocrx_word' id='word_1_148' title='bbox 710 1842 839 1887; x_wconf 72' lang='lat' dir='ltr'><strong>vitae</strong></span> <span class='ocrx_word' id='word_1_149' title='bbox 875 1842 1114 1889; x_wconf 89' lang='lat' dir='ltr'><strong>humanae</strong></span> <span class='ocrx_word' id='word_1_150' title='bbox 1149 1843 1422 1890; x_wconf 86' lang='lat' dir='ltr'><strong>continent:</strong></span> <span class='ocrx_word' id='word_1_151' title='bbox 1459 1842 1600 1891; x_wconf 77' lang='lat' dir='ltr'><strong>cuius</strong></span> <span class='ocrx_word' id='word_1_152' title='bbox 1625 1841 1819 1904; x_wconf 76' lang='lat' dir='ltr'><strong>generis</strong></span> <span class='ocrx_word' id='word_1_153' title='bbox 1851 1839 1972 1888; x_wconf 80' lang='lat' dir='ltr'><strong>liaeo</strong></span> 
     </span>
     <span class='ocr_line' id='line_1_21' title="bbox 296 1919 1975 1984; baseline -0.001 -14"><span class='ocrx_word' id='word_1_154' title='bbox 296 1926 374 1970; x_wconf 86' lang='lat' dir='ltr'><strong>est</strong></span> <span class='ocrx_word' id='word_1_155' title='bbox 410 1921 557 1977; x_wconf 81' lang='lat' dir='ltr'><strong>actio,</strong></span> <span class='ocrx_word' id='word_1_156' title='bbox 600 1936 694 1982; x_wconf 85' lang='lat' dir='ltr'><strong>qua</strong></span> <span class='ocrx_word' id='word_1_157' title='bbox 730 1921 961 1984; x_wconf 79' lang='lat' dir='ltr'><strong>coniuges</strong></span> <span class='ocrx_word' id='word_1_158' title='bbox 997 1923 1056 1969; x_wconf 88' lang='lat' dir='ltr'><strong>ad</strong></span> <span class='ocrx_word' id='word_1_159' title='bbox 1095 1922 1405 1970; x_wconf 85' lang='lat' dir='ltr'><strong>concordiam</strong></span> <span class='ocrx_word' id='word_1_160' title='bbox 1435 1939 1492 1970; x_wconf 85' lang='lat' dir='ltr'><strong>ex</strong></span> <span class='ocrx_word' id='word_1_161' title='bbox 1521 1922 1726 1969; x_wconf 76' lang='lat' dir='ltr'><strong>divortio</strong></span> <span class='ocrx_word' id='word_1_162' title='bbox 1754 1919 1975 1968; x_wconf 78' lang='lat' dir='ltr'><strong>revocati</strong></span> 
     </span>
     <span class='ocr_line' id='line_1_22' title="bbox 294 2000 1972 2062; baseline -0.001 -12"><span class='ocrx_word' id='word_1_163' title='bbox 294 2017 352 2049; x_wconf 83' lang='lat' dir='ltr'><strong>ac</strong></span> <span class='ocrx_word' id='word_1_164' title='bbox 387 2001 564 2049; x_wconf 87' lang='lat' dir='ltr'><strong>foedus</strong></span> <span class='ocrx_word' id='word_1_165' title='bbox 602 2000 809 2062; x_wconf 78' lang='lat' dir='ltr'><strong>coniugii</strong></span> <span class='ocrx_word' id='word_1_166' title='bbox 844 2001 1167 2049; x_wconf 84' lang='lat' dir='ltr'><strong>instaurantes</strong></span> <span class='ocrx_word' id='word_1_167' title='bbox 1214 2003 1284 2050; x_wconf 90' lang='lat' dir='ltr'><strong>sic</strong></span> <span class='ocrx_word' id='word_1_168' title='bbox 1320 2003 1670 2061; x_wconf 74' lang='lat' dir='ltr'><strong>ostenduntur,</strong></span> <span class='ocrx_word' id='word_1_169' title='bbox 1705 2008 1759 2049; x_wconf 88' lang='lat' dir='ltr'><strong>ut</strong></span> <span class='ocrx_word' id='word_1_170' title='bbox 1793 2001 1842 2048; x_wconf 89' lang='lat' dir='ltr'><strong>in</strong></span> <span class='ocrx_word' id='word_1_171' title='bbox 1875 2001 1972 2048; x_wconf 88' lang='lat' dir='ltr'><strong>ho-</strong></span> 
     </span>
     <span class='ocr_line' id='line_1_23' title="bbox 292 2081 1969 2145; baseline -0.001 -15"><span class='ocrx_word' id='word_1_172' title='bbox 292 2098 402 2130; x_wconf 87' lang='lat' dir='ltr'><strong>rum</strong></span> <span class='ocrx_word' id='word_1_173' title='bbox 466 2081 679 2144; x_wconf 81' lang='lat' dir='ltr'><strong>imagine</strong></span> <span class='ocrx_word' id='word_1_174' title='bbox 734 2097 1039 2129; x_wconf 90' lang='lat' dir='ltr'><strong>communem</strong></span> <span class='ocrx_word' id='word_1_175' title='bbox 1101 2082 1358 2145; x_wconf 77' lang='lat' dir='ltr'><strong>coniugum</strong></span> <span class='ocrx_word' id='word_1_176' title='bbox 1409 2099 1630 2132; x_wconf 85' lang='lat' dir='ltr'><strong>caussam</strong></span> <span class='ocrx_word' id='word_1_177' title='bbox 1683 2095 1969 2145; x_wconf 83' lang='lat' dir='ltr'><strong>expressam</strong></span> 
     </span>
     <span class='ocr_line' id='line_1_24' title="bbox 292 2160 1968 2224; baseline -0.002 -14"><span class='ocrx_word' id='word_1_178' title='bbox 292 2162 586 2210; x_wconf 85' lang='lat' dir='ltr'><strong>intueamur.</strong></span> <span class='ocrx_word' id='word_1_179' title='bbox 657 2160 948 2209; x_wconf 86' lang='lat' dir='ltr'><strong>Cuiusmodi</strong></span> <span class='ocrx_word' id='word_1_180' title='bbox 974 2161 1400 2209; x_wconf 84' lang='lat' dir='ltr'><strong>reconciliationes</strong></span> <span class='ocrx_word' id='word_1_181' title='bbox 1425 2163 1533 2211; x_wconf 81' lang='lat' dir='ltr'><strong>fleri</strong></span> <span class='ocrx_word' id='word_1_182' title='bbox 1568 2177 1815 2224; x_wconf 75' lang='lat' dir='ltr'><strong>utinquam</strong></span> <span class='ocrx_word' id='word_1_183' title='bbox 1851 2175 1968 2222; x_wconf 87' lang='lat' dir='ltr'><strong>pos-</strong></span> 
     </span>
     <span class='ocr_line' id='line_1_25' title="bbox 294 2241 1966 2304; baseline -0.002 -15"><span class='ocrx_word' id='word_1_184' title='bbox 294 2246 432 2299; x_wconf 78' lang='lat' dir='ltr'><strong>sunt,</strong></span> <span class='ocrx_word' id='word_1_185' title='bbox 486 2242 600 2304; x_wconf 86' lang='lat' dir='ltr'><strong>quin</strong></span> <span class='ocrx_word' id='word_1_186' title='bbox 653 2256 869 2288; x_wconf 84' lang='lat' dir='ltr'><strong>errorem</strong></span> <span class='ocrx_word' id='word_1_187' title='bbox 922 2248 970 2288; x_wconf 86' lang='lat' dir='ltr'><strong>et</strong></span> <span class='ocrx_word' id='word_1_188' title='bbox 1006 2241 1396 2288; x_wconf 81' lang='lat' dir='ltr'><strong>obcoecationem</strong></span> <span class='ocrx_word' id='word_1_189' title='bbox 1434 2243 1702 2288; x_wconf 85' lang='lat' dir='ltr'><strong>animorum</strong></span> <span class='ocrx_word' id='word_1_190' title='bbox 1741 2253 1966 2286; x_wconf 87' lang='lat' dir='ltr'><strong>caussam</strong></span> 
     </span>
     <span class='ocr_line' id='line_1_26' title="bbox 293 2319 1966 2383; baseline -0.001 -15"><span class='ocrx_word' id='word_1_191' title='bbox 293 2320 484 2369; x_wconf 86' lang='lat' dir='ltr'><strong>dissidii</strong></span> <span class='ocrx_word' id='word_1_192' title='bbox 525 2319 677 2367; x_wconf 83' lang='lat' dir='ltr'><strong>fuisse</strong></span> <span class='ocrx_word' id='word_1_193' title='bbox 713 2319 1038 2383; x_wconf 77' lang='lat' dir='ltr'><strong>intelligatur3</strong></span> <span class='ocrx_word' id='word_1_194' title='bbox 1079 2325 1311 2366; x_wconf 78' lang='lat' dir='ltr'><strong>renovato</strong></span> <span class='ocrx_word' id='word_1_195' title='bbox 1347 2324 1511 2367; x_wconf 79' lang='lat' dir='ltr'><strong>antem</strong></span> <span class='ocrx_word' id='word_1_196' title='bbox 1548 2334 1730 2379; x_wconf 82' lang='lat' dir='ltr'><strong>amore,</strong></span> <span class='ocrx_word' id='word_1_197' title='bbox 1765 2334 1966 2380; x_wconf 86' lang='lat' dir='ltr'><strong>permu-</strong></span> 
     </span>
     <span class='ocr_line' id='line_1_27' title="bbox 293 2396 1966 2463; baseline -0.002 -14"><span class='ocrx_word' id='word_1_198' title='bbox 293 2404 421 2449; x_wconf 86' lang='lat' dir='ltr'><strong>tatus</strong></span> <span class='ocrx_word' id='word_1_199' title='bbox 456 2400 612 2449; x_wconf 79' lang='lat' dir='ltr'><strong>fuisse</strong></span> <span class='ocrx_word' id='word_1_200' title='bbox 639 2400 894 2463; x_wconf 84' lang='lat' dir='ltr'><strong>coniugum</strong></span> <span class='ocrx_word' id='word_1_201' title='bbox 925 2400 984 2458; x_wconf 70' lang='lat' dir='ltr'><strong>is,</strong></span> <span class='ocrx_word' id='word_1_202' title='bbox 1021 2399 1103 2461; x_wconf 86' lang='lat' dir='ltr'><strong>qui</strong></span> <span class='ocrx_word' id='word_1_203' title='bbox 1131 2399 1347 2446; x_wconf 88' lang='lat' dir='ltr'><strong>iniuriam</strong></span> <span class='ocrx_word' id='word_1_204' title='bbox 1380 2397 1515 2454; x_wconf 71' lang='lat' dir='ltr'><strong>secit,</strong></span> <span class='ocrx_word' id='word_1_205' title='bbox 1541 2399 1745 2445; x_wconf 75' lang='lat' dir='ltr'><strong>videtur.</strong></span> <span class='ocrx_word' id='word_1_206' title='bbox 1801 2396 1966 2461; x_wconf 85' lang='lat' dir='ltr'><strong>Prope</strong></span> 
     </span>
     <span class='ocr_line' id='line_1_28' title="bbox 291 2477 1965 2541; baseline -0.002 -13"><span class='ocrx_word' id='word_1_207' title='bbox 291 2480 416 2528; x_wconf 86' lang='lat' dir='ltr'><strong>haec</strong></span> <span class='ocrx_word' id='word_1_208' title='bbox 450 2497 478 2527; x_wconf 89' lang='lat' dir='ltr'><strong>a</strong></span> <span class='ocrx_word' id='word_1_209' title='bbox 511 2481 728 2528; x_wconf 89' lang='lat' dir='ltr'><strong>ridiculis</strong></span> <span class='ocrx_word' id='word_1_210' title='bbox 765 2481 964 2538; x_wconf 88' lang='lat' dir='ltr'><strong>absunt;</strong></span> <span class='ocrx_word' id='word_1_211' title='bbox 1001 2480 1089 2527; x_wconf 87' lang='lat' dir='ltr'><strong>sed</strong></span> <span class='ocrx_word' id='word_1_212' title='bbox 1130 2477 1234 2526; x_wconf 84' lang='lat' dir='ltr'><strong>scre</strong></span> <span class='ocrx_word' id='word_1_213' title='bbox 1269 2484 1322 2526; x_wconf 90' lang='lat' dir='ltr'><strong>ut</strong></span> <span class='ocrx_word' id='word_1_214' title='bbox 1356 2495 1579 2541; x_wconf 74' lang='lat' dir='ltr'><strong>quaeque</strong></span> <span class='ocrx_word' id='word_1_215' title='bbox 1614 2478 1824 2525; x_wconf 86' lang='lat' dir='ltr'><strong>maxime</strong></span> <span class='ocrx_word' id='word_1_216' title='bbox 1865 2483 1965 2525; x_wconf 87' lang='lat' dir='ltr'><strong>tra-</strong></span> 
     </span>
     <span class='ocr_line' id='line_1_29' title="bbox 291 2557 1966 2626; baseline -0.002 -19"><span class='ocrx_word' id='word_1_217' title='bbox 291 2562 419 2626; x_wconf 83' lang='lat' dir='ltr'><strong>gica,</strong></span> <span class='ocrx_word' id='word_1_218' title='bbox 456 2561 525 2607; x_wconf 83' lang='lat' dir='ltr'><strong>ita</strong></span> <span class='ocrx_word' id='word_1_219' title='bbox 559 2561 772 2608; x_wconf 85' lang='lat' dir='ltr'><strong>maxime</strong></span> <span class='ocrx_word' id='word_1_220' title='bbox 808 2560 1007 2607; x_wconf 90' lang='lat' dir='ltr'><strong>comicis</strong></span> <span class='ocrx_word' id='word_1_221' title='bbox 1043 2559 1201 2606; x_wconf 74' lang='lat' dir='ltr'><strong>vicina</strong></span> <span class='ocrx_word' id='word_1_222' title='bbox 1237 2564 1366 2607; x_wconf 89' lang='lat' dir='ltr'><strong>sunt.</strong></span> <span class='ocrx_word' id='word_1_223' title='bbox 1437 2557 1580 2606; x_wconf 68' lang='lat' dir='ltr'><strong>Nulla</strong></span> <span class='ocrx_word' id='word_1_224' title='bbox 1623 2559 1750 2605; x_wconf 87' lang='lat' dir='ltr'><strong>enim</strong></span> <span class='ocrx_word' id='word_1_225' title='bbox 1787 2573 1844 2605; x_wconf 89' lang='lat' dir='ltr'><strong>re</strong></span> <span class='ocrx_word' id='word_1_226' title='bbox 1873 2557 1966 2605; x_wconf 86' lang='lat' dir='ltr'><strong>nisi</strong></span> 
     </span>
     <span class='ocr_line' id='line_1_30' title="bbox 292 2636 1961 2704; baseline -0.002 -17"><span class='ocrx_word' id='word_1_227' title='bbox 292 2638 492 2688; x_wconf 72' lang='lat' dir='ltr'><strong>levitate</strong></span> <span class='ocrx_word' id='word_1_228' title='bbox 544 2646 594 2688; x_wconf 89' lang='lat' dir='ltr'><strong>et</strong></span> <span class='ocrx_word' id='word_1_229' title='bbox 645 2641 884 2704; x_wconf 79' lang='lat' dir='ltr'><strong>gravitate</strong></span> <span class='ocrx_word' id='word_1_230' title='bbox 929 2644 1032 2687; x_wconf 85' lang='lat' dir='ltr'><strong>tum</strong></span> <span class='ocrx_word' id='word_1_231' title='bbox 1079 2655 1241 2686; x_wconf 87' lang='lat' dir='ltr'><strong>rerum</strong></span> <span class='ocrx_word' id='word_1_232' title='bbox 1287 2643 1391 2686; x_wconf 87' lang='lat' dir='ltr'><strong>tum</strong></span> <span class='ocrx_word' id='word_1_233' title='bbox 1427 2638 1679 2685; x_wconf 85' lang='lat' dir='ltr'><strong>hominum</strong></span> <span class='ocrx_word' id='word_1_234' title='bbox 1711 2636 1961 2685; x_wconf 86' lang='lat' dir='ltr'><strong>differunt.</strong></span> 
     </span>
     <span class='ocr_line' id='line_1_31' title="bbox 295 2717 1963 2768; baseline -0.003 0"><span class='ocrx_word' id='word_1_235' title='bbox 295 2719 588 2768; x_wconf 81' lang='lat' dir='ltr'><strong>Gravissimi</strong></span> <span class='ocrx_word' id='word_1_236' title='bbox 625 2725 790 2767; x_wconf 75' lang='lat' dir='ltr'><strong>autem</strong></span> <span class='ocrx_word' id='word_1_237' title='bbox 842 2725 945 2768; x_wconf 92' lang='lat' dir='ltr'><strong>tum</strong></span> <span class='ocrx_word' id='word_1_238' title='bbox 997 2719 1219 2767; x_wconf 83' lang='lat' dir='ltr'><strong>Helenae</strong></span> <span class='ocrx_word' id='word_1_239' title='bbox 1269 2722 1371 2768; x_wconf 89' lang='lat' dir='ltr'><strong>tum</strong></span> <span class='ocrx_word' id='word_1_240' title='bbox 1409 2717 1624 2765; x_wconf 86' lang='lat' dir='ltr'><strong>Menelai</strong></span> <span class='ocrx_word' id='word_1_241' title='bbox 1672 2719 1787 2765; x_wconf 87' lang='lat' dir='ltr'><strong>sunt</strong></span> <span class='ocrx_word' id='word_1_242' title='bbox 1821 2731 1963 2764; x_wconf 85' lang='lat' dir='ltr'><strong>casus</strong></span> 
     </span>
     <span class='ocr_line' id='line_1_32' title="bbox 292 2798 1462 2863; baseline 0 -17"><span class='ocrx_word' id='word_1_243' title='bbox 292 2805 441 2863; x_wconf 86' lang='lat' dir='ltr'><strong>atque</strong></span> <span class='ocrx_word' id='word_1_244' title='bbox 476 2801 667 2848; x_wconf 87' lang='lat' dir='ltr'><strong>labores</strong></span> <span class='ocrx_word' id='word_1_245' title='bbox 705 2807 755 2848; x_wconf 85' lang='lat' dir='ltr'><strong>et</strong></span> <span class='ocrx_word' id='word_1_246' title='bbox 790 2816 978 2847; x_wconf 88' lang='lat' dir='ltr'><strong>summa</strong></span> <span class='ocrx_word' id='word_1_247' title='bbox 1012 2815 1201 2847; x_wconf 90' lang='lat' dir='ltr'><strong>morum</strong></span> <span class='ocrx_word' id='word_1_248' title='bbox 1238 2798 1462 2860; x_wconf 76' lang='lat' dir='ltr'><strong>dignitas.</strong></span> 
     </span>
    </p>

    <p class='ocr_par' dir='ltr' id='par_1_5' title="bbox 292 2874 1960 3022">
     <span class='ocr_line' id='line_1_33' title="bbox 421 2874 1960 2942; baseline -0.004 -15"><span class='ocrx_word' id='word_1_249' title='bbox 421 2879 787 2927; x_wconf 88' lang='lat' dir='ltr'><strong>Reconciliatae</strong></span> <span class='ocrx_word' id='word_1_250' title='bbox 842 2881 1099 2942; x_wconf 79' lang='lat' dir='ltr'><strong>coniugum</strong></span> <span class='ocrx_word' id='word_1_251' title='bbox 1158 2879 1342 2940; x_wconf 82' lang='lat' dir='ltr'><strong>gratiae</strong></span> <span class='ocrx_word' id='word_1_252' title='bbox 1395 2878 1456 2925; x_wconf 91' lang='lat' dir='ltr'><strong>ad</strong></span> <span class='ocrx_word' id='word_1_253' title='bbox 1501 2876 1730 2924; x_wconf 84' lang='lat' dir='ltr'><strong>familiam</strong></span> <span class='ocrx_word' id='word_1_254' title='bbox 1778 2874 1960 2923; x_wconf 86' lang='lat' dir='ltr'><strong>redun-</strong></span> 
     </span>
     <span class='ocr_line' id='line_1_34' title="bbox 292 2954 1958 3022; baseline -0.003 -16"><span class='ocrx_word' id='word_1_255' title='bbox 292 2957 412 3007; x_wconf 86' lang='lat' dir='ltr'><strong>dare</strong></span> <span class='ocrx_word' id='word_1_256' title='bbox 456 2959 666 3008; x_wconf 82' lang='lat' dir='ltr'><strong>felicitas</strong></span> <span class='ocrx_word' id='word_1_257' title='bbox 717 2961 857 3009; x_wconf 88' lang='lat' dir='ltr'><strong>solet.</strong></span> <span class='ocrx_word' id='word_1_258' title='bbox 925 2960 1083 3009; x_wconf 85' lang='lat' dir='ltr'><strong>Adest</strong></span> <span class='ocrx_word' id='word_1_259' title='bbox 1115 2958 1343 3020; x_wconf 81' lang='lat' dir='ltr'><strong>famulus,</strong></span> <span class='ocrx_word' id='word_1_260' title='bbox 1380 2959 1461 3022; x_wconf 90' lang='lat' dir='ltr'><strong>qui</strong></span> <span class='ocrx_word' id='word_1_261' title='bbox 1495 2957 1735 3021; x_wconf 87' lang='lat' dir='ltr'><strong>quondam</strong></span> <span class='ocrx_word' id='word_1_262' title='bbox 1767 2954 1958 3018; x_wconf 84' lang='lat' dir='ltr'><strong>nuptia-</strong></span> 
     </span>
    </p>
   </div>
   <div class='ocr_carea' id='block_1_5' title="bbox 347 3161 1960 3435">
    <p class='ocr_par' dir='ltr' id='par_1_6' title="bbox 347 3161 1960 3435">
     <span class='ocr_line' id='line_1_35' title="bbox 347 3161 1958 3223; baseline -0.006 -13"><span class='ocrx_word' id='word_1_263' title='bbox 347 3168 398 3223; x_wconf 69' lang='lat'><strong>*)</strong></span> <span class='ocrx_word' id='word_1_264' title='bbox 432 3166 637 3210; x_wconf 81' lang='lat' dir='ltr'><strong>Notanda</strong></span> <span class='ocrx_word' id='word_1_265' title='bbox 659 3168 969 3210; x_wconf 83' lang='lat' dir='ltr'><strong>estFritzschii</strong></span> <span class='ocrx_word' id='word_1_266' title='bbox 989 3165 1245 3218; x_wconf 73' lang='lat' dir='ltr'><strong>scurrilitas,</strong></span> <span class='ocrx_word' id='word_1_267' title='bbox 1267 3179 1468 3208; x_wconf 85' lang='lat' dir='ltr'><strong>caussam</strong></span> <span class='ocrx_word' id='word_1_268' title='bbox 1488 3164 1695 3216; x_wconf 79' lang='lat' dir='ltr'><strong>lactitiae,</strong></span> <span class='ocrx_word' id='word_1_269' title='bbox 1715 3174 1800 3216; x_wconf 79' lang='lat' dir='ltr'><strong>qua</strong></span> <span class='ocrx_word' id='word_1_270' title='bbox 1818 3161 1958 3202; x_wconf 78' lang='lat' dir='ltr'><strong>Helc-</strong></span> 
     </span>
     <span class='ocr_line' id='line_1_36' title="bbox 431 3228 1955 3292; baseline -0.007 -12"><span class='ocrx_word' id='word_1_271' title='bbox 431 3252 490 3280; x_wconf 83' lang='lat' dir='ltr'><strong>na</strong></span> <span class='ocrx_word' id='word_1_272' title='bbox 510 3237 704 3291; x_wconf 76' lang='lat' dir='ltr'><strong>effertur,</strong></span> <span class='ocrx_word' id='word_1_273' title='bbox 731 3238 798 3279; x_wconf 88' lang='lat' dir='ltr'><strong>his</strong></span> <span class='ocrx_word' id='word_1_274' title='bbox 816 3237 1168 3280; x_wconf 87' lang='lat' dir='ltr'><strong>obscoenissimis</strong></span> <span class='ocrx_word' id='word_1_275' title='bbox 1193 3237 1339 3278; x_wconf 80' lang='lat' dir='ltr'><strong>verbis</strong></span> <span class='ocrx_word' id='word_1_276' title='bbox 1359 3235 1585 3292; x_wconf 84' lang='lat' dir='ltr'><strong>arguentis</strong></span> <span class='ocrx_word' id='word_1_277' title='bbox 1603 3228 1657 3275; x_wconf 76' lang='lat' dir='ltr'><strong>ait</strong></span> <span class='ocrx_word' id='word_1_278' title='bbox 1679 3230 1955 3284; x_wconf 80' lang='lat' dir='ltr'><strong>Thesmoph.</strong></span> 
     </span>
     <span class='ocr_line' id='line_1_37' title="bbox 432 3300 1959 3363; baseline -0.007 -12"><span class='ocrx_word' id='word_1_279' title='bbox 432 3308 657 3363; x_wconf 85' lang='lat' dir='ltr'><strong>Aristoph.</strong></span> <span class='ocrx_word' id='word_1_280' title='bbox 689 3323 731 3363; x_wconf 86' lang='lat' dir='ltr'><strong>p.</strong></span> <span class='ocrx_word' id='word_1_281' title='bbox 760 3309 869 3351; x_wconf 78' lang='lat'><strong>375:</strong></span> <span class='ocrx_word' id='word_1_282' title='bbox 919 3310 1111 3360; x_wconf 69' lang='lat' dir='ltr'><strong>„Verum</strong></span> <span class='ocrx_word' id='word_1_283' title='bbox 1147 3308 1315 3348; x_wconf 82' lang='lat' dir='ltr'><strong>llelena</strong></span> <span class='ocrx_word' id='word_1_284' title='bbox 1355 3306 1602 3360; x_wconf 84' lang='lat' dir='ltr'><strong>triumphat</strong></span> <span class='ocrx_word' id='word_1_285' title='bbox 1630 3300 1794 3359; x_wconf 82' lang='lat' dir='ltr'><strong>gaudio</strong></span> <span class='ocrx_word' id='word_1_286' title='bbox 1824 3304 1959 3354; x_wconf 80' lang='lat' dir='ltr'><strong>atquc</strong></span> 
     </span>
     <span class='ocr_line' id='line_1_38' title="bbox 432 3369 1960 3435; baseline -0.007 -14"><span class='ocrx_word' id='word_1_287' title='bbox 432 3378 667 3433; x_wconf 82' lang='lat' dir='ltr'><strong>tripudiat,</strong></span> <span class='ocrx_word' id='word_1_288' title='bbox 711 3379 871 3435; x_wconf 84' lang='lat' dir='ltr'><strong>quippe</strong></span> <span class='ocrx_word' id='word_1_289' title='bbox 912 3393 1023 3434; x_wconf 84' lang='lat' dir='ltr'><strong>quae</strong></span> <span class='ocrx_word' id='word_1_290' title='bbox 1054 3378 1111 3419; x_wconf 87' lang='lat' dir='ltr'><strong>ad</strong></span> <span class='ocrx_word' id='word_1_291' title='bbox 1139 3376 1263 3418; x_wconf 92' lang='lat' dir='ltr'><strong>illum</strong></span> <span class='ocrx_word' id='word_1_292' title='bbox 1295 3376 1412 3418; x_wconf 84' lang='lat' dir='ltr'><strong>diem</strong></span> <span class='ocrx_word' id='word_1_293' title='bbox 1442 3377 1611 3418; x_wconf 83' lang='lat' dir='ltr'><strong>nullam</strong></span> <span class='ocrx_word' id='word_1_294' title='bbox 1638 3386 1692 3415; x_wconf 77' lang='lat' dir='ltr'><strong>ac</strong></span> <span class='ocrx_word' id='word_1_295' title='bbox 1720 3386 1775 3413; x_wconf 85' lang='lat' dir='ltr'><strong>ne</strong></span> <span class='ocrx_word' id='word_1_296' title='bbox 1804 3369 1960 3414; x_wconf 77' lang='grc' dir='ltr'><strong><em>σκυτί-</em></strong></span> 
     </span>
    </p>
   </div>
   <div class='ocr_carea' id='block_1_6' title="bbox 399 3446 1300 3507">
    <p class='ocr_par' dir='ltr' id='par_1_7' title="bbox 399 3446 1300 3507">
     <span class='ocr_line' id='line_1_39' title="bbox 399 3446 1300 3507; baseline -0.008 -14"><span class='ocrx_word' id='word_1_297' title='bbox 399 3487 406 3493; x_wconf 96' lang='grc'><em>.</em></span> <span class='ocrx_word' id='word_1_298' title='bbox 434 3463 517 3503; x_wconf 80' lang='grc' dir='ltr'><strong>νην</strong></span> <span class='ocrx_word' id='word_1_299' title='bbox 546 3448 721 3504; x_wconf 84' lang='lat' dir='ltr'><strong>quidem</strong></span> <span class='ocrx_word' id='word_1_300' title='bbox 755 3447 1024 3507; x_wconf 73' lang='grc' dir='ltr'><strong><em>ἐπικουρίαν</em></strong></span> <span class='ocrx_word' id='word_1_301' title='bbox 1051 3446 1300 3491; x_wconf 82' lang='lat' dir='ltr'><strong>habuerit.”</strong></span> 
     </span>
    </p>
   </div>
  </div>
 </body>
</html>
