2150 3866
891 237 1014 298 225

116 395 184 444 At
215 391 338 444 nihil
369 404 584 456 uuquam
616 389 831 448 humile,
882 388 1070 453 inquis,
1116 402 1210 436 nec
1252 386 1493 436 illiberale
1524 402 1618 437 nec
1650 391 1804 440 tenue

115 475 328 524 heroum
374 471 601 536 personis
647 469 857 521 affinxit.
928 468 1081 518 Certo
1126 481 1224 516 non
1258 466 1495 529 heroum,
1548 469 1678 520 sicut
1709 486 1804 520 uec

115 551 386 618 Euripides
433 549 872 615 philosophorum:
938 552 992 596 at
1040 545 1380 613 gregariorum
1430 548 1685 598 homiuum
1735 555 1803 613 et,

117 632 249 698 quod
272 631 433 683 maius
461 635 556 692 est,
593 629 827 679 deorum:
862 632 984 689 tum,
1012 626 1208 675 etiamsi
1234 625 1353 688 quid
1378 629 1527 692 turpe
1549 629 1628 677 vel
1654 630 1806 680 molle

114 712 384 772 heroibus,
429 709 566 759 velut
608 708 910 770 Alexandro,
958 706 1158 768 tribuit,
1207 709 1464 755 venustate
1511 723 1682 763 eorum
1726 710 1806 759 vel

116 791 317 843 facetiis
353 795 641 840 excusatum
676 803 792 838 esse
824 788 1009 851 voluit,
1046 802 1196 852 quum
1230 784 1502 850 Euripides
1538 805 1667 852 quae
1698 795 1805 846 tur-

116 873 200 939 pia
235 876 349 922 sunt
381 869 549 934 turpia
582 883 696 917 esse
729 868 909 918 dixerit
942 874 994 917 et
1026 866 1302 928 Menelaos,
1341 866 1665 931 Alexandros,
1699 870 1806 920 He-

118 953 258 1001 leuas
304 950 472 1015 probri
519 965 693 998 severe
739 949 1060 1000 damnaverit.
1128 947 1291 1008 Deos,
1341 947 1510 1011 quales
1555 949 1807 1000 Homerus

119 1031 408 1093 effinxerat,
453 1028 750 1093 EuripideS,
799 1034 855 1078 ut
898 1045 1035 1078 mera
1081 1028 1365 1094 opinionum
1402 1035 1707 1093 commenta,
1757 1031 1809 1081 in

26 1118 30 1122 '
118 1112 378 1162 machinae
410 1125 555 1159 usum
591 1109 820 1159 scenicae
854 1110 1084 1171 retinuit,
1135 1112 1194 1157 ut
1238 1107 1434 1157 abditae
1469 1111 1810 1176 obscuraeque

118 1208 286 1242 rerum
323 1206 556 1251 caussae,
602 1206 723 1254 quas
767 1205 930 1254 neque
976 1189 1265 1254 investigari
1307 1189 1357 1238 in
1393 1187 1573 1238 fabulis
1607 1192 1811 1242 deceret

118 1288 281 1337 neque
314 1271 509 1320 ostendi
544 1269 882 1335 exlipcarique
917 1285 1125 1319 necesse
1159 1275 1323 1332 esset,
1374 1269 1426 1317 in
1472 1271 1696 1320 tenebris
1732 1278 1809 1322 at-

120 1367 218 1416 que
252 1352 555 1402 obscuritate
590 1366 665 1410 ea,
700 1366 798 1415 qua
831 1350 1087 1411 deberent,
1129 1350 1544 1415 relinquerentur.
1611 1352 1812 1403 Etenim

121 1447 444 1495 quaecunque
477 1430 529 1479 in
562 1430 784 1479 ridiculis
818 1431 970 1480 rebus
1008 1447 1127 1480 casu
1163 1430 1387 1493 fortuito,
1424 1430 1600 1480 eadem
1624 1431 1677 1480 in
1697 1449 1811 1499 gra-

117 1511 260 1562 vibus
304 1527 398 1576 per
447 1510 656 1560 deorum
713 1527 953 1577 personas
1009 1516 1148 1560 recte
1207 1511 1514 1560 efficiuntur.
1595 1511 1811 1563 Casuum

120 1591 251 1641 enim
285 1590 471 1656 duplex
505 1596 585 1640 est
618 1607 803 1657 genuS,
837 1593 1020 1656 partim
1053 1592 1261 1652 levium,
1310 1591 1490 1655 quibus
1525 1607 1698 1641 severa
1730 1609 1813 1641 re-

118 1674 272 1736 pente
316 1671 367 1719 in
414 1671 625 1719 ridicula
672 1677 1046 1734 permutantur,
1101 1672 1286 1735 partim
1333 1671 1585 1737 gravium,
1635 1672 1814 1736 quibus

119 1750 351 1800 sublimia
395 1750 691 1799 sublimibus
737 1750 918 1797 additis
966 1755 1338 1814 exaggerantur.
1418 1750 1582 1799 Huius
1617 1753 1815 1814 generis

120 1845 267 1879 casus
311 1828 517 1877 fuerunt
560 1828 661 1890 illi,
714 1828 892 1892 quibus
926 1827 1137 1876 Fiescus
1175 1843 1235 1877 eo
1269 1828 1380 1893 ipso
1415 1831 1667 1892 tempore,
1715 1847 1815 1895 quo

121 1910 272 1959 finem
292 1914 551 1957 assecutus
581 1908 848 1957 temerarie
873 1924 931 1956 ac
954 1908 1265 1958 turbulenter
1294 1907 1539 1957 factorum
1557 1924 1614 1957 se
1641 1910 1815 1960 trium-

121 1989 387 2054 phaturum
436 2003 552 2036 esse
597 1989 857 2053 sperabat,
903 1993 1008 2036 tum
1055 2003 1266 2036 uxorem
1311 2003 1399 2035 sua
1433 2003 1581 2036 manu
1626 1989 1815 2040 inscius

122 2067 403 2129 transfodit,
435 2072 543 2116 tum
578 2067 643 2116 de
668 2083 840 2115 assere
864 2066 997 2131 pede
1031 2072 1230 2116 errante
1265 2067 1436 2131 lapsus
1464 2067 1514 2116 in
1538 2068 1683 2119 undis
1705 2071 1817 2135 ipse

121 2148 294 2212 periit:
346 2162 555 2211 quorum
605 2151 836 2196 neutrum
886 2147 992 2195 siue
1034 2147 1236 2195 numine
1283 2147 1446 2196 divino
1479 2148 1666 2198 factum
1702 2166 1817 2201 esse

119 2227 330 2277 videtur.
399 2226 733 2289 Quamobrem
768 2226 1074 2275 non.debuit
1102 2226 1380 2277 Schillerus
1413 2243 1577 2291 neque
1605 2229 1817 2280 alterum

121 2323 292 2357 casum
343 2307 397 2356 in
431 2306 594 2356 scelus
630 2313 826 2356 mutare
859 2323 1020 2372 neque
1054 2307 1265 2356 alterum
1300 2308 1351 2356 in
1387 2309 1494 2357 solo
1527 2325 1700 2359 manus
1735 2327 1818 2360 er-

120 2403 236 2437 rore
268 2403 488 2452 ponere,
525 2388 615 2436 sed
651 2388 947 2437 daemonum
981 2387 1209 2451 personis
1245 2391 1396 2453 atque
1428 2389 1711 2439 interventu
1744 2392 1817 2440 uti

122 2468 185 2516 ad
219 2468 474 2533 exemplar
507 2483 699 2528 eorum,
734 2485 860 2534 quae
896 2467 1232 2531 Schaxperius
1266 2468 1318 2518 in
1339 2469 1564 2517 Hamleti
1598 2475 1651 2518 et
1673 2469 1817 2518 Mac-

122 2546 280 2595 bethii
324 2547 507 2596 fabulis
556 2547 724 2610 finxit,
770 2554 919 2612 atque
965 2548 1230 2596 vindictam
1277 2548 1492 2598 numinis
1540 2549 1817 2598 evidentius

122 2627 402 2676 ostendere.
471 2625 597 2677 Nam
641 2629 691 2677 in
737 2628 958 2677 Hamleti
1008 2629 1247 2677 dramatis
1294 2629 1430 2676 exitu
1478 2629 1700 2691 quamvis
1734 2645 1817 2678 res

126 2721 248 2754 casu
280 2706 483 2755 misceri
515 2707 807 2770 videantur,
841 2714 1037 2770 tamen,
1072 2708 1206 2772 quod
1241 2708 1532 2757 daemonem
1569 2708 1629 2756 iis
1662 2708 1817 2758 inter-

126 2801 243 2834 esse
292 2786 535 2849 vidimuS,
597 2789 712 2851 quin
774 2805 803 2836 a
860 2789 1086 2837 manibus
1146 2789 1424 2837 occisorum
1469 2790 1818 2852 praesentibus

124 2880 295 2914 omnes
330 2867 394 2915 ad
427 2865 615 2916 inferos
646 2868 918 2932 rapiantur,
953 2884 1050 2918 non
1086 2869 1387 2919 dubitamus.
1451 2866 1637 2917 Carere
1663 2869 1818 2934 igitur

122 2945 221 2993 diis
266 2961 430 3009 neque
478 2947 735 3010 tragoedia
782 2964 943 3013 neque
986 2949 1229 3012 epopoeia
1261 2952 1459 3014 potest,
1509 2949 1685 3012 quibus
1734 2949 1818 3013 qui

123 3024 375 3074 abstinent
407 3031 619 3090 poetae,
653 3028 900 3077 naturales
937 3033 1203 3077 eventuum
1238 3043 1441 3078 caussas
1478 3028 1696 3077 omnium
1729 3029 1818 3077 de-

122 3105 467 3154 monstrandas
503 3122 618 3155 esse
651 3112 932 3170 censentes,
968 3107 1081 3173 plus
1108 3110 1329 3158 tribuunt
1350 3107 1646 3171 prudentiae
1671 3123 1817 3172 quam

124 3184 275 3232 animi
309 3185 467 3234 motui
502 3185 566 3244 ei,
602 3201 701 3249 quo
735 3186 974 3251 imagines
1010 3188 1412 3246 conformantur,
1449 3187 1695 3250 simulque
1728 3187 1817 3235 de-

124 3263 414 3313 trimentum
463 3264 689 3315 inferunt
723 3271 830 3315 tum
866 3267 1175 3331 simplicitati
1209 3266 1483 3316 carminum
1517 3274 1622 3315 tum
1654 3264 1818 3331 gravi-

27 3415 31 3418 ι
124 3343 232 3391 tati.
302 3342 538 3394 Pluribus
574 3345 704 3394 euim
750 3348 1006 3411 personiS,
1053 3346 1277 3411 pluribus
1314 3345 1550 3411 episodiis
1586 3350 1637 3394 et
1670 3359 1818 3393 accu-

126 3422 311 3471 ratiore
360 3440 554 3475 morum
609 3423 916 3489 vitatumque
967 3427 1239 3476 imitatione
1286 3441 1412 3489 opus
1465 3430 1545 3474 est
1591 3425 1670 3485 iis,
1736 3422 1818 3487 qui

191 3499 256 3550 T.
292 3502 355 3551 11.
1223 3504 1226 3507 ’
1424 3507 1487 3552 15
