2170 3866
1133 271 1259 329 496

340 433 455 468 esse
499 417 720 466 moribus
753 431 993 482 personas
1027 433 1199 469 omnes
1232 422 1434 484 praeter
1467 418 1705 484 Pyladem
1746 421 2033 488 (χείριστον

341 496 400 550 δὲ
433 498 545 556 τοῖς
576 497 762 561 ἤθεσι·
796 495 935 563 πλὴν
969 496 1071 565 γὰρ
1098 498 1362 551 Πυλάδου
1397 498 1589 560 πάντες
1611 503 1813 564 φαῦλοι
1845 497 2032 572 ἦσαν),

339 595 438 643 quo
471 578 652 626 iudicio
689 594 783 626 non
820 586 986 643 potest
1022 581 1286 645 quicquam
1322 582 1569 646 stupidius
1605 583 1826 643 inveniri,
1859 586 1955 635 nisi
1990 585 2034 634 si

339 660 453 723 quis
488 657 623 707 forte
657 658 1000 722 adstipuletur.
1070 661 1290 710 Primum
1329 662 1457 710 enim
1491 678 1586 711 non
1615 668 1778 725 potest
1805 663 2036 728 Pylades,

339 739 557 788 omnium
596 743 648 786 et
682 740 996 787 consiliorum
1035 746 1087 788 et
1121 741 1369 791 factorum
1405 758 1500 790 non
1538 743 1787 809 particeps
1830 750 2036 806 tantum,

339 820 431 870 sed
466 819 616 867 etiam
653 823 826 867 auctor
861 828 1009 882 atque
1046 821 1336 885 instigator,
1371 823 1451 870 vel
1487 822 1656 871 Oresti
1690 824 1768 872 vel
1804 824 2037 875 Electrae

338 899 589 963 anteponi.
659 899 854 947 I-Iorum
901 907 1067 948 autem
1103 918 1267 950 mores
1304 903 1441 968 quis,
1480 903 1719 966 obsecro,
1771 905 1864 953 nisi
1910 905 2036 954 insi-

337 980 512 1046 pienS,
547 979 703 1028 malos
740 995 854 1027 esse
890 980 1200 1030 affirmabit?
1247 984 1355 1046 quis
1392 989 1492 1032 tam
1529 984 1686 1032 multa
1721 990 1924 1048 tamque
1958 979 2037 1034 lu-

338 1060 539 1108 culenta
586 1059 819 1123 generosi
865 1061 1013 1107 animi
1061 1061 1200 1124 signa
1249 1062 1486 1112 omittet?
1545 1063 1627 1111 Sic
1662 1069 2036 1128 argumentatus

335 1145 416 1188 est
451 1139 603 1188 homo
637 1155 842 1187 vecors:
879 1140 1086 1188 Orestes
1122 1147 1328 1190 matrem
1365 1143 1574 1202 necavit,
1610 1160 1727 1206 ergo
1754 1144 1911 1193 malus
1940 1149 2036 1194 est.

335 1220 493 1283 Quasi
527 1234 622 1268 non
661 1218 871 1283 primum
911 1221 990 1276 sit,
1036 1237 1130 1284 qua
1163 1227 1331 1271 mente
1366 1223 1585 1287 quidque
1614 1225 1682 1273 sit
1705 1223 1910 1287 factum,
1947 1240 2035 1273 ex-

333 1300 551 1366 quirere.
603 1298 925 1349 Accusandus
961 1308 1097 1348 esset
1133 1301 1357 1365 OresteS,
1395 1304 1435 1351 si
1472 1319 1598 1366 quae
1632 1303 1807 1367 religio
1833 1303 2038 1354 iubebat

335 1383 463 1431 duro
513 1379 676 1428 animo
723 1394 883 1442 neque
932 1378 1035 1427 ullo
1086 1381 1289 1444 pietatis
1326 1398 1474 1430 sensu
1511 1383 1702 1431 mollito
1737 1384 2035 1449 peregisset.

336 1461 483 1523 Quod
518 1476 581 1508 ne
621 1457 805 1506 sactum
843 1474 959 1506 esse
995 1464 1299 1521 putaremus,
1336 1463 1611 1526 prudenter
1645 1463 1835 1512 curavit
1869 1466 2037 1527 poeta.

332 1542 522 1592 Horret
548 1538 678 1586 enim
702 1537 910 1586 Orestes
945 1539 1054 1601 ipse
1079 1541 1422 1590 crudelitatem
1449 1542 1707 1602 facinoris,
1743 1541 1874 1604 quod
1898 1543 2036 1591 iussu

333 1619 523 1670 oraculi
559 1618 786 1684 patravit,
820 1618 905 1678 ita,
942 1624 993 1666 ut
1029 1618 1294 1682 interdum,
1330 1638 1393 1670 ne
1429 1637 1458 1667 a
1489 1622 1622 1668 larva
1659 1622 1840 1684 aliqua,
1880 1621 2036 1685 Apol-

333 1700 421 1751 lini
456 1698 700 1759 simulata,
735 1697 1014 1747 ludificatus
1052 1699 1133 1759 sit,
1179 1700 1368 1749 timeat.
1450 1699 1587 1748 Idem
1626 1701 1674 1748 in
1709 1699 2036 1765 Tyndareum

333 1796 433 1832 non
482 1778 645 1828 minus
694 1779 828 1842 pium
878 1794 933 1826 se
975 1795 1122 1843 quam
1159 1781 1494 1829 verecundum
1529 1786 1765 1845 praestat.
1835 1779 2037 1830 Sororis

334 1866 503 1911 autem
549 1863 699 1922 atque
748 1858 893 1907 amici
941 1864 1129 1908 tantum
1164 1861 1333 1923 prodit
1365 1877 1615 1920 amorem,
1666 1866 1722 1909 ut
1767 1876 1795 1909 n
1829 1860 2036 1910 feritate

332 1941 485 1991 animi
521 1938 852 1988 alienissimus
890 1955 1002 1988 esse
1038 1940 1357 2001 intelligatur.
1426 1940 1524 1988 lam
1559 1956 1676 1989 vero
1714 1939 1956 1990 fortitudo
1985 1940 2035 1990 ei

333 2027 387 2071 et
417 2020 693 2070 constantia
728 2026 781 2067 et
815 2021 1099 2082 magnitudo
1135 2021 1280 2073 animi
1316 2027 1450 2069 tanta
1484 2021 1628 2079 inest,
1664 2027 1722 2070 ut
1747 2020 1896 2070 etiam
1921 2035 2036 2069 mo-

333 2100 451 2149 dum
488 2099 735 2148 excedere
769 2100 1013 2148 videatur.
1082 2101 1218 2149 Fieri
1253 2101 1382 2149 enim
1418 2117 1569 2167 posse
1603 2104 1810 2165 negant,
1856 2105 1914 2150 ut
1947 2100 2033 2164 qui

330 2180 501 2247 paullo
536 2186 652 2228 ante
686 2182 862 2228 morbo
899 2180 1111 2229 affectus
1147 2182 1226 2229 vix
1260 2197 1316 2230 se
1343 2187 1622 2230 sustentare
1653 2180 1874 2246 potuerit
1897 2184 2034 2230 tanta

332 2260 604 2311 certamina
640 2259 899 2310 sustineat.
969 2261 1065 2309 His
1113 2261 1441 2324 reputandum
1490 2266 1569 2309 est
1620 2262 1836 2325 primum
1870 2257 2033 2307 morbi

331 2356 490 2408 genus
527 2339 770 2388 eiusmodi
806 2355 950 2401 esse,
987 2346 1043 2389 ut
1077 2339 1438 2388 recreationem
1475 2339 1841 2387 intermissione
1873 2338 2033 2402 patia-

331 2426 431 2482 tur,
469 2420 650 2469 deinde
685 2419 898 2482 spatium
937 2420 1176 2484 temporis
1214 2418 1487 2483 imaginarii
1521 2434 1615 2467 non
1658 2417 2034 2466 accuratissime

331 2501 712 2551 examinandum
750 2515 879 2559 esse,
916 2506 1020 2549 tum
1059 2499 1209 2548 animi
1240 2500 1369 2548 vires
1406 2500 1469 2548 ad
1505 2497 1894 2548 confirmandum
1922 2512 2031 2548 cor-

332 2598 427 2649 pus
461 2580 732 2646 plurimum
766 2580 948 2629 valere.

465 2660 665 2725 Pyladis
702 2660 950 2722 ingenium
985 2659 1175 2724 optime
1212 2659 1507 2725 exprimitur
1540 2657 1620 2708 his
1655 2657 1847 2709 verbis:

465 2733 579 2800 οἷος
605 2731 899 2799 Ὀδυσσεὺς
935 2747 1058 2805 σιγᾷ
1093 2738 1287 2802 δόλιος,

463 2818 648 2880 πιστὸς
682 2817 739 2871 δὲ
773 2819 966 2884 φίλοις,
1000 2814 1211 2885 θρασὺς
1246 2818 1319 2879 εἰς
1352 2816 1539 2879 ἀλκάν,

467 2899 684 2964 ξυνετὸς
718 2900 975 2966 πολέμου.

331 2982 507 3047 Itaque
542 2984 673 3048 apud
712 2982 1002 3043 Goethium,
1039 2983 1122 3046 qui
1158 2980 1447 3047 Euripidem
1484 2980 1710 3028 imitatus
1746 2982 1840 3039 est,
1876 2977 2034 3043 Ulys-

333 3064 405 3112 sis
441 3064 727 3129 exemplum
764 3080 819 3112 se
866 3064 960 3112 sibi
994 3062 1282 3111 imitandum
1318 3061 1642 3125 proposuisse
1675 3059 1881 3110 fatetur.
1951 3057 2034 3107 Ex

331 3148 571 3207 quattuor
603 3144 756 3206 igitur
788 3144 1030 3208 partibus,
1066 3159 1093 3191 a
1129 3142 1306 3207 quibus
1341 3156 1541 3189 manare
1565 3140 1635 3188 ait
1669 3139 1843 3187 Cicero
1865 3138 2028 3186 'hone-

333 3227 541 3283 statem,
591 3224 750 3272 tribus
789 3223 1070 3272 certissime
1104 3222 1358 3288 praeditus
1406 3226 1511 3280 est,
1556 3218 1855 3285 prudentia,
1905 3216 2026 3278 fide,

333 3318 462 3366 quae
496 3309 649 3368 caput
684 3308 762 3352 est
798 3303 1049 3362 iustitiae,
1100 3306 1153 3350 et
1185 3300 1516 3359 fortitudine,
1571 3313 1733 3363 neque
1783 3312 1902 3346 vero
1940 3296 2031 3345 ab-

334 3387 451 3432 sunt
521 3383 881 3432 moderationis
950 3381 1247 3446 decorisque
1307 3381 1624 3429 documenta.
1717 3376 2030 3440 Quamquam

335 3463 467 3513 enim
519 3462 630 3529 pari
695 3478 867 3513 amore
921 3477 1155 3528 sponsam
1215 3464 1365 3525 atque
1418 3459 1630 3509 amicum
1695 3455 2035 3522 amplectitur,
