2170 3866
1154 215 1281 275 546

377 380 476 416 non
509 366 641 414 amat
673 362 784 413 dies
819 367 1094 428 noctesque
1125 363 1342 414 iucunde
1374 363 1652 431 transigere
1683 367 1737 415 et
1768 365 1926 416 vitare
1950 381 2071 432 pru-

378 446 556 495 denter
589 443 717 493 istos
752 443 903 493 nimis
939 459 1142 493 severos
1178 444 1519 507 sublimesque
1561 446 1723 505 viros3
1767 447 1942 511 vulgus
1976 447 2072 498 hu·

376 524 542 574 milius
578 523 814 589 quidquid
849 529 1086 589 usurpat,
1121 524 1171 572 id
1208 540 1301 588 ego
1336 525 1646 588 probaverim
1666 522 1715 574 !''

545 604 897 653 caeremonias
947 604 1316 669 religionesque
1373 604 1641 654 sollemnes
1686 609 1742 655 et
1798 621 1940 655 sacra
1982 623 2072 673 pu·

375 683 507 735 blica
550 685 778 733 modeste
823 684 1161 748 observanda,
1209 687 1331 735 deos
1377 685 1643 750 populares
1689 686 1773 750 pie
1819 685 2074 748 colendos,

377 764 638 830 opiniones
672 764 807 828 vulgi
841 765 1041 814 minime
1076 766 1410 830 spernendas,
1448 781 1477 813 a
1510 766 1732 815 moribus
1767 766 1963 815 traditis
1997 767 2074 816 in-

379 845 668 908 stitutisque
702 845 941 894 maiorum
976 846 1269 909 neutiquam
1293 843 1632 898 recedendum
1657 861 1770 896 esse
1796 846 1946 895 docet
1971 846 2074 895 Eu·-

377 926 562 989 ripides
598 940 697 975 non
731 924 1052 976 dissimulans
1086 925 1460 990 persuasionem
1495 941 1666 986 suam,
1700 941 1799 976 non
1832 931 1969 976 metu
1995 926 2074 975 iu-

378 1006 618 1055 diciorum
653 1003 930 1054 forensium
977 1011 1286 1068 commotuS,
1346 1021 1443 1055 non
1488 1006 1717 1054 invidiam
1761 1021 1937 1055 verens
1981 1021 2074 1071 po-

375 1085 627 1151 pularium
675 1086 843 1147 (tutus
891 1085 1024 1134 enim
1085 1087 1336 1150 praesidio
1378 1086 1514 1151 regis
1562 1086 1886 1151 eiusdemque
1931 1086 2075 1135 amici

378 1166 459 1214 sui
494 1164 665 1229 quidni
698 1164 858 1215 libere
909 1165 1150 1230 quidquid
1200 1166 1413 1215 sentiret
1446 1165 1820 1227 declararet‘Z),
1866 1166 1957 1216 sed
1989 1182 2075 1216 ve-

376 1245 626 1295 rissimam
660 1245 789 1294 hanc
823 1245 1067 1294 rationem
1110 1262 1226 1295 esse
1274 1246 1555 1310 intelligens
1604 1251 1657 1295 et
1702 1246 1856 1295 solam
1901 1247 2075 1296 mode-

377 1326 507 1375 stiae
542 1340 601 1374 ac
633 1326 988 1389 temperantiae
1033 1326 1313 1374 convenire.
1396 1325 1670 1389 Superbiae
1719 1326 1854 1375 enim
1901 1332 1956 1377 et
1998 1326 2074 1376 in-

377 1406 618 1454 solentiae
654 1410 734 1453 est
768 1405 880 1469 plus
915 1408 969 1453 te
1005 1420 1150 1468 quam
1185 1405 1359 1470 vulgus
1396 1420 1576 1470 sapere
1610 1406 1838 1455 arbitrari
1864 1411 1916 1457 et
1952 1418 2072 1456 cou-

377 1501 580 1535 sensum
628 1484 888 1533 hominum
938 1500 1207 1548 moresque
1269 1500 1557 1534 communes
1617 1501 1858 1551 spernere
1914 1483 2075 1546 (οἴκει

378 1563 503 1630 μεθ’
538 1561 726 1631 ἡμῶν,
761 1561 835 1630 μὴ
870 1562 1073 1628 θύραζε
1107 1563 1217 1614 τῶν
1249 1563 1477 1629 νόμων).
1559 1565 1744 1615 Merito
1774 1565 1927 1630 igitur
1957 1565 2075 1615 vul-

375 1663 470 1712 gus
507 1646 616 1695 odit
650 1644 888 1694 sublimes
922 1645 1034 1694 illos
1069 1645 1222 1707 viroS,
1257 1645 1341 1709 qui
1377 1651 1551 1696 coetus
1585 1646 1843 1696 hominum
1879 1650 1934 1695 et
1957 1660 2075 1695 con-

375 1725 505 1775 vivia
531 1731 582 1775 et
605 1740 918 1774 communem
946 1725 1189 1782 festorum
1215 1725 1451 1775 laetitiam
1479 1725 1738 1776 fastidiunt
1758 1741 1922 1790 neque
1950 1724 2076 1774 affa-

375 1807 570 1856 bilitate
604 1806 945 1870 comitateque
980 1821 1095 1854 cum
1145 1806 1469 1871 popularibus
1506 1807 1831 1855 conciliantur
1875 1806 2076 1870 (μισεῖν

377 1884 437 1937 τὸ
473 1883 671 1950 σεμνὸν
703 1883 796 1936 καὶ
829 1883 890 1935 τὸ
924 1880 996 1952 μὴ
1034 1889 1198 1936 πᾶσιν
1232 1883 1413 1951 φίλον,
1449 1886 1604 1952 Hipp.
1642 1901 1689 1937 v.
1716 1887 1855 1946 9233
1889 1886 2073 1936 merito

376 1967 609 2017 invidiam
655 1966 868 2016 subeunt
917 1966 992 2015 illi
1052 1967 1332 2031 exquisitae
1393 1967 1668 2032 sapientiae
1713 1971 1767 2016 et
1812 1966 2076 2016 abstrusae

377 2047 675 2113 cognitionis
719 2046 932 2096 studiosi
985 2043 1250 2112 (περισσοὶ
1284 2046 1516 2112 φῶτες),
1581 2063 1676 2112 qua
1721 2062 1778 2096 se
1821 2048 2075 2112 praeditos

376 2142 476 2176 non
510 2127 673 2175 solum
707 2131 895 2176 sortem
927 2127 1212 2189 humanam,
1247 2143 1419 2177 verum
1455 2127 1606 2176 etiam
1643 2126 1764 2176 deos
1798 2126 1938 2192 ipsos
1964 2125 2074 2174 vin-

377 2221 494 2255 cere
542 2205 860 2256 arbitrantur.
952 2206 1220 2258 Eiusmodi
1263 2208 1399 2256 enim
1447 2206 1693 2271 sapientia
1736 2207 1787 2256 in
1832 2205 2074 2254 insaniam

377 2285 496 2337 abit.

501 2350 617 2414 Hac
650 2379 771 2414 vero
803 2363 1072 2414 insolentia
1104 2363 1255 2413 etiam
1301 2363 1525 2414 deterior
1576 2367 1657 2414 est
1689 2364 1955 2413 morositas
1988 2363 2075 2414 illa

378 2447 430 2493 et
449 2444 724 2510 suspiciosa
757 2445 1001 2496 severitas
1021 2445 1274 2494 hominum
1291 2445 1478 2508 regulis
1500 2445 1883 2510 praeceptisque
1905 2443 2073 2492 omnia

378 2524 600 2590 dirigere
633 2524 937 2585 volentium,
988 2524 1112 2574 nihil
1159 2525 1372 2574 naturali
1420 2525 1590 2574 sensui
1625 2527 1679 2573 et
1727 2523 1942 2589 ingenuo
1974 2539 2071 2588 pu-

379 2603 489 2653 dori
524 2604 834 2656 credentium
868 2610 920 2655 et
955 2606 1063 2669 rapi
1088 2606 1319 2670 trahique
1342 2605 1668 2668 disciplinam,
1703 2604 1746 2652 si
1771 2603 1883 2668 quis
1904 2614 2071 2652 anor-

379 2700 460 2733 ma
494 2685 770 2749 paullulum
816 2686 1065 2746 discedat,
1102 2685 1445 2747 clamantium,
1482 2685 1552 2733 nil
1587 2684 1682 2732 nisi
1717 2683 1851 2748 quod
1884 2683 2071 2745 sobrie,

375 2763 588 2828 frigide,
634 2764 802 2815 ieiune
833 2767 894 2814 fit
927 2766 1277 2831 probantium,
1323 2765 1552 2814 ardorem
1590 2779 1709 2812 vero
1743 2763 1984 2812 mentium
2019 2767 2072 2812 et

377 2841 600 2893 furorem
632 2845 769 2894 illum
805 2846 1055 2908 divinum,
1101 2861 1200 2910 quo
1241 2845 1675 2909 praestantissima
1720 2858 1950 2907 quaeque
1993 2843 2071 2909 gi-

376 2929 625 2989 gnuntur,
673 2925 1018 2976 vehementius
1065 2941 1216 2989 quam
1250 2930 1402 2989 caput
1449 2922 1697 2988 Gorgonis
1741 2922 2072 2983 horrentium,

377 3002 594 3067 denique
629 3005 871 3070 quidquid
904 3010 983 3054 est
1016 3006 1192 3066 dulce,
1243 3005 1504 3070 pulcrum,
1549 3003 1782 3064 liberale,
1819 3002 2070 3067 ,quidquid

375 3082 615 3146 ingenuos
650 3085 841 3134 animos
873 3090 1044 3148 tenet,
1080 3085 1324 3143 oblectat,
1369 3084 1687 3146 incenditque
1721 3082 1835 3132 dm
1869 3081 2069 3133 Venere

377 3167 432 3211 et
463 3162 662 3212 Baccho
696 3180 759 3213 ex
792 3166 891 3214 vita
921 3165 1219 3217 tollentium.
1285 3165 1450 3215 Huius
1483 3163 1680 3229 generis
1713 3162 1966 3213 Pentheus
1989 3165 2071 3211 est

376 3241 677 3307 insuperque
722 3245 919 3310 imperii
968 3246 1046 3294 sui
1091 3245 1314 3310 potentia
1362 3245 1527 3295 fretus
1585 3248 1735 3307 atque
1782 3247 2067 3292 contumax

377 3320 476 3383 Qui
511 3324 644 3388 quod
678 3325 868 3389 stupris
904 3330 1211 3390 opportunas
1246 3326 1359 3376 illas
1395 3323 1746 3376 bacchationes
1779 3337 1895 3373 esse
1928 3319 2068 3383 dicit,
