2170 3848
431 382 591 448 gendi.
669 382 839 446 Itaque
887 399 1032 448 quum
1067 384 1118 432 in
1151 384 1339 448 agendo
1373 383 1728 448 cogitandoque
1761 383 1918 433 omnis
1949 384 2098 434 animi

433 462 505 510 vis
539 462 766 524 vitaeque
799 478 915 510 usus
950 467 1189 523 cernatur,
1242 463 1396 511 altero
1432 463 1564 525 leges
1599 479 1764 512 rerum
1798 469 1848 512 et
1880 463 2098 512 uecessi-

432 543 599 598 tatem‚
635 541 790 589 altero
826 541 1099 591 libertatem
1136 543 1461 591 et-arbitrium
1488 548 1739 591 auctorum
1765 544 2097 608 agnoscimus:

432 635 541 668 nam
576 621 851 668 ratiocinari
894 621 1053 685 ipsum
1100 626 1178 669 est
1213 623 1588 679 necessitatem,
1635 622 1773 683 quasi
1815 627 2099 671 contextum

432 714 598 747 rerum
646 699 767 746 alius
815 716 873 747 ex
908 701 1000 747 alia
1041 702 1375 759 nascentium,
1423 700 1724 764 intelligere3
1770 700 1896 764 quod
1933 706 2100 749 autem

433 778 655 827 volumus
703 779 1023 841 cupimusque
1066 795 1189 841 quae
1233 780 1310 826 vei
1357 780 1494 827 nobis
1527 780 1604 826 vel
1654 779 1761 826 aliis
1806 779 1942 827 utilia
1985 795 2099 829 esse

432 863 686 921 putamus,
723 858 851 919 quod
888 858 1088 905 consilia
1121 852 1294 904 inimus
1331 865 1380 904 et
1413 859 1637 920 agitando
1672 873 1851 920 resque
1882 858 2098 921 gerendo

433 952 558 1000 quae
592 936 850 984 statuimus
876 936 1137 995 efficimus,
1171 937 1266 983 hoc
1300 937 1407 998 ipso
1437 936 1730 984 voiuntatem
1762 938 1960 997 caussis,
1996 936 2100 986 ani-

431 1031 538 1064 mos
574 1016 891 1079 corporibuS‚
927 1022 1142 1063 mentem
1177 1016 1471 1062 necessitate
1506 1017 1806 1079 superiorem
1842 1032 1952 1064 esse
1986 1032 2099 1065 sen-

434 1095 609 1142 timus:
647 1093 777 1157 quod
813 1095 1076 1142 sentientes
1105 1109 1199 1140 non
1240 1109 1497 1157 possumus
1531 1110 1626 1141 non
1670 1096 1813 1142 etiam
1851 1110 1936 1154 ea,
1975 1111 2099 1159 quae

432 1175 576 1223 nullis
610 1174 861 1221 hominum
898 1174 1082 1220 viribus
1118 1172 1296 1220 effecta
1331 1189 1442 1221 esse
1469 1173 1704 1232 videmuS,
1740 1179 1905 1223 mente
1937 1175 2098 1238 potius

431 1260 483 1303 et
515 1252 763 1301 voluntate
788 1251 1038 1299 cuiusdam
1074 1252 1282 1299 numinis
1306 1253 1575 1315 praesentis
1610 1253 1715 1315 regi
1750 1253 2099 1301 administrari·

432 1350 556 1399 que,
609 1346 750 1395 quam
799 1331 845 1378 vi
893 1332 1098 1395 quadam
1147 1332 1356 1380 naturali
1402 1348 1490 1396 per
1537 1348 1701 1381 rerum
1737 1332 2099 1381 universitatem

430 1413 706 1478 pertinente
740 1410 874 1458 nasci
906 1410 1142 1458 iudicare.

563 1491 734 1539 Altera
771 1490 1048 1538 mortalium
1086 1489 1359 1548 dissensio,
1393 1489 1544 1553 priori
1579 1490 1749 1562 simjiis
1784 1495 1834 1539 et
1868 1506 1979 1539 cum
2012 1489 2098 1538 ilia

431 1569 707 1620 arctissime
741 1569 1015 1629 coniuncta,
1050 1570 1096 1616 in
1133 1569 1324 1615 virtutis
1359 1570 1498 1616 fonte
1531 1570 1832 1618 aestimando
1867 1567 2098 1630 cernitur,

429 1666 576 1715 quam
609 1648 690 1696 aiii
723 1662 783 1695 ex
818 1655 1021 1704 natura,
1069 1647 1150 1694 aiii
1185 1663 1246 1694 ex
1280 1646 1534 1710 disciplina
1583 1626 1737 1696 totaffl
1771 1650 1988 1713 pendere
2020 1664 2098 1696 ar-

430 1730 689 1779 bitrantur.
768 1726 987 1787 Quorum
1033 1727 1084 1774 hi
1118 1742 1322 1790 pravum
1369 1742 1478 1774 esse
1513 1728 1742 1790 quicquid
1775 1734 1977 1776 naturae
2007 1728 2099 1776 im·
2166 1792 2168 1794 ι

429 1813 549 1874 petu
583 1810 813 1870 parentes
848 1805 923 1852 vei
957 1806 1212 1867 cupiamus
1255 1805 1331 1853 vei
1368 1804 1635 1862 faciamus,
1681 1806 1926 1854 vitandum
1960 1806 2099 1869 quic-

430 1886 549 1952 quid
584 1885 746 1950 capiat
779 1884 1116 1947 delectaque,
1155 1891 1205 1932 et
1239 1891 1416 1948 quanto
1452 1885 1665 1948 quidque
1699 1884 1917 1948 pulcrius
1949 1899 2100 1953 venu-

431 1967 675 2028 stiusque,
713 1970 845 2013 tanto
883 1963 1034 2025 magis
1064 1962 1389 2026 perniciosum
1427 1979 1539 2011 esse
1572 1979 1858 2026 persuasum
1891 1963 2099 2012 babent:

430 2043 704 2096 exuendam
747 2043 897 2107 igitur
942 2050 1162 2091 naturam
1208 2057 1320 2089 esse
1364 2042 1569 2112 docent,
1621 2042 1958 2091 obsistendum
2003 2057 2100 2092 non

430 2125 590 2175 solum
627 2123 848 2186 corporis
881 2121 1240 2184 voluptatibuS‚
1286 2122 1373 2170 sed
1421 2122 1568 2170 animi
1605 2138 1801 2185 quoque
1838 2121 2100 2171 voluntati-

430 2205 541 2263 buS,
571 2204 786 2266 denique
820 2216 994 2248 novam
1030 2200 1158 2248 vitae
1194 2199 1415 2258 formam,
1443 2203 1732 2249 contrariam
1768 2202 1992 2258 natur-aii,
2026 2201 2101 2250 in-

431 2283 693 2343 duendam,
730 2281 877 2343 idque
902 2279 1010 2327 fieri
1047 2286 1309 2343 praecepta
1342 2282 1557 2328 auctoris
1590 2281 1792 2328 alicuius
1819 2280 1896 2328 vei
1929 2280 2101 2328 docto-

429 2362 499 2410 ris
534 2361 686 2410 divini
718 2358 970 2422 sequendo
1006 2365 1055 2406 et
1088 2359 1147 2406 ad
1184 2361 1288 2406 eius
1327 2360 1603 2423 exemplum
1638 2360 1869 2422 quicquid
1905 2364 1954 2407 et
1987 2374 2100 2407 sen,

429 2442 609 2490 tiamus
643 2443 696 2488 et
729 2439 962 2487 faciamus
998 2439 1271 2500 dirigendo.
1339 2438 1493 2486 Alteri
1517 2447 1736 2488 naturam
1762 2438 1906 2502 aequi
1924 2438 2099 2486 ducem

431 2520 739 2569 verissimum
785 2517 1219 2580 rectissimumque
1265 2519 1470 2582 perinde
1516 2534 1573 2566 ac
1622 2519 1955 2566 dulcissimum
1990 2531 2102 2565 esse

431 2600 678 2657 iudicant3
727 2613 895 2646 manca
942 2612 1054 2644 esse
1089 2611 1178 2644 nec
1229 2597 1320 2643 nisi
1356 2596 1415 2643 ad
1451 2605 1647 2661 tempus
1680 2598 1817 2646 utilia
1850 2610 2094 2659 quaecun-

435 2694 533 2742 que
565 2678 688 2725 ratio
722 2676 1019 2742 praecipiat3
1053 2676 1187 2738 leges
1223 2676 1477 2734 omnibus,
1514 2693 1639 2739 quae
1673 2677 1853 2739 ubique
1886 2675 2100 2742 scriptae

433 2759 558 2814 siut,
605 2757 822 2804 veriores
857 2755 1011 2803 menti
1058 2755 1432 2817 uniuscuiusque
1476 2756 1782 2818 ingeneratas
1827 2771 1963 2813 esse3
2013 2770 2099 2802 eo·-

433 2853 572 2895 rum,
617 2836 679 2884 ad
714 2851 838 2898 quae
880 2834 1104 2882 facienda
1151 2840 1319 2881 natura
1354 2834 1549 2890 invitet,
1599 2834 1716 2881 nihii
1750 2834 1840 2894 iis,
1889 2833 1971 2897 qui
2004 2832 2100 2880 sibi

432 2915 680 2980 imperare
725 2915 938 2978 possint,
984 2912 1230 2960 vitandum
1278 2927 1416 2960 esse:
1461 2929 1621 2976 neque
1672 2914 1798 2961 euim
1833 2927 1912 2960 res
1946 2912 2098 2974 ipsas,

433 2995 523 3044 sed
557 2995 705 3043 nimia
739 3009 902 3042 rerum
938 3007 1142 3050 nocere,
1178 3007 1336 3053 neque
1372 2992 1484 3053 quid
1521 2992 1694 3052 facias,
1730 2992 1830 3040 sed
1851 2991 2097 3054 quomodo

431 3073 586 3122 facias
611 3073 827 3131 referre3
869 3072 919 3119 in
954 3071 1117 3129 modo,
1154 3087 1295 3134 quem
1332 3072 1487 3129 ratio,
1523 3088 1618 3121 non
1653 3071 1838 3120 infinita
1869 3070 1970 3127 iila,
2006 3068 2096 3119 sed

432 3153 632 3218 propria
667 3158 719 3200 et
750 3152 896 3199 rebus
930 3150 1303 3214 hominibusque
1337 3153 1725 3211 accommodata,
1773 3150 2096 3214 praescribat,

430 3232 672 3282 servando
706 3230 841 3279 cerni
875 3230 1123 3280 virtutem.

559 3310 884 3374 Antiquorum
921 3309 1211 3374 populorum
1234 3313 1286 3357 et
1311 3308 1687 3358 christianorum
1714 3307 1955 3356 diversam
1982 3321 2094 3356 sen-

431 3389 639 3440 tentiam
667 3390 889 3454 vitaeque
923 3388 1131 3438 formam
1152 3387 1546 3441 adumbravimus
1569 3389 1923 3440 dissensionem
1960 3386 2092 3436 iiiam
