2150 3866
992 292 1113 350 231

222 441 642 509 opportunitatem
674 440 966 506 tetralogia,
1004 440 1084 490 cui
1118 438 1370 489 Troadum
1405 435 1574 487 fabula
1607 435 1900 499 infuit,·ob-

220 523 360 583 fert,=
399 537 545 587 quam
592 523 881 587 priusquam
928 521 1299 588 aggrediamur,
1352 524 1632 583 temporum
1676 518 1800 567 'ratio
1849 523 1901 567 et

218 617 393 652 caussa
427 602 564 668 prius
601 601 910 652 ostendenda
944 612 1039 652 est.

348 681 680 747 „Olympiade
726 683 1040 744 nonagesima
1074 681 1256 747 prima,
1305 695 1400 744 qua
1433 679 1720 727 Exaenetus
1755 677 1900 741 Agri-

214 763 445 827 gentinus
480 763 643 812 stadio
677 763 810 821 vicit,
847 763 1206 812 contenderunt
1239 762 1370 810 inter
1405 776 1461 809 se
1480 758 1729 809 Xenocles
1752 763 1901 821 atque

214 841 507 908 Euripides,
556 850 607 890 et
638 842 829 906 primus
865 842 1067 905 quidem
1100 843 1200 892 fuit
1233 841 1509 900 Xenocles,
1556 837 1778 902 quisquis
1812 836 1900 887 ille

213 928 318 985 est,
355 922 643 985 Oedipode,
689 921 952 985 Lycaone,
1001 922 1213 973 Bacchis
1249 927 1400 986 atque
1434 920 1733 969 Athamante
1768 922 1899 982 saty-

211 1001 347 1063 rico,
413 1001 662 1050 secundus
724 1002 993 1067 Euripides
1050 1003 1453 1060 Alexandro,
1521 999 1896 1062 Palamede,

212 1080 594 1130 Troadibus
643 1086 695 1130 et
739 1081 1028 1150 Sisypho
1079 1083 1390 1147 satyrico.
1471 1079 1526 1128 Id
1575 1096 1693 1130 vero
1739 1094 1899 1128 nonne

210 1159 505 1223 ridiculum,
550 1160 838 1210 inferiorem
890 1160 1208 1225 Euripidem,
1268 1161 1544 1211 Xenoclem
1588 1159 1898 1225 superiorem

211 1239 535 1303 discessisse,
581 1241 878 1305 praesertim
923 1241 1168 1292 eiusmodi
1199 1236 1416 1291 fabulis?
1463 1242 1771 1291 Alterutrum
1807 1237 1898 1303 igi-

209 1325 295 1369 tur
326 1315 662 1370 necessariu‘m
697 1326 794 1382 est,
830 1325 916 1370 aut
949 1323 1189 1387 insipidos
1222 1323 1381 1372 fuisse
1416 1322 1628 1371 arbitros
1666 1317 1897 1368 certami-

210 1401 286 1448 nis
319 1400 677 1466 imperitosque
725 1407 778 1451 et
825 1418 853 1450 a
887 1407 1027 1451 recto
1071 1404 1254 1452 iudicio
1302 1403 1515 1462 alienoS,
1560 1390 1661 1449 aut,
1686 1399 1897 1466 pecunia

210 1486 487 1545 corruptos.
533 1481 757 1547 Ineptum
779 1487 944 1532 autem
969 1488 1236 1548 utrumque
1262 1489 1341 1533 est
1368 1483 1669 1546 minimeque
1694 1479 1896 1542 dignum

207 1560 647 1611 AtheniensibuS.'’
736 1561 902 1612 Verba
953 1568 1070 1612 sunt
1114 1564 1304 1613 Aeliani
1340 1564 1406 1625 ΙΙ,
1442 1567 1490 1612 8.
1539 1563 1759 1626 ignotum
1804 1558 1895 1607 ali-

207 1655 357 1704 quem
410 1646 665 1692 auctorem
714 1644 902 1702 secuti,
952 1660 1079 1708 quae
1125 1645 1479 1693 confirmantur
1524 1640 1726 1691 scholiis
1771 1639 1895 1687 duo-

207 1720 302 1770 bus
358 1722 421 1770 ad
466 1722 849 1788 Aristophanem
906 1725 1136 1788 scriptis,
1193 1724 1345 1789 Vesp.
1374 1725 1610 1791 1317.,et
1642 1721 1733 1772 Av.
1759 1720 1893 1775 834„

209 1816 419 1863 quorum
454 1803 610 1851 altero
645 1803 871 1852 Troades
907 1810 1102 1868 septem
1137 1805 1273 1852 annis
1318 1807 1434 1868 post
1467 1802 1690 1868 VespaS,
1735 1798 1893 1848 altero

208 1879 528 1930 Palamedem
561 1881 728 1946 paullo
762 1887 877 1932 ante
911 1883 1002 1943 (οὐ
1027 1882 1132 1950 πρὸ
1158 1883 1381 1949 πολλοῦ)
1419 1885 1554 1934 Aves
1589 1882 1749 1931 editas
1779 1894 1892 1928 esse

209 1959 464 2009 docemur.
532 1962 683 2026 Atqui
718 1963 912 2028 Vespas
957 1971 1149 2015 constat
1183 1966 1260 2014 Ol.
1294 1967 1376 2027 89,
1410 1967 1456 2012 2.
1492 1965 1594 2013 sive
1625 1979 1666 2010 a.
1697 1961 1818 2010 Chr.
1844 1976 1891 2010 n.

208 2055 335 2090 anno
368 2043 503 2102 422„
540 2043 669 2091 Aves
705 2049 866 2093 autem
892 2044 969 2094 01.
992 2049 1073 2106 91,
1101 2050 1150 2098 2.
1173 2048 1278 2096 sive
1306 2063 1349 2096 a.
1369 2045 1486 2095 Chr.
1513 2045 1627 2092 414.
1653 2041 1893 2091 archonte

208 2119 422 2169 Chabria
455 2121 506 2170 in
542 2139 740 2173 scenam
776 2141 889 2174 esse
924 2126 1130 2175 delatas.
1160 2128 1171 2134 “
1199 2127 1345 2176 Unde
1381 2126 1617 2186 efficitur,
1653 2128 1709 2172 ut
1742 2119 1890 2170 Euri-

205 2200 339 2265 pidis
376 2201 646 2252 didascalia
681 2221 808 2253 anno
844 2223 887 2253 a.
927 2206 1045 2258 Chr.
1082 2223 1130 2255 n.
1167 2209 1298 2267 415.,
1333 2207 1367 2254 i.
1413 2223 1458 2257 e.
1488 2206 1566 2253 Ol.
1607 2206 1691 2263 91,
1728 2204 1774 2250 1.
1811 2217 1890 2249 ar-

204 2280 386 2329 chonte
434 2282 799 2334 Aristomnesto
848 2303 959 2336 cum
994 2289 1139 2351 vulgo
1174 2287 1538 2336 communicata
1584 2280 1725 2346 sit*).
1793 2282 1890 2331 Er-

202 2375 318 2410 rore
339 2361 514 2411 calculi
544 2362 762 2415 Schoell.
781 2365 841 2414 T.
858 2367 891 2414 Ι.
907 2383 955 2431 p.
974 2370 1056 2416 39.
1075 2372 1126 2416 et
1153 2370 1233 2416 70.
1262 2371 1410 2430 atque
1436 2365 1687 2416 Welcker.
1706 2381 1754 2428 p.
1773 2364 1887 2412 442.

204 2455 333 2490 anno
382 2439 601 2498 secundo
635 2444 947 2512 Olympiadis
991 2448 1339 2514 nonagesimae
1371 2448 1564 2511 primae
1599 2443 1890 2494 commissas

203 2520 296 2568 has
332 2519 524 2571 fabulas
561 2539 674 2573 esse
709 2526 1153 2592 decreverunt**),
1213 2543 1310 2592 quo
1337 2543 1508 2576 errore
1540 2526 1624 2574 ille
1658 2525 1890 2573 inductus

206 2604 302 2662 est,
339 2606 397 2650 ut
431 2604 666 2664 quasdam
700 2622 783 2654 res
820 2607 870 2656 in
905 2607 1184 2658 Troadibus
1225 2608 1411 2672 respici
1457 2605 1712 2666 crederet,
1762 2618 1891 2665 quae

206 2696 304 2743 quo
339 2686 564 2746 tempore
597 2685 722 2733 haec
755 2686 923 2737 fabula
958 2690 1094 2737 edita
1130 2694 1209 2737 est
1252 2689 1470 2736 nondum
1514 2692 1654 2734 erant
1696 2689 1885 2749 gestae.

207 2759 372 2822 Quum
421 2769 587 2812 autem
622 2766 776 2815 tribus
811 2770 924 2817 anni
959 2770 1265 2834 temporibus
1301 2767 1404 2815 ludi
1439 2766 1623 2814 scenici
1658 2764 1769 2812 fieri
1804 2778 1886 2810 so-

205 2839 390 2902 lerent,
434 2841 721 2903 Decembri,
768 2846 988 2898 Ianuario
1036 2854 1089 2897 et
1121 2849 1334 2904 Martio,
1384 2862 1591 2911 quorum
1640 2843 1887 2894 mensium

203 2921 364 2984 primo
413 2920 646 2986 Dionysia
692 2926 880 2977 minora
922 2930 1024 2978 sive
1076 2929 1294 2994 agrestia
1334 2929 1383 2976 in
1431 2926 1668 2986 Piraeeo,
1726 2924 1885 2973 altero

258 3143 309 3197 ⁹⁶)
339 3142 408 3185 Cf.
438 3143 772 3189 Zirndorferum
810 3149 864 3191 de
893 3151 1095 3194 chronol.
1121 3152 1214 3194 fab.
1246 3152 1400 3206 Eurip.
1432 3166 1474 3206 p.
1504 3150 1575 3193 70.

231 3213 312 3268 *ἢ
341 3214 438 3256 Hos
459 3220 636 3259 secutus
658 3222 724 3259 est
752 3218 932 3261 Planck.
953 3219 998 3262 in
1015 3222 1129 3265 libro
1149 3224 1204 3265 de
1215 3219 1384 3265 Troica
1403 3223 1508 3264 Eur.
1531 3222 1697 3264 didasc.
1719 3217 1883 3273 scripto

344 3300 390 3339 p.
426 3282 525 3327 415.
601 3286 837 3332 Refutavit
876 3290 1008 3333 Vater
1055 3293 1102 3335 in
1154 3307 1340 3335 censura
1401 3293 1622 3336 librorum
1668 3287 1883 3336 schoeni,

343 3355 517 3398 Welck.
548 3360 593 3398 et
620 3357 750 3400 Bodii
776 3374 818 3414 p.
851 3357 946 3412 10„
983 3366 1103 3405 recte
1134 3364 1375 3406 decernens
1422 3363 1616 3419 primum
1647 3357 1882 3417 Olympia·

345 3424 413 3466 dis
443 3438 606 3468 annum
634 3427 908 3484 significari,
937 3432 1282 3490 quotiescunque
1299 3448 1386 3477 non
1415 3434 1568 3478 addito
1594 3446 1709 3477 anno
1738 3428 1881 3472 victo-

347 3508 419 3537 res
448 3495 761 3553 Olympiorum
790 3499 1131 3546 nominarentur.
