2202 3892
1048 252 1169 311 235

285 401 411 449 1275
446 415 584 464 seqq.
622 399 785 462 (meae
818 401 963 465 edit.)
1016 403 1458 450 commemorantur
1472 397 1554 462 *),
1621 397 1814 448 Nomen
1857 395 1952 445 Pa-

282 479 378 528 ridi
411 497 439 528 a
475 496 593 542 pera
627 481 910 544 impositum
948 497 1087 541 esse„
1134 481 1183 529 in
1218 496 1312 544 qua
1346 481 1538 544 positus
1574 479 1654 538 sit,
1689 477 1953 528 scholiasta

282 558 342 606 ad
366 559 601 609 Androm.
627 576 670 608 v.
697 562 841 620 294„
874 560 1189 623 Euripidem,
1224 564 1380 625 puta,
1416 563 1619 608 secutus
1634 557 1744 621 **),
1779 556 1954 608 refert.

279 638 453 708 Huius⁴
475 641 689 703 pastoris
724 647 942 693 armenta
978 640 1247 704 significari
1268 639 1443 702 fragm.
1474 640 1567 688 inc.
1593 641 1671 687 23.
1697 638 1955 686 videntur:

283 719 535 782 „ipsius
601 721 675 768 ad
730 719 1071 770 armenta.'’
1156 720 1403 784 Deinceps
1464 718 1953 768 commemorandum

281 799 518 847 iudicium
555 799 648 848 fuit
681 799 744 848 de
777 800 936 849 tribus
972 799 1156 849 deabus
1191 800 1408 861 factum,
1455 800 1587 866 quod
1621 798 1845 863 pluribus
1883 796 1955 844 lo-

282 879 354 926 cis
388 878 655 943 Euripides
689 880 981 938 celebravit,
1025 881 1159 930 velut
1194 880 1428 930 Androm.
1456 878 1554 928 ‘274
1581 895 1751 943 seqq..
1796 876 1955 942 lphig.

281 957 396 1008 Aul.
427 960 555 1006 1288
588 976 726 1024 seqq.
766 965 816 1008 et
853 962 950 1008 566
978 976 1135 1025 seqq„
1175 961 1525 1025 eleganterque
1559 960 1706 1008 etiam
1752 957 1955 1006 Ovidius

282 1037 549 1087 exornavit.
621 1040 730 1102 Quo
764 1039 944 1088 iudicio
979 1041 1110 1103 quod
1146 1040 1317 1093 Venus
1365 1040 1619 1106 promisit,
1667 1055 1723 1088 se
1768 1038 1956 1086 formo-

282 1117 526 1166 sissimam
562 1119 608 1167 ei
643 1120 831 1184 pastori
861 1120 1095 1170 feminam
1138 1122 1190 1170 in
1222 1121 1585 1170 matrimonium
1620 1120 1869 1179 daturam,
1905 1115 1958 1164 id

281 1198 376 1246 iam
413 1214 467 1246 se
502 1199 569 1247 ait
603 1199 892 1248 effecturam
927 1217 1066 1261 esse,
1108 1219 1259 1267 quum
1293 1206 1437 1250 antea
1471 1201 1521 1248 in
1557 1199 1757 1247 domum
1793 1203 1957 1261 pater-

280 1294 394 1326 nam
430 1295 542 1327 eum
575 1280 866 1329 restituerIt.
938 1280 1092 1330 Cuius
1125 1282 1199 1330 rei
1235 1297 1409 1330 caussa
1445 1296 1500 1328 se
1535 1279 1683 1328 hodie
1716 1277 1847 1326 ludis
1873 1276 1956 1326 fu-

279 1358 541 1418 nebribus,
591 1375 714 1424 quos
758 1360 806 1408 in
841 1363 1128 1410 memoriam
1161 1361 1407 1411 interfecti
1439 1360 1641 1408 infantis
1676 1358 1957 1407 anniversa-

278 1437 378 1486 rios
411 1438 636 1488 Priamus
669 1440 968 1502 instituerit,
1013 1441 1176 1491 Paridi
1224 1441 1483 1491 victoriam
1530 1441 1783 1489 daturam:
1831 1453 1958 1501 quae

279 1534 362 1566 res
396 1534 492 1582 quo
528 1519 592 1567 sit
624 1520 887 1586 insignior,
937 1521 1232 1586 Cupidinem
1266 1524 1330 1571 de
1364 1522 1499 1570 caelo
1533 1521 1780 1569 volantem
1815 1533 1958 1567 coro-

278 1613 389 1646 nam
425 1599 677 1649 lemniscis
712 1608 930 1651 ornatam
964 1604 1134 1651 victori
1166 1603 1424 1667 imponere
1457 1602 1626 1650 iubet:

410 1678 714 1740 „Volans
781 1682 860 1731 de
927 1683 1119 1732 caelo
1178 1699 1319 1731 cum
1374 1697 1624 1731 corona
1689 1684 1751 1728 et
1802 1684 1957 1727 tae-

1077 1759 1397 1825 niis***).''

282 1838 376 1886 His
410 1841 676 1903 expositis,
727 1841 946 1906 reginam
997 1859 1058 1891 ex
1104 1842 1307 1891 aedibus
1342 1841 1492 1906 regiis
1526 1839 1854 1905 prodeuntem
1890 1838 1958 1887 vi-

281 1918 404 1966 dens
450 1921 698 1985 extemplo
743 1923 857 1971 abit.
928 1923 1182 1971 Hecubam
1234 1939 1262 1970 e
1309 1922 1456 1969 domo
1501 1921 1831 1985 prodeuntem
1877 1934 1958 1967 se-

281 1998 443 2060 quitur
497 2000 677 2048 chorus
730 2002 972 2067 virginum
986 2002 1046 2068 †)
1098 2002 1297 2051 naenias
1351 2001 1588 2049 defuncto
1639 1998 1958 2049 cantantium.

279 2076 393 2140 Ipsa
427 2083 589 2127 autem
626 2081 813 2143 regina,
862 2082 991 2131 ludis
1040 2082 1325 2133 funebribus
1360 2080 1648 2130 memoriam
1686 2078 1960 2127 dulcissimi

278 2156 477 2206 infantis
511 2161 574 2207 ad
608 2176 780 2210 necem
816 2163 917 2210 dati
952 2164 1329 2224 renovantibus,
1376 2160 1766 2220 vehementiore,
1813 2174 1960 2222 qnam

278 2253 489 2300 aequum
525 2244 628 2301 est,
663 2240 834 2291 dolore
869 2243 1024 2303 illum,
1059 2260 1205 2307 quem
1241 2247 1383 2306 putat
1417 2241 1746 2302 exstinctum,
1783 2255 1958 2305 prose-

335 2457 384 2511 *)
414 2457 626 2500 Pluribus
664 2460 775 2503 locis
817 2461 1067 2516 discrepant
1122 2474 1235 2516 quae
1278 2459 1572 2514 Apollodorus
1612 2458 1695 2509 ΙΙΙ,
1726 2455 1795 2509 12,
1825 2455 1866 2499 5.
1914 2461 1959 2500 et

416 2542 560 2583 paene
577 2529 737 2573 iisdem
756 2532 1087 2588 verbislSchol.
1113 2532 1170 2574 ad
1186 2531 1414 2587 Lycophr.
1441 2544 1486 2571 v.
1517 2527 1614 2570 139.
1641 2527 1852 2580 referunt,
1883 2527 1961 2582 qui

417 2613 578 2642 nomen
605 2602 725 2655 eius,
755 2603 830 2657 qui
859 2603 1131 2658 exposuerit,
1161 2602 1435 2644 Archelaum
1463 2598 1603 2641 fuisse
1634 2597 1807 2650 dicunt,
1838 2598 1959 2640 idem

418 2669 659 2714 tribuentes
689 2672 869 2728 pastori,
902 2673 978 2728 qui
1006 2672 1239 2724 educavit3
1286 2686 1368 2713 nec
1397 2684 1487 2712 non
1520 2670 1578 2711 ab
1608 2682 1711 2710 ursa
1742 2668 1959 2711 infantem

418 2754 500 2795 per
535 2743 726 2797 quinque
756 2744 850 2786 dies
893 2745 1104 2787 nutritum
1145 2758 1242 2786 esse
1292 2741 1534 2784 affirmant.
1591 2741 1659 2781 Dc
1689 2753 1794 2781 ursa
1823 2738 1959 2782 etiam

419 2811 627 2854 Aelianus
663 2815 713 2855 V.
743 2816 799 2855 H.
832 2816 929 2870 XII,
959 2815 1030 2857 42.
1101 2816 1168 2857 Ab
1215 2814 1403 2857 Hecuba
1440 2811 1540 2866 ipsa
1580 2812 1695 2852 clam
1740 2810 1955 2853 infantem

419 2883 670 2937 pastoribus
713 2886 923 2927 alendum
962 2901 1058 2928 esse
1101 2885 1311 2928 traditum
1362 2886 1516 2926 auctor
1558 2886 1624 2923 est
1653 2881 1808 2938 Dictys
1839 2882 1959 2923 Cret.

416 2954 497 3003 111,
532 2951 628 3006 26.‚
679 2969 868 3008 quocum
912 2956 1127 2999 consentit
1166 2957 1309 2997 schol.
1345 2954 1404 2996 ad
1435 2952 1649 2994 Androm.
1680 2949 1789 2993 294:
1844 2947 1872 3007 ἡ
1907 2949 1957 2993 δὲ

419 3022 635 3077 ἕξὲθηκὲν
680 3020 821 3080 αὗτό,
865 3023 926 3082 μὴ
965 3028 1176 3082 τολμῶσοι
1207 3026 1446 3081 φονεῦσαι.
1503 3024 1565 3066 Hi
1595 3037 1746 3065 omnes
1776 3022 1956 3077 Sopho-

422 3096 538 3137 clem
567 3095 706 3137 secuti
738 3110 834 3138 esse
862 3097 1079 3141 videntur.

306 3165 383 3219 “W)
411 3164 490 3207 καὶ
527 3166 664 3207 τοῦτο
706 3164 858 3224 λαβὼν
896 3168 1069 3225 ποιμὴν
1108 3168 1156 3212 ἐν
1186 3168 1244 3225 τῇ
1274 3163 1400 3224 πήρᾳ
1427 3164 1658 3218 τέθεικεν,
1698 3158 1825 3212 ὅπως
1856 3163 1955 3204 δια-

416 3234 593 3292 τρέφοι-
652 3232 739 3291 Διὰ
782 3238 860 3282 καὶ
893 3237 1039 3297 Πάρις
1077 3235 1331 3294 ω’νομάσθη
1371 3234 1396 3281 ὁ
1428 3234 1474 3281 ἐν
1505 3238 1563 3294 τῇ
1591 3235 1717 3292 πήρᾳ
1746 3232 1950 3290 τραφείς.

279 3305 389 3360 *ΉἿ
418 3306 486 3348 Cf.
517 3307 572 3348 de
602 3320 686 3348 usu
712 3309 960 3352 taeniarum
989 3311 1160 3353 Welck.
1191 3324 1235 3364 p.
1264 3306 1361 3351 467.
1393 3312 1481 3351 not.
1513 3312 1557 3350 et
1585 3322 1628 3362 p.
1660 3303 1786 3347 1582.

333 3374 386 3431 †)
416 3377 683 3432 Intelligitur
709 3378 797 3420 hoc
827 3394 881 3422 ex
908 3380 1092 3438 fragm„
1119 3381 1235 3435 quod
1264 3383 1330 3422 est
1357 3380 1476 3435 apud
1505 3378 1598 3421 Cic.
1617 3376 1718 3419 niv.
1738 3376 1774 3428 Ι,
1785 3373 1855 3429 31,
1866 3372 1954 3422 66„

416 3446 491 3489 ubi
520 3448 770 3492 Cassandra
801 3450 1030 3508 „virgines
1058 3451 1301 3507 aequales''
1332 3449 1587 3506 alloquitur.
