2170 3866
879 278 1008 336 483

73 427 389 496 expiaretur:
440 441 643 491 semper
688 426 823 475 enim
855 442 1034 486 unum,
1084 426 1172 489 qui
1204 429 1492 490 postremus
1526 426 1659 476 ultus
1693 442 1778 478 es·-

69 516 181 571 set,
231 507 373 558 caedi
419 507 688 556 obnoxium
723 505 850 556 fore.
917 506 1044 569 Ego,
1078 505 1268 570 inquit,
1313 506 1398 556 odi
1449 506 1628 572 impias
1663 525 1779 558 mu-

0 591 1 609 *
70 589 222 639 lieres
257 595 308 637 et
342 603 548 637 aversor
569 586 814 636 Helenam
842 603 1006 650 neque
1040 586 1214 650 probo,
1247 588 1380 650 quod
1415 592 1488 649 tu,
1524 587 1777 650 Menelae,

67 671 328 735 improbae
363 668 532 717 uxoris
566 668 722 732 gratia
756 665 959 715 Troiam
997 665 1257 731 profectus
1290 683 1372 727 es3
1408 667 1497 715 sed
1535 667 1670 716 idem
1702 668 1776 717 le-

68 767 182 818 gem
219 749 438 798 defendo
475 755 526 796 et
558 747 912 795 immanitatem
949 747 1129 806 istam,
1178 762 1275 809 qua
1311 747 1527 796 societas
1564 748 1778 797 humana

69 830 342 889 evertitur,
384 834 612 878 coerceo·
683 826 807 875 Nam
846 827 981 890 quid,
1016 844 1046 876 o
1081 828 1250 888 miser,
1287 832 1393 876 tum
1430 828 1581 875 animi
1616 826 1778 877 habe-

68 912 175 972 baS‚
211 926 324 959 cum
360 909 571 974 supplex
597 906 685 955 tibi
713 923 957 955 mammas
993 908 1218 956 exseruit
1250 908 1447 956 mater?
1497 923 1643 971 quam
1682 923 1777 974 ego

68 990 322 1041 miseriam
370 990 465 1038 etsi
511 1004 608 1036 non
657 988 893 1052 adspexi,
951 995 1117 1036 tamen
1162 1003 1261 1037 non
1305 1004 1510 1052 possum
1557 987 1775 1037 lacrimis

67 1079 366 1136 temperare.
428 1069 587 1117 Recte
610 1068 763 1134 igitur
798 1069 894 1117 diis
928 1069 1117 1117 invisus
1152 1084 1207 1117 es
1242 1073 1296 1116 et
1330 1068 1499 1117 furore
1535 1085 1591 1117 ac
1626 1068 1774 1118 terri-

67 1151 194 1200 culis
240 1151 457 1199 vexaris:
504 1150 682 1214 quibus
718 1149 814 1197 diis
850 1150 950 1197 noli
984 1154 1058 1207 tu,
1093 1148 1346 1206 Menelae,
1382 1148 1636 1197 adversari
1671 1149 1775 1198 im·-

65 1232 203 1296 pium
237 1230 532 1287 adiuvando,
570 1229 660 1278 sed
696 1229 806 1277 sine
831 1245 944 1277 eum
979 1228 1228 1294 lapidibus
1265 1228 1426 1277 obrui.
1495 1229 1626 1278 Filia
1661 1243 1774 1277 mea

65 1317 206 1360 recte
240 1310 506 1359 interfecta
539 1315 646 1367 est3
698 1309 787 1356 sed
833 1324 930 1356 non
963 1309 1110 1356 huius
1146 1309 1368 1356 manibus
1406 1307 1576 1356 debuit
1611 1308 1775 1357 inter—

65 1390 164 1438 fici.
233 1390 344 1453 Ego
391 1396 556 1437 autem
603 1386 882 1435 fortunatus
934 1389 984 1436 in
1031 1389 1212 1436 ceteris
1247 1390 1399 1437 rebus
1446 1387 1508 1436 ab
1542 1388 1638 1438 hac
1672 1404 1774 1437 una

63 1474 208 1534 parte
241 1468 418 1517 infelix
453 1484 590 1527 sum,
629 1467 759 1532 quod
795 1467 928 1525 filiae
963 1468 1347 1534 degenerarunt.

195 1547 473 1599 Verissima
520 1549 646 1597 haec
694 1554 810 1596 sunt
852 1548 1016 1597 omnia
1061 1553 1112 1597 et
1160 1565 1274 1597 cum
1311 1548 1617 1599 humanitate
1651 1563 1771 1598 con-

60 1631 307 1693 gruentia,
341 1636 578 1694 essetque
605 1628 738 1676 omni
765 1628 911 1677 laude
933 1628 1231 1693 Tyndareus
1258 1628 1456 1694 dignus,
1493 1630 1553 1690 si,
1590 1633 1771 1694 quanta

62 1711 331 1761 severitate
364 1708 675 1758 matricidam
708 1714 926 1768 accusat,
955 1715 1093 1758 tanta
1118 1709 1511 1759 interfectricem
1543 1710 1636 1758 viri
1660 1709 1772 1774 ipse

62 1791 360 1857 punivisset.
429 1787 642 1837 Pudoris
689 1788 1042 1837 documentum
1091 1796 1195 1851 est,
1244 1790 1376 1855 quod
1423 1790 1554 1838 hanc
1602 1789 1650 1837 ei
1684 1804 1768 1838 so-

62 1872 285 1920 cordiam
322 1870 530 1920 Orestes
565 1885 662 1917 non
698 1870 997 1933 exprobrat,
1039 1871 1124 1934 qui
1160 1875 1298 1920 tanta
1334 1876 1414 1919 cst
1447 1870 1767 1932 verecundia,

63 1959 121 2001 ut
164 1951 214 1999 in
263 1955 538 2015 conspectu
587 1950 720 1997 senis
765 1950 846 1998 vix
893 1952 1167 1999 consistere
1214 1950 1276 1998 ad
1326 1966 1553 2000 caussam
1590 1948 1768 1999 defen-

61 2032 273 2081 dendam
309 2032 508 2080 audeat.
579 2029 735 2092 impie
772 2046 827 2078 se
862 2029 1049 2079 fecisse
1083 2040 1296 2080 matrem
1331 2031 1606 2080 occidendo
1641 2029 1769 2078 fate-

59 2116 160 2172 tur,
196 2112 287 2160 sed
319 2126 493 2160 rursus
528 2109 624 2158 alio
660 2110 859 2158 nomine
893 2111 976 2175 pie
1010 2117 1203 2175 patrem
1235 2110 1544 2160 ulciscendo.
1614 2110 1770 2174 Atqui

58 2206 151 2256 pro
203 2197 409 2238 auctore
453 2191 650 2254 generis
698 2195 890 2253 patrem
926 2192 1095 2254 potius
1131 2207 1280 2253 quam
1314 2197 1526 2239 matrem
1562 2190 1766 2251 haberi;

58 2286 179 2336 ergo
214 2271 286 2318 illi
322 2270 433 2335 plus
469 2270 790 2318 tribuendum
838 2269 1029 2332 fuisse,
1076 2271 1376 2334 praesertim
1425 2286 1539 2318 cum
1590 2285 1766 2318 caussa

58 2350 225 2400 caedis
260 2349 559 2398 adulterium
597 2355 750 2398 esset.
820 2351 1066 2400 Adultero
1116 2349 1387 2399 interfecto
1422 2354 1632 2400 matrem
1667 2366 1767 2400 una

57 2430 359 2480 immolatam
397 2445 539 2478 esse:
577 2431 709 2493 quod
746 2446 801 2478 se
835 2430 1106 2479 facientem
1134 2431 1263 2479 bene
1287 2432 1535 2480 meruisse
1563 2431 1627 2480 de
1655 2446 1764 2480 mo-

58 2510 198 2559 ribus
232 2509 433 2569 civium,
474 2526 588 2558 cum
621 2511 747 2559 nihil
782 2510 1022 2575 praesidii
1056 2510 1259 2560 feminis
1298 2512 1486 2560 debere
1520 2511 1764 2576 improbis

56 2589 109 2638 in
154 2589 494 2639 misericordia
540 2590 810 2639 liberorum
859 2607 973 2639 esse
1010 2591 1318 2640 ostenderet.
1388 2590 1562 2640 Morte
1596 2596 1764 2640 autem

58 2670 509 2734 Clytaemnestram
557 2672 778 2720 omnium
824 2672 972 2737 longe
1018 2671 1358 2735 dignissimam
1402 2669 1587 2731 fuisse,
1632 2687 1764 2736 quae

55 2750 216 2799 virum
264 2750 420 2799 totius
456 2751 696 2800 Graeciae
730 2753 1088 2818 imperatorem
1134 2752 1352 2817 prodere
1392 2767 1489 2800 non
1519 2753 1637 2800 satis
1671 2751 1762 2801 ha·

56 2831 249 2887 buerit,
285 2831 380 2879 nisi
416 2831 597 2889 etiam,
646 2837 700 2880 ut
732 2849 894 2898 poena
929 2834 1037 2898 ipsa
1074 2833 1400 2894 liberaretur,
1435 2831 1762 2881 interficeret.

57 2910 344 2961 Verendum
378 2911 565 2972 fuisse,
617 2927 681 2960 ne
715 2914 811 2961 sibi
846 2913 1026 2963 Furias
1062 2920 1233 2978 pater,
1282 2913 1326 2961 si
1359 2913 1538 2962 matris
1572 2910 1762 2962 factum

55 2991 240 3041 tacitus
274 2992 533 3056 probaret,
570 2991 891 3043 immitteret:
927 2994 1111 3043 etenim
1149 3009 1236 3041 eas
1262 3009 1361 3041 non
1387 2991 1629 3042 matribus
1654 3008 1760 3040 ma-

54 3072 132 3136 gis
181 3087 327 3135 quam
378 3071 602 3135 patribus
649 3073 830 3123 auxilio
882 3091 1016 3127 esse.
1100 3075 1554 3139 Clytaemnestram
1602 3072 1758 3121 solam

55 3152 303 3202 malorum
340 3167 568 3200 caussam
605 3168 750 3202 esse:
798 3171 925 3219 quae
976 3155 1019 3204 si
1053 3154 1343 3220 Penelopen
1377 3154 1568 3202 imitata
1602 3158 1760 3212 esset,

56 3247 113 3281 se
159 3232 467 3282 Telemacho
513 3233 726 3282 similem
774 3234 1000 3286 futurum
1049 3235 1224 3284 fuisse.
1293 3234 1507 3283 Iussisse
1553 3233 1759 3282 caedem

56 3310 169 3360 fieri
203 3313 512 3378 Apollinem,
560 3314 701 3362 cuius
751 3317 1007 3380 responsis
1051 3316 1290 3365 mortales
1338 3319 1546 3390 cunctos
1579 3313 1760 3362 merito

57 3407 263 3456 parere3
310 3394 444 3443 bunc
490 3394 645 3459 igitur
690 3397 1056 3457 accusandum,
1104 3397 1240 3447 hunc
1272 3395 1582 3462 puniendum
1615 3408 1758 3443 esse:

1294 3477 1359 3525 31
1377 3474 1408 3508 *
