2202 3892
1119 231 1242 290 254

360 380 452 430 sibi
479 366 600 426 itero
634 377 753 441 ipsis
785 377 1042 440 pecuniae,
1079 377 1256 440 quibus
1290 378 1488 442 quidem
1523 379 1824 430 Graecorum
1859 379 2012 430 duces

359 459 454 508 sibi
486 457 718 504 adversus
752 459 803 502 te
837 455 1182 506 conciliabant.
1233 456 1300 505 Et
1324 458 1382 505 ab
1411 459 1604 509 Achille
1630 461 1826 524 quidem
1856 461 2012 510 absti-

358 552 475 586 nere
509 539 706 599 oportet
740 550 951 597 eumque
997 550 1168 583 cavere
1213 543 1556 601 perspectum,
1607 540 1736 589 hunc
1769 556 1889 594 vero
1930 555 2012 588 so-

358 615 568 679 phistam
603 613 844 662 occidere.
911 612 1140 663 Inventus
1173 622 1335 664 autem
1374 616 1491 663 mihi
1518 622 1594 666 est
1625 618 1675 666 in
1709 634 1820 667 eun
1855 619 2012 678 dolus,

356 710 446 759 per
480 709 621 758 quem
657 698 706 740 et
738 694 786 740 iu
821 693 986 742 odium
1022 693 1324 743 Graecorum
1359 696 1629 744 adducatur
1667 704 1718 746 et
1750 700 1811 747 ab
1842 698 1902 746 iis
1937 698 2012 745 in-

355 774 642 823 terficiatur.
712 773 781 822 Et
822 775 1038 823 ostendit
1084 765 1178 833 illi,
1220 776 1462 838 quomodo
1497 792 1524 823 a
1558 792 1614 824 se
1647 782 1817 840 parata
1850 781 2016 829 essent

353 853 436 902 illa
470 851 529 901 ad
555 851 797 917 Phrygem
835 861 886 903 et
918 855 978 902 ad
1012 871 1180 904 aurum
1217 872 1244 902 a
1273 854 1466 920 Phryge
1489 863 1743 919 acceptum
1770 855 2017 919 pertinen-

355 934 431 982 tia.
502 931 641 993 Quae
677 950 825 996 quum
860 935 1036 983 callide
1072 935 1346 997 excogitata
1381 951 1492 982 esse
1525 935 1809 983 viderentur
1835 939 1885 984 et
1909 932 2016 989 nuf-v

353 1012 633 1073 fragaretur
668 1012 827 1061 fraudi
863 1015 1225 1079 Agamemnon,
1262 1015 1394 1079 Age,
1430 1015 1603 1079 inquit,
1637 1031 1666 1064 o
1701 1030 1812 1077 rex,
1846 1013 2017 1063 Achil-

353 1090 448 1139 lem
497 1090 691 1153 quidem
741 1094 869 1142 circa
917 1094 1164 1152 civitates,
1222 1095 1270 1142 in
1320 1095 1497 1158 quibus
1557 1111 1685 1142 nunc
1737 1101 1839 1153 est,
1895 1091 2018 1141 mihi

352 1169 630 1230 custodias,
678 1170 991 1222 Palamedem
1037 1189 1151 1222 vero
1198 1174 1255 1221 ad
1293 1175 1667 1238 oppugnandum
1714 1174 1847 1222 llium
1881 1175 2020 1222 inve-

351 1249 652 1313 niendasque
684 1253 935 1300 machinas
970 1254 1068 1302 huc
1103 1254 1357 1305 arcessito.
1427 1253 1547 1302 Nam
1578 1255 1684 1303 sine
1713 1253 1906 1302 Achille
1933 1251 2019 1302 ubi

350 1329 566 1389 venerit,
615 1345 712 1380 non
754 1333 872 1380 mihi
920 1333 1013 1380 soli
1059 1333 1221 1383 facilis
1256 1334 1349 1382 erit
1383 1340 1546 1398 captu,
1582 1335 1671 1382 sed
1707 1333 1788 1380 alii
1822 1347 2019 1396 quoque

350 1409 508 1458 minus
541 1409 818 1472 prudenti.”
885 1413 1023 1461 Haec
1055 1413 1410 1474 Philostratus3
1457 1412 1519 1460 de
1553 1411 1666 1460 dolo
1701 1418 1861 1460 autem
1896 1411 2019 1459 haec

350 1488 522 1537 retulit
568 1487 798 1539 Servius:
853 1493 1224 1552 „Adulterinam
1275 1493 1454 1540 Priami
1505 1493 1700 1540 nomine
1757 1490 2018 1554 epistolam

350 1567 566 1631 scripsit,
595 1569 643 1616 in
671 1585 764 1632 qua
792 1572 967 1636 agebat
990 1573 1233 1620 Palamedi
1259 1572 1549 1637 proditionis
1573 1572 1777 1635 gratiam
1805 1577 1858 1619 et
1881 1585 2018 1618 com·

350 1650 654 1697 memorabat
698 1656 944 1699 secretum
980 1654 1084 1700 auri
1120 1652 1310 1715 pondus
1347 1668 1460 1700 esse
1492 1652 1850 1701 transmissum.
1918 1647 2016 1698 De-

349 1726 425 1776 dit
459 1728 653 1792 captivo
687 1729 974 1791 ferendum,
1023 1748 1179 1794 eoque
1215 1748 1359 1780 caeso
1396 1731 1603 1795 epistola
1638 1732 1696 1777 ad
1740 1745 1906 1792 regem
1941 1733 2043 1778 est·

349 1814 573 1872 portata,
623 1812 965 1875 corruptisque
1010 1809 1331 1876 (Palamedis)
1383 1811 1534 1858 servis
1569 1826 1739 1858 aurum
1773 1809 1823 1856 in
1858 1813 2018 1857 tento·

350 1887 479 1936 rium
514 1888 751 1937 invexit.''
820 1891 989 1940 Paullo
1041 1892 1182 1940 aliter
1215 1892 1471 1954 Hyginus:
1519 1889 1794 1953 „Ulysses,
1843 1888 2017 1951 inquit,

350 1965 474 2015 clam
521 1975 668 2016 noctu
715 1970 847 2018 solus
889 1988 1116 2036 magnum
1166 1972 1357 2035 pondus
1393 1971 1497 2019 auri
1530 1970 1615 2019 ubi
1648 1968 2018 2017 tabernaculum

349 2045 626 2095 Palamedis
645 2047 808 2096 suerat
836 2052 1026 2109 obruit3
1056 2051 1174 2108 item
1201 2051 1456 2115 epistolam
1485 2049 1811 2113 conscriptam
1831 2047 2019 2112 Phrygi

349 2126 544 2189 captivo
593 2128 653 2175 ad
691 2127 939 2178 Priamum
988 2132 1070 2178 dat
1103 2130 1479 2194 perferendam,
1524 2129 1827 2191 militemque
1875 2141 2016 2174 suum

348 2204 564 2269 priorem
599 2207 771 2265 mittit,
821 2211 905 2271 qui
953 2226 1064 2257 eum
1106 2225 1201 2257 non
1238 2209 1381 2273 longe
1416 2225 1443 2254 a
1479 2208 1651 2255 castris
1694 2205 2017 2256 interficeret.

348 2282 559 2332 Postero
594 2284 672 2333 die
706 2287 903 2349 quidam
938 2289 1079 2336 miles
1121 2288 1409 2351 epistolam,
1461 2303 1604 2349 quam
1639 2286 1848 2348 Ulysses
1895 2283 2018 2331 scri-

347 2369 533 2427 pserat,
569 2379 719 2429 super
754 2368 962 2415 cadaver
996 2367 1205 2432 Phrygis
1239 2367 1469 2431 positam,
1506 2369 1568 2414 ad
1604 2368 2020 2427 Agamemnonem

349 2442 546 2505 attulit,
595 2444 645 2493 in
696 2461 790 2508 qua
837 2448 1076 2510 scriptum
1127 2448 1251 2496 suit:
1303 2444 1633 2494 Palamedi
1681 2461 1707 2492 a
1755 2443 2019 2490 Priamo

350 2522 575 2583 mis'sa3
612 2529 898 2590 tantumque
934 2528 978 2575 ei
1014 2528 1117 2575 auri
1156 2527 1429 2590 pollicetur,
1466 2531 1697 2588 quantum
1726 2522 1936 2585 Ulysses
1970 2521 2018 2570 in

348 2603 718 2653 tabernaculum
734 2609 980 2663 obruerat,
1001 2607 1043 2655 si
1060 2613 1217 2654 castra
1233 2605 1626 2668 Agamemnonis,
1647 2610 1698 2650 ut
1717 2602 1762 2650 ei
1777 2616 2020 2649 convene-

350 2687 442 2742 rat,
455 2683 734 2747 proderet.''
767 2686 865 2734 Sed
895 2694 1004 2736 cum
1017 2686 1188 2734 Servio
1201 2685 1445 2733 consentit
1458 2683 1670 2732 Tzetzes
1685 2699 1727 2731 v.
1743 2681 2019 2728 368-374.

480 2761 712 2812 Servatur
739 2766 946 2814 alterum
971 2766 1115 2814 huius
1145 2765 1375 2827 colloquii
1408 2764 1752 2828 fragmentum,
1776 2762 1838 2810 ad
1860 2759 2021 2807 ambi—

348 2839 530 2889 tionem
559 2841 837 2894 Palamedis
862 2853 914 2894 et
937 2846 1289 2894 contumaciam
1318 2844 1542 2904 Achillis,
1571 2849 1706 2907 puto,
1742 2838 2019 2905 pertinens:

476 2924 821 2988 στρατηλάται
853 2923 951 2974 τᾶν
985 2922 1167 2988 μυρίοι
1199 2921 1500 2987 γενοίμεθα,

481 3001 651 3064 σοφὸς
684 3003 732 3054 δ’
766 3004 833 3054 ἂν
868 2998 939 3064 εἷς
970 3022 1046 3063 τις
1078 3002 1111 3070 ἢ
1146 3002 1226 3052 δύ’
1263 2999 1318 3052 ἐν
1353 3003 1536 3070 μακρῷ
1585 2999 1772 3065 χρόνῳ.

477 3079 683 3132 Reversi
718 3085 897 3134 deinde
930 3086 1127 3141 militeS,
1164 3084 1246 3148 qui
1281 3085 1485 3134 chorum
1519 3081 1836 3140 constituunt,
1860 3077 2014 3142 opacis

350 3157 647 3211 desiderium
682 3172 827 3213 cantu
863 3164 1166 3227 significant:

481 3239 547 3290 οὐ
581 3234 683 3293 σὺν
717 3243 969 3310 Διονύσῳ

481 3324 692 3388 κωμῶν,
729 3321 788 3385 ὃς
821 3325 903 3376 ἄν’
925 3319 1076 3375 Ἴδαν

479 3399 715 3468 τέρπεται
748 3399 849 3458 σὺν
880 3401 1037 3470 ματρὶ
1068 3400 1198 3468 φίλᾳ
