<?xml version="1.0" encoding="UTF-8"?>
<!DOCTYPE html PUBLIC "-//W3C//DTD XHTML 1.0 Transitional//EN"
    "http://www.w3.org/TR/xhtml1/DTD/xhtml1-transitional.dtd">
<html xmlns="http://www.w3.org/1999/xhtml" xml:lang="en" lang="en">
 <head>
  <title>
</title>
<meta http-equiv="Content-Type" content="text/html;charset=utf-8" />
  <meta name='ocr-system' content='tesseract 3.04.00' />
  <meta name='ocr-capabilities' content='ocr_page ocr_carea ocr_par ocr_line ocrx_word'/>
</head>
<body>
  <div class='ocr_page' id='page_1' title='image "./euripidesrestitu02hartuoft_0564.png"; bbox 0 0 2170 3866; ppageno 0'>
   <div class='ocr_carea' id='block_1_1' title="bbox 1142 289 1265 350">
    <p class='ocr_par' dir='ltr' id='par_1_1' title="bbox 1142 289 1265 350">
     <span class='ocr_line' id='line_1_1' title="bbox 1142 289 1265 350; baseline 0.008 -1"><span class='ocrx_word' id='word_1_1' title='bbox 1142 289 1265 350; x_wconf 79' lang='lat'><strong>552</strong></span> 
     </span>
    </p>
   </div>
   <div class='ocr_carea' id='block_1_2' title="bbox 341 438 2061 3545">
    <p class='ocr_par' dir='ltr' id='par_1_2' title="bbox 346 438 2044 833">
     <span class='ocr_line' id='line_1_2' title="bbox 347 438 2044 507; baseline 0.003 -17"><span class='ocrx_word' id='word_1_2' title='bbox 347 439 551 499; x_wconf 83' lang='lat' dir='ltr'><strong>incitat,</strong></span> <span class='ocrx_word' id='word_1_3' title='bbox 589 438 701 502; x_wconf 82' lang='lat' dir='ltr'><strong>ipsa</strong></span> <span class='ocrx_word' id='word_1_4' title='bbox 733 438 893 488; x_wconf 87' lang='lat' dir='ltr'><strong>veloci</strong></span> <span class='ocrx_word' id='word_1_5' title='bbox 926 453 1075 489; x_wconf 88' lang='lat' dir='ltr'><strong>cursu</strong></span> <span class='ocrx_word' id='word_1_6' title='bbox 1109 455 1203 505; x_wconf 86' lang='lat' dir='ltr'><strong>per</strong></span> <span class='ocrx_word' id='word_1_7' title='bbox 1236 455 1465 507; x_wconf 89' lang='lat' dir='ltr'><strong>campum</strong></span> <span class='ocrx_word' id='word_1_8' title='bbox 1499 441 1742 507; x_wconf 82' lang='lat' dir='ltr'><strong>irrignum</strong></span> <span class='ocrx_word' id='word_1_9' title='bbox 1775 442 1957 494; x_wconf 82' lang='lat' dir='ltr'><strong>saliens</strong></span> <span class='ocrx_word' id='word_1_10' title='bbox 1990 443 2044 495; x_wconf 82' lang='lat' dir='ltr'><strong>in</strong></span> 
     </span>
     <span class='ocr_line' id='line_1_3' title="bbox 348 518 2044 589; baseline 0.004 -20"><span class='ocrx_word' id='word_1_11' title='bbox 348 518 669 569; x_wconf 79' lang='lat' dir='ltr'><strong>solitudinem</strong></span> <span class='ocrx_word' id='word_1_12' title='bbox 702 519 793 568; x_wconf 90' lang='lat' dir='ltr'><strong>sub</strong></span> <span class='ocrx_word' id='word_1_13' title='bbox 828 519 1030 570; x_wconf 90' lang='lat' dir='ltr'><strong>arbusta</strong></span> <span class='ocrx_word' id='word_1_14' title='bbox 1064 520 1220 571; x_wconf 88' lang='lat' dir='ltr'><strong>silvae</strong></span> <span class='ocrx_word' id='word_1_15' title='bbox 1253 522 1425 572; x_wconf 88' lang='lat' dir='ltr'><strong>evasit.</strong></span> <span class='ocrx_word' id='word_1_16' title='bbox 1496 522 1625 585; x_wconf 82' lang='lat' dir='ltr'><strong>Quid</strong></span> <span class='ocrx_word' id='word_1_17' title='bbox 1661 527 1740 573; x_wconf 89' lang='lat' dir='ltr'><strong>est</strong></span> <span class='ocrx_word' id='word_1_18' title='bbox 1779 525 2044 589; x_wconf 82' lang='lat' dir='ltr'><strong>prudentia</strong></span> 
     </span>
     <span class='ocr_line' id='line_1_4' title="bbox 348 597 2042 669; baseline 0.004 -21"><span class='ocrx_word' id='word_1_19' title='bbox 348 605 435 649; x_wconf 91' lang='lat' dir='ltr'><strong>aut</strong></span> <span class='ocrx_word' id='word_1_20' title='bbox 481 599 602 664; x_wconf 88' lang='lat' dir='ltr'><strong>quid</strong></span> <span class='ocrx_word' id='word_1_21' title='bbox 647 597 865 663; x_wconf 85' lang='lat' dir='ltr'><strong>pulcrius</strong></span> <span class='ocrx_word' id='word_1_22' title='bbox 912 615 942 648; x_wconf 89' lang='lat' dir='ltr'><strong>a</strong></span> <span class='ocrx_word' id='word_1_23' title='bbox 989 599 1082 650; x_wconf 84' lang='lat' dir='ltr'><strong>diis</strong></span> <span class='ocrx_word' id='word_1_24' title='bbox 1117 617 1295 652; x_wconf 92' lang='lat' dir='ltr'><strong>munus</strong></span> <span class='ocrx_word' id='word_1_25' title='bbox 1329 602 1622 652; x_wconf 77' lang='lat' dir='ltr'><strong>mortalibus</strong></span> <span class='ocrx_word' id='word_1_26' title='bbox 1669 602 1843 664; x_wconf 85' lang='lat' dir='ltr'><strong>datur,</strong></span> <span class='ocrx_word' id='word_1_27' title='bbox 1894 620 2042 669; x_wconf 87' lang='lat' dir='ltr'><strong>quam</strong></span> 
     </span>
     <span class='ocr_line' id='line_1_5' title="bbox 346 679 2044 766; baseline 0.003 -37"><span class='ocrx_word' id='word_1_28' title='bbox 346 695 496 729; x_wconf 90' lang='lat' dir='ltr'><strong>manu</strong></span> <span class='ocrx_word' id='word_1_29' title='bbox 529 679 718 729; x_wconf 86' lang='lat' dir='ltr'><strong>victrici</strong></span> <span class='ocrx_word' id='word_1_30' title='bbox 750 679 973 729; x_wconf 91' lang='lat' dir='ltr'><strong>hostium</strong></span> <span class='ocrx_word' id='word_1_31' title='bbox 1008 683 1248 731; x_wconf 88' lang='lat' dir='ltr'><strong>verticem</strong></span> <span class='ocrx_word' id='word_1_32' title='bbox 1281 683 1669 766; x_wconf 61' lang='lat' dir='ltr'><strong>premere‘lJ·&gt;</strong></span> <span class='ocrx_word' id='word_1_33' title='bbox 1698 706 1893 729; x_wconf 73' lang='lat' dir='ltr'><strong>s·</strong></span> <span class='ocrx_word' id='word_1_34' title='bbox 1930 683 2044 750; x_wconf 87' lang='lat' dir='ltr'><strong>pul-</strong></span> 
     </span>
     <span class='ocr_line' id='line_1_6' title="bbox 348 748 2005 829; baseline 0.004 -21"><span class='ocrx_word' id='word_1_35' title='bbox 348 774 519 820; x_wconf 84' lang='lat' dir='ltr'><strong>crum,</strong></span> <span class='ocrx_word' id='word_1_36' title='bbox 554 760 688 808; x_wconf 88' lang='lat' dir='ltr'><strong>idem</strong></span> <span class='ocrx_word' id='word_1_37' title='bbox 724 759 993 809; x_wconf 91' lang='lat' dir='ltr'><strong>iucundum</strong></span> <span class='ocrx_word' id='word_1_38' title='bbox 1029 767 1125 814; x_wconf 90' lang='lat' dir='ltr'><strong>est.</strong></span> <span class='ocrx_word' id='word_1_39' title='bbox 1195 748 1364 812; x_wconf 80' lang='lat' dir='ltr'><strong>Tarde</strong></span> <span class='ocrx_word' id='word_1_40' title='bbox 1500 763 1550 801; x_wconf 62' lang='grc' dir='ltr'><strong>ι’</strong></span> <span class='ocrx_word' id='word_1_41' title='bbox 1556 771 1559 773; x_wconf 82' lang='grc'><strong><em>·</em></strong></span> <span class='ocrx_word' id='word_1_42' title='bbox 1851 758 1964 829; x_wconf 54' lang='lat' dir='ltr'><em>gJ„³‚</em></span> <span class='ocrx_word' id='word_1_43' title='bbox 2002 786 2005 791; x_wconf 88' lang='lat'>·</span> 
     </span>
    </p>

    <p class='ocr_par' dir='ltr' id='par_1_3' title="bbox 346 827 2016 901">
     <span class='ocr_line' id='line_1_7' title="bbox 346 827 2016 901; baseline 0.001 -12"><span class='ocrx_word' id='word_1_44' title='bbox 346 840 420 889; x_wconf 89' lang='lat' dir='ltr'><strong>nit</strong></span> <span class='ocrx_word' id='word_1_45' title='bbox 466 839 674 889; x_wconf 90' lang='lat' dir='ltr'><strong>deorum</strong></span> <span class='ocrx_word' id='word_1_46' title='bbox 721 839 932 889; x_wconf 87' lang='lat' dir='ltr'><strong>vindicta</strong></span> <span class='ocrx_word' id='word_1_47' title='bbox 978 842 1373 891; x_wconf 85' lang='lat' dir='ltr'><strong>animadvertens</strong></span> <span class='ocrx_word' id='word_1_48' title='bbox 1407 843 1457 891; x_wconf 91' lang='lat' dir='ltr'><strong>in</strong></span> <span class='ocrx_word' id='word_1_49' title='bbox 1491 857 1614 901; x_wconf 87' lang='lat' dir='ltr'><strong>eos</strong></span> <span class='ocrx_word' id='word_1_50' title='bbox 1627 829 1667 857; x_wconf 59' lang='lat'><strong>&#39;⁵³</strong></span> <span class='ocrx_word' id='word_1_51' title='bbox 1688 829 1743 887; x_wconf 55' lang='lat'><strong>3³¹²</strong></span> <span class='ocrx_word' id='word_1_52' title='bbox 1768 827 1860 887; x_wconf 48' lang='lat' dir='ltr'><strong>³2⁴,st</strong></span> <span class='ocrx_word' id='word_1_53' title='bbox 1888 828 1954 857; x_wconf 44' lang='lat'><strong>&#39;‘⁸‘&#39;</strong></span> <span class='ocrx_word' id='word_1_54' title='bbox 2003 843 2016 857; x_wconf 80' lang='lat'>⁸</span> 
     </span>
    </p>

    <p class='ocr_par' dir='ltr' id='par_1_4' title="bbox 343 919 2047 1702">
     <span class='ocr_line' id='line_1_8' title="bbox 345 919 2047 989; baseline 0.003 -21"><span class='ocrx_word' id='word_1_55' title='bbox 345 919 469 969; x_wconf 84' lang='lat' dir='ltr'><strong>tiam</strong></span> <span class='ocrx_word' id='word_1_56' title='bbox 526 920 866 983; x_wconf 82' lang='lat' dir='ltr'>insaniamque</span> <span class='ocrx_word' id='word_1_57' title='bbox 931 920 1095 969; x_wconf 87' lang='lat' dir='ltr'><strong>divina</strong></span> <span class='ocrx_word' id='word_1_58' title='bbox 1149 926 1496 982; x_wconf 82' lang='lat' dir='ltr'><strong>contemnunt3</strong></span> <span class='ocrx_word' id='word_1_59' title='bbox 1554 921 1693 972; x_wconf 79' lang='lat' dir='ltr'><strong>vafre</strong></span> <span class='ocrx_word' id='word_1_60' title='bbox 1741 929 1906 973; x_wconf 89' lang='lat' dir='ltr'><strong>autem</strong></span> <span class='ocrx_word' id='word_1_61' title='bbox 1953 937 2047 989; x_wconf 85' lang='lat' dir='ltr'><strong>per</strong></span> 
     </span>
     <span class='ocr_line' id='line_1_9' title="bbox 346 998 2046 1067; baseline 0.004 -21"><span class='ocrx_word' id='word_1_62' title='bbox 346 998 550 1066; x_wconf 74' lang='lat' dir='ltr'><strong>longlun</strong></span> <span class='ocrx_word' id='word_1_63' title='bbox 586 1006 786 1064; x_wconf 88' lang='lat' dir='ltr'><strong>tempus</strong></span> <span class='ocrx_word' id='word_1_64' title='bbox 822 999 1042 1049; x_wconf 89' lang='lat' dir='ltr'><strong>insidiati</strong></span> <span class='ocrx_word' id='word_1_65' title='bbox 1077 1002 1351 1067; x_wconf 89' lang='lat' dir='ltr'><strong>corripiunt</strong></span> <span class='ocrx_word' id='word_1_66' title='bbox 1383 1002 1580 1067; x_wconf 91' lang='lat' dir='ltr'><strong>impios.</strong></span> <span class='ocrx_word' id='word_1_67' title='bbox 1648 1002 1758 1053; x_wconf 91' lang='lat' dir='ltr'><strong>Non</strong></span> <span class='ocrx_word' id='word_1_68' title='bbox 1783 1004 1933 1053; x_wconf 87' lang='lat' dir='ltr'><strong>decet</strong></span> <span class='ocrx_word' id='word_1_69' title='bbox 1955 1020 2046 1053; x_wconf 91' lang='lat' dir='ltr'><strong>un-</strong></span> 
     </span>
     <span class='ocr_line' id='line_1_10' title="bbox 351 1080 2044 1147; baseline 0.004 -21"><span class='ocrx_word' id='word_1_70' title='bbox 351 1094 498 1142; x_wconf 89' lang='lat' dir='ltr'><strong>quam</strong></span> <span class='ocrx_word' id='word_1_71' title='bbox 546 1080 739 1147; x_wconf 85' lang='lat' dir='ltr'><strong>legibus</strong></span> <span class='ocrx_word' id='word_1_72' title='bbox 775 1081 1121 1145; x_wconf 80' lang='lat' dir='ltr'><strong>institutisque</strong></span> <span class='ocrx_word' id='word_1_73' title='bbox 1171 1082 1426 1146; x_wconf 79' lang='lat' dir='ltr'><strong>superiora</strong></span> <span class='ocrx_word' id='word_1_74' title='bbox 1475 1083 1691 1133; x_wconf 84' lang='lat' dir='ltr'><strong>sectari:</strong></span> <span class='ocrx_word' id='word_1_75' title='bbox 1741 1083 1863 1134; x_wconf 80' lang='lat' dir='ltr'><strong>levis</strong></span> <span class='ocrx_word' id='word_1_76' title='bbox 1911 1084 2044 1133; x_wconf 89' lang='lat' dir='ltr'><strong>enim</strong></span> 
     </span>
     <span class='ocr_line' id='line_1_11' title="bbox 343 1158 2044 1228; baseline 0.002 -21"><span class='ocrx_word' id='word_1_77' title='bbox 343 1158 569 1225; x_wconf 87' lang='lat' dir='ltr'><strong>impensa</strong></span> <span class='ocrx_word' id='word_1_78' title='bbox 604 1166 681 1210; x_wconf 89' lang='lat' dir='ltr'><strong>est</strong></span> <span class='ocrx_word' id='word_1_79' title='bbox 717 1160 884 1210; x_wconf 79' lang='lat' dir='ltr'><strong>valere</strong></span> <span class='ocrx_word' id='word_1_80' title='bbox 916 1162 965 1210; x_wconf 91' lang='lat' dir='ltr'><strong>id</strong></span> <span class='ocrx_word' id='word_1_81' title='bbox 1002 1168 1261 1225; x_wconf 89' lang='lat' dir='ltr'><strong>ratumque</strong></span> <span class='ocrx_word' id='word_1_82' title='bbox 1298 1178 1412 1211; x_wconf 89' lang='lat' dir='ltr'><strong>esse</strong></span> <span class='ocrx_word' id='word_1_83' title='bbox 1447 1162 1767 1226; x_wconf 78' lang='lat' dir='ltr'><strong>existimare,</strong></span> <span class='ocrx_word' id='word_1_84' title='bbox 1804 1162 2044 1228; x_wconf 84' lang='lat' dir='ltr'><strong>quidquid</strong></span> 
     </span>
     <span class='ocr_line' id='line_1_12' title="bbox 346 1237 2042 1307; baseline 0.002 -21"><span class='ocrx_word' id='word_1_85' title='bbox 346 1237 563 1289; x_wconf 87' lang='lat' dir='ltr'><strong>divinum</strong></span> <span class='ocrx_word' id='word_1_86' title='bbox 601 1244 679 1290; x_wconf 90' lang='lat' dir='ltr'><strong>est</strong></span> <span class='ocrx_word' id='word_1_87' title='bbox 712 1246 818 1290; x_wconf 90' lang='lat' dir='ltr'><strong>tum</strong></span> <span class='ocrx_word' id='word_1_88' title='bbox 864 1247 1092 1307; x_wconf 90' lang='lat' dir='ltr'><strong>tempore</strong></span> <span class='ocrx_word' id='word_1_89' title='bbox 1126 1242 1393 1307; x_wconf 87' lang='lat' dir='ltr'><strong>longinquo</strong></span> <span class='ocrx_word' id='word_1_90' title='bbox 1428 1248 1532 1292; x_wconf 89' lang='lat' dir='ltr'><strong>tum</strong></span> <span class='ocrx_word' id='word_1_91' title='bbox 1567 1249 1744 1293; x_wconf 88' lang='lat' dir='ltr'><strong>natura</strong></span> <span class='ocrx_word' id='word_1_92' title='bbox 1777 1243 2042 1292; x_wconf 84' lang='lat' dir='ltr'><strong>sancitum.</strong></span> 
     </span>
     <span class='ocr_line' id='line_1_13' title="bbox 344 1316 2046 1387; baseline 0.002 -20"><span class='ocrx_word' id='word_1_93' title='bbox 344 1316 492 1368; x_wconf 84' lang='lat' dir='ltr'><strong>Felix</strong></span> <span class='ocrx_word' id='word_1_94' title='bbox 539 1326 618 1369; x_wconf 89' lang='lat' dir='ltr'><strong>est</strong></span> <span class='ocrx_word' id='word_1_95' title='bbox 668 1321 751 1384; x_wconf 88' lang='lat' dir='ltr'><strong>qui</strong></span> <span class='ocrx_word' id='word_1_96' title='bbox 787 1337 849 1369; x_wconf 82' lang='lat' dir='ltr'><strong>ex</strong></span> <span class='ocrx_word' id='word_1_97' title='bbox 897 1325 1197 1386; x_wconf 77' lang='lat' dir='ltr'><strong>tempestate</strong></span> <span class='ocrx_word' id='word_1_98' title='bbox 1229 1323 1280 1371; x_wconf 89' lang='lat' dir='ltr'><strong>in</strong></span> <span class='ocrx_word' id='word_1_99' title='bbox 1317 1327 1514 1386; x_wconf 87' lang='lat' dir='ltr'><strong>portum</strong></span> <span class='ocrx_word' id='word_1_100' title='bbox 1550 1323 1752 1386; x_wconf 84' lang='lat' dir='ltr'><strong>effugit,</strong></span> <span class='ocrx_word' id='word_1_101' title='bbox 1798 1323 1923 1372; x_wconf 84' lang='lat' dir='ltr'><strong>felix</strong></span> <span class='ocrx_word' id='word_1_102' title='bbox 1957 1321 2046 1387; x_wconf 85' lang='lat' dir='ltr'><strong>qui</strong></span> 
     </span>
     <span class='ocr_line' id='line_1_14' title="bbox 343 1392 2043 1466; baseline 0.002 -19"><span class='ocrx_word' id='word_1_103' title='bbox 343 1413 605 1448; x_wconf 80' lang='lat' dir='ltr'><strong>aerumnas</strong></span> <span class='ocrx_word' id='word_1_104' title='bbox 642 1401 909 1464; x_wconf 88' lang='lat' dir='ltr'><strong>superavit.</strong></span> <span class='ocrx_word' id='word_1_105' title='bbox 978 1396 1174 1466; x_wconf 76' lang='lat' dir='ltr'><strong>Opibus</strong></span> <span class='ocrx_word' id='word_1_106' title='bbox 1210 1401 1410 1465; x_wconf 86' lang='lat' dir='ltr'><strong>quidem</strong></span> <span class='ocrx_word' id='word_1_107' title='bbox 1446 1392 1530 1450; x_wconf 87' lang='lat' dir='ltr'><strong>alii</strong></span> <span class='ocrx_word' id='word_1_108' title='bbox 1580 1402 1691 1451; x_wconf 88' lang='lat' dir='ltr'><strong>aliis</strong></span> <span class='ocrx_word' id='word_1_109' title='bbox 1725 1403 2043 1464; x_wconf 86' lang='lat' dir='ltr'><strong>antecellunt,</strong></span> 
     </span>
     <span class='ocr_line' id='line_1_15' title="bbox 346 1479 2044 1547; baseline 0.002 -20"><span class='ocrx_word' id='word_1_110' title='bbox 346 1483 399 1527; x_wconf 90' lang='lat' dir='ltr'><strong>et</strong></span> <span class='ocrx_word' id='word_1_111' title='bbox 432 1479 722 1528; x_wconf 86' lang='lat' dir='ltr'><strong>innumerae</strong></span> <span class='ocrx_word' id='word_1_112' title='bbox 758 1484 873 1528; x_wconf 91' lang='lat' dir='ltr'><strong>sunt</strong></span> <span class='ocrx_word' id='word_1_113' title='bbox 907 1495 1051 1545; x_wconf 88' lang='lat' dir='ltr'><strong>spes,</strong></span> <span class='ocrx_word' id='word_1_114' title='bbox 1103 1496 1309 1544; x_wconf 90' lang='lat' dir='ltr'><strong>quarum</strong></span> <span class='ocrx_word' id='word_1_115' title='bbox 1359 1481 1485 1529; x_wconf 90' lang='lat' dir='ltr'><strong>aliae</strong></span> <span class='ocrx_word' id='word_1_116' title='bbox 1522 1496 1819 1547; x_wconf 86' lang='lat' dir='ltr'><strong>prosperum</strong></span> <span class='ocrx_word' id='word_1_117' title='bbox 1854 1483 2044 1531; x_wconf 89' lang='lat' dir='ltr'><strong>habent</strong></span> 
     </span>
     <span class='ocr_line' id='line_1_16' title="bbox 348 1558 2042 1625; baseline 0.003 -18"><span class='ocrx_word' id='word_1_118' title='bbox 348 1564 611 1621; x_wconf 76' lang='lat' dir='ltr'><strong>eventum,</strong></span> <span class='ocrx_word' id='word_1_119' title='bbox 659 1558 784 1608; x_wconf 87' lang='lat' dir='ltr'><strong>aliae</strong></span> <span class='ocrx_word' id='word_1_120' title='bbox 816 1560 988 1610; x_wconf 88' lang='lat' dir='ltr'><strong>irritae</strong></span> <span class='ocrx_word' id='word_1_121' title='bbox 1022 1559 1231 1621; x_wconf 83' lang='lat' dir='ltr'><strong>cadunt3</strong></span> <span class='ocrx_word' id='word_1_122' title='bbox 1280 1560 1371 1609; x_wconf 89' lang='lat' dir='ltr'><strong>sed</strong></span> <span class='ocrx_word' id='word_1_123' title='bbox 1406 1561 1492 1625; x_wconf 87' lang='lat' dir='ltr'><strong>qui</strong></span> <span class='ocrx_word' id='word_1_124' title='bbox 1523 1561 1574 1611; x_wconf 91' lang='lat' dir='ltr'><strong>in</strong></span> <span class='ocrx_word' id='word_1_125' title='bbox 1609 1560 2042 1612; x_wconf 86' lang='lat' dir='ltr'><strong>diem-commode</strong></span> 
     </span>
     <span class='ocr_line' id='line_1_17' title="bbox 344 1638 860 1702; baseline 0.002 -15"><span class='ocrx_word' id='word_1_126' title='bbox 344 1638 483 1702; x_wconf 80' lang='lat' dir='ltr'><strong>vivit,</strong></span> <span class='ocrx_word' id='word_1_127' title='bbox 522 1640 696 1688; x_wconf 88' lang='lat' dir='ltr'><strong>beatus</strong></span> <span class='ocrx_word' id='word_1_128' title='bbox 732 1639 860 1690; x_wconf 87' lang='lat' dir='ltr'><strong>est.&#39;&#39;</strong></span> 
     </span>
    </p>

    <p class='ocr_par' dir='ltr' id='par_1_5' title="bbox 341 1717 2061 3147">
     <span class='ocr_line' id='line_1_18' title="bbox 478 1717 2043 1770; baseline 0.002 -4"><span class='ocrx_word' id='word_1_129' title='bbox 478 1718 657 1769; x_wconf 87' lang='lat' dir='ltr'><strong>Prodit</strong></span> <span class='ocrx_word' id='word_1_130' title='bbox 701 1736 763 1770; x_wconf 83' lang='lat' dir='ltr'><strong>ex</strong></span> <span class='ocrx_word' id='word_1_131' title='bbox 808 1719 1016 1770; x_wconf 89' lang='lat' dir='ltr'><strong>aedibus</strong></span> <span class='ocrx_word' id='word_1_132' title='bbox 1052 1717 1306 1769; x_wconf 86' lang='lat' dir='ltr'><strong>Pentheus</strong></span> <span class='ocrx_word' id='word_1_133' title='bbox 1348 1718 1536 1769; x_wconf 85' lang='lat' dir='ltr'><strong>vestitu</strong></span> <span class='ocrx_word' id='word_1_134' title='bbox 1571 1718 1804 1770; x_wconf 82' lang='lat' dir='ltr'><strong>muliebri</strong></span> <span class='ocrx_word' id='word_1_135' title='bbox 1838 1724 2043 1770; x_wconf 86' lang='lat' dir='ltr'><strong>ornatus</strong></span> 
     </span>
     <span class='ocr_line' id='line_1_19' title="bbox 346 1798 2045 1864; baseline 0 -16"><span class='ocrx_word' id='word_1_136' title='bbox 346 1804 398 1848; x_wconf 91' lang='lat' dir='ltr'><strong>et</strong></span> <span class='ocrx_word' id='word_1_137' title='bbox 445 1805 615 1849; x_wconf 89' lang='lat' dir='ltr'><strong>mente</strong></span> <span class='ocrx_word' id='word_1_138' title='bbox 662 1800 919 1850; x_wconf 80' lang='lat' dir='ltr'><strong>alienatus,</strong></span> <span class='ocrx_word' id='word_1_139' title='bbox 1011 1799 1271 1864; x_wconf 89' lang='lat' dir='ltr'><strong>Duplicem</strong></span> <span class='ocrx_word' id='word_1_140' title='bbox 1319 1800 1477 1849; x_wconf 86' lang='lat' dir='ltr'><strong>solem</strong></span> <span class='ocrx_word' id='word_1_141' title='bbox 1523 1798 1855 1864; x_wconf 84' lang='lat' dir='ltr'><strong>duplicesque</strong></span> <span class='ocrx_word' id='word_1_142' title='bbox 1903 1799 2045 1849; x_wconf 89' lang='lat' dir='ltr'><strong>The-</strong></span> 
     </span>
     <span class='ocr_line' id='line_1_20' title="bbox 342 1879 2061 1946; baseline 0.001 -18"><span class='ocrx_word' id='word_1_143' title='bbox 342 1880 435 1929; x_wconf 88' lang='lat' dir='ltr'><strong>bas</strong></span> <span class='ocrx_word' id='word_1_144' title='bbox 472 1880 735 1946; x_wconf 86' lang='lat' dir='ltr'><strong>adspicere</strong></span> <span class='ocrx_word' id='word_1_145' title='bbox 770 1882 864 1930; x_wconf 89' lang='lat' dir='ltr'><strong>sibi</strong></span> <span class='ocrx_word' id='word_1_146' title='bbox 908 1880 1108 1930; x_wconf 85' lang='lat' dir='ltr'><strong>videtur</strong></span> <span class='ocrx_word' id='word_1_147' title='bbox 1142 1879 1493 1943; x_wconf 87' lang='lat' dir='ltr'><strong>Bacchumque</strong></span> <span class='ocrx_word' id='word_1_148' title='bbox 1526 1881 1656 1929; x_wconf 87' lang='lat' dir='ltr'><strong>tauri</strong></span> <span class='ocrx_word' id='word_1_149' title='bbox 1692 1880 1863 1944; x_wconf 88' lang='lat' dir='ltr'><strong>specie</strong></span> <span class='ocrx_word' id='word_1_150' title='bbox 1897 1885 2061 1945; x_wconf 52' lang='lat' dir='ltr'><strong>prae-³</strong></span> 
     </span>
     <span class='ocr_line' id='line_1_21' title="bbox 344 1959 2046 2026; baseline 0.001 -17"><span class='ocrx_word' id='word_1_151' title='bbox 344 1959 535 2021; x_wconf 87' lang='lat' dir='ltr'><strong>ditum,</strong></span> <span class='ocrx_word' id='word_1_152' title='bbox 579 1966 632 2010; x_wconf 91' lang='lat' dir='ltr'><strong>et</strong></span> <span class='ocrx_word' id='word_1_153' title='bbox 666 1966 808 2026; x_wconf 86' lang='lat' dir='ltr'><strong>putat</strong></span> <span class='ocrx_word' id='word_1_154' title='bbox 841 1975 896 2009; x_wconf 91' lang='lat' dir='ltr'><strong>se</strong></span> <span class='ocrx_word' id='word_1_155' title='bbox 931 1960 1213 2010; x_wconf 88' lang='lat' dir='ltr'><strong>universum</strong></span> <span class='ocrx_word' id='word_1_156' title='bbox 1249 1966 1470 2009; x_wconf 89' lang='lat' dir='ltr'><strong>montem</strong></span> <span class='ocrx_word' id='word_1_157' title='bbox 1507 1960 1856 2011; x_wconf 79' lang='lat' dir='ltr'><strong>Cithaeronem</strong></span> <span class='ocrx_word' id='word_1_158' title='bbox 1892 1974 2046 2026; x_wconf 87' lang='lat' dir='ltr'><strong>posse</strong></span> 
     </span>
     <span class='ocr_line' id='line_1_22' title="bbox 345 2039 2044 2106; baseline 0 -18"><span class='ocrx_word' id='word_1_159' title='bbox 345 2055 460 2088; x_wconf 89' lang='lat' dir='ltr'><strong>cum</strong></span> <span class='ocrx_word' id='word_1_160' title='bbox 502 2040 625 2105; x_wconf 89' lang='lat' dir='ltr'><strong>ipsis</strong></span> <span class='ocrx_word' id='word_1_161' title='bbox 673 2040 886 2090; x_wconf 87' lang='lat' dir='ltr'><strong>Bacchis</strong></span> <span class='ocrx_word' id='word_1_162' title='bbox 935 2040 1162 2090; x_wconf 89' lang='lat' dir='ltr'><strong>humeris</strong></span> <span class='ocrx_word' id='word_1_163' title='bbox 1210 2041 1497 2106; x_wconf 90' lang='lat' dir='ltr'><strong>impositum</strong></span> <span class='ocrx_word' id='word_1_164' title='bbox 1543 2039 1760 2090; x_wconf 80' lang='lat' dir='ltr'><strong>auferre.</strong></span> <span class='ocrx_word' id='word_1_165' title='bbox 1838 2039 2044 2090; x_wconf 83' lang='lat' dir='ltr'><strong>Dissua-</strong></span> 
     </span>
     <span class='ocr_line' id='line_1_23' title="bbox 344 2119 2044 2186; baseline 0.001 -18"><span class='ocrx_word' id='word_1_166' title='bbox 344 2119 497 2169; x_wconf 92' lang='lat' dir='ltr'><strong>dente</strong></span> <span class='ocrx_word' id='word_1_167' title='bbox 542 2121 767 2182; x_wconf 78' lang='lat' dir='ltr'><strong>Baccho,</strong></span> <span class='ocrx_word' id='word_1_168' title='bbox 816 2136 880 2170; x_wconf 91' lang='lat' dir='ltr'><strong>ne</strong></span> <span class='ocrx_word' id='word_1_169' title='bbox 926 2119 1272 2185; x_wconf 79' lang='lat' dir='ltr'><strong>Nympharum</strong></span> <span class='ocrx_word' id='word_1_170' title='bbox 1315 2120 1565 2186; x_wconf 86' lang='lat' dir='ltr'><strong>Panisque</strong></span> <span class='ocrx_word' id='word_1_171' title='bbox 1616 2121 1789 2170; x_wconf 89' lang='lat' dir='ltr'><strong>sedem</strong></span> <span class='ocrx_word' id='word_1_172' title='bbox 1834 2123 2044 2181; x_wconf 71' lang='lat' dir='ltr'><strong>evertat,</strong></span> 
     </span>
     <span class='ocr_line' id='line_1_24' title="bbox 343 2199 2044 2265; baseline -0.001 -18"><span class='ocrx_word' id='word_1_173' title='bbox 343 2199 437 2247; x_wconf 87' lang='lat' dir='ltr'><strong>sub</strong></span> <span class='ocrx_word' id='word_1_174' title='bbox 472 2201 718 2249; x_wconf 88' lang='lat' dir='ltr'><strong>abietibus</strong></span> <span class='ocrx_word' id='word_1_175' title='bbox 754 2215 810 2248; x_wconf 89' lang='lat' dir='ltr'><strong>se</strong></span> <span class='ocrx_word' id='word_1_176' title='bbox 843 2201 970 2249; x_wconf 84' lang='lat' dir='ltr'><strong>velle</strong></span> <span class='ocrx_word' id='word_1_177' title='bbox 1005 2216 1190 2265; x_wconf 88' lang='lat' dir='ltr'><strong>corpus</strong></span> <span class='ocrx_word' id='word_1_178' title='bbox 1226 2201 1480 2250; x_wconf 90' lang='lat' dir='ltr'><strong>occultare</strong></span> <span class='ocrx_word' id='word_1_179' title='bbox 1515 2200 1637 2248; x_wconf 90' lang='lat' dir='ltr'><strong>dicit</strong></span> <span class='ocrx_word' id='word_1_180' title='bbox 1671 2207 1722 2249; x_wconf 90' lang='lat' dir='ltr'><strong>et</strong></span> <span class='ocrx_word' id='word_1_181' title='bbox 1747 2200 1891 2264; x_wconf 88' lang='lat' dir='ltr'><strong>quasi</strong></span> <span class='ocrx_word' id='word_1_182' title='bbox 1925 2213 2044 2248; x_wconf 81' lang='lat' dir='ltr'><strong>aves</strong></span> 
     </span>
     <span class='ocr_line' id='line_1_25' title="bbox 342 2278 2044 2329; baseline -0.001 -2"><span class='ocrx_word' id='word_1_183' title='bbox 342 2278 395 2328; x_wconf 86' lang='lat' dir='ltr'><strong>in</strong></span> <span class='ocrx_word' id='word_1_184' title='bbox 429 2279 559 2327; x_wconf 90' lang='lat' dir='ltr'><strong>nidis</strong></span> <span class='ocrx_word' id='word_1_185' title='bbox 595 2280 820 2328; x_wconf 85' lang='lat' dir='ltr'><strong>Bacchas</strong></span> <span class='ocrx_word' id='word_1_186' title='bbox 854 2280 984 2328; x_wconf 93' lang='lat' dir='ltr'><strong>inter</strong></span> <span class='ocrx_word' id='word_1_187' title='bbox 1018 2280 1221 2328; x_wconf 89' lang='lat' dir='ltr'><strong>arbusta</strong></span> <span class='ocrx_word' id='word_1_188' title='bbox 1253 2280 1606 2328; x_wconf 87' lang='lat' dir='ltr'><strong>recumbentes</strong></span> <span class='ocrx_word' id='word_1_189' title='bbox 1641 2280 1842 2329; x_wconf 89' lang='lat' dir='ltr'><strong>intueri.</strong></span> <span class='ocrx_word' id='word_1_190' title='bbox 1909 2278 2044 2327; x_wconf 87' lang='lat' dir='ltr'><strong>Inter</strong></span> 
     </span>
     <span class='ocr_line' id='line_1_26' title="bbox 342 2357 2043 2409; baseline -0.003 0"><span class='ocrx_word' id='word_1_191' title='bbox 342 2359 440 2409; x_wconf 89' lang='lat' dir='ltr'><strong>hos</strong></span> <span class='ocrx_word' id='word_1_192' title='bbox 488 2375 747 2408; x_wconf 89' lang='lat' dir='ltr'><strong>sermones</strong></span> <span class='ocrx_word' id='word_1_193' title='bbox 785 2358 1010 2407; x_wconf 90' lang='lat' dir='ltr'><strong>Bacchus</strong></span> <span class='ocrx_word' id='word_1_194' title='bbox 1045 2362 1273 2406; x_wconf 90' lang='lat' dir='ltr'><strong>ornatum</strong></span> <span class='ocrx_word' id='word_1_195' title='bbox 1316 2357 1486 2405; x_wconf 89' lang='lat' dir='ltr'><strong>vesani</strong></span> <span class='ocrx_word' id='word_1_196' title='bbox 1532 2358 1883 2406; x_wconf 83' lang='lat' dir='ltr'><strong>vehementius</strong></span> <span class='ocrx_word' id='word_1_197' title='bbox 1927 2372 2043 2406; x_wconf 86' lang='lat' dir='ltr'><strong>cor-</strong></span> 
     </span>
     <span class='ocr_line' id='line_1_27' title="bbox 342 2436 2043 2504; baseline -0.002 -15"><span class='ocrx_word' id='word_1_198' title='bbox 342 2455 439 2504; x_wconf 86' lang='lat' dir='ltr'><strong>pus</strong></span> <span class='ocrx_word' id='word_1_199' title='bbox 481 2440 912 2504; x_wconf 88' lang='lat' dir='ltr'><strong>importuniusque</strong></span> <span class='ocrx_word' id='word_1_200' title='bbox 958 2437 1186 2485; x_wconf 86' lang='lat' dir='ltr'><strong>iactantis</strong></span> <span class='ocrx_word' id='word_1_201' title='bbox 1234 2437 1490 2502; x_wconf 87' lang='lat' dir='ltr'><strong>componit</strong></span> <span class='ocrx_word' id='word_1_202' title='bbox 1534 2443 1584 2486; x_wconf 88' lang='lat' dir='ltr'><strong>et</strong></span> <span class='ocrx_word' id='word_1_203' title='bbox 1618 2438 1870 2486; x_wconf 84' lang='lat' dir='ltr'><strong>collaudat</strong></span> <span class='ocrx_word' id='word_1_204' title='bbox 1901 2436 2043 2486; x_wconf 83' lang='lat' dir='ltr'><strong>furo-</strong></span> 
     </span>
     <span class='ocr_line' id='line_1_28' title="bbox 341 2515 2046 2582; baseline -0.002 -13"><span class='ocrx_word' id='word_1_205' title='bbox 341 2536 450 2569; x_wconf 88' lang='lat' dir='ltr'><strong>rem</strong></span> <span class='ocrx_word' id='word_1_206' title='bbox 487 2520 595 2569; x_wconf 92' lang='lat' dir='ltr'><strong>eius</strong></span> <span class='ocrx_word' id='word_1_207' title='bbox 630 2518 900 2581; x_wconf 87' lang='lat' dir='ltr'><strong>multisque</strong></span> <span class='ocrx_word' id='word_1_208' title='bbox 934 2517 1162 2580; x_wconf 82' lang='lat' dir='ltr'><strong>ambigue</strong></span> <span class='ocrx_word' id='word_1_209' title='bbox 1196 2515 1375 2574; x_wconf 79' lang='lat' dir='ltr'><strong>dictis,</strong></span> <span class='ocrx_word' id='word_1_210' title='bbox 1424 2517 1541 2566; x_wconf 89' lang='lat' dir='ltr'><strong>dum</strong></span> <span class='ocrx_word' id='word_1_211' title='bbox 1577 2533 1671 2582; x_wconf 89' lang='lat' dir='ltr'><strong>per</strong></span> <span class='ocrx_word' id='word_1_212' title='bbox 1702 2518 1919 2566; x_wconf 88' lang='lat' dir='ltr'><strong>mediam</strong></span> <span class='ocrx_word' id='word_1_213' title='bbox 1954 2533 2046 2567; x_wconf 88' lang='lat' dir='ltr'><strong>nr·-</strong></span> 
     </span>
     <span class='ocr_line' id='line_1_29' title="bbox 343 2596 2045 2664; baseline -0.002 -15"><span class='ocrx_word' id='word_1_214' title='bbox 343 2600 460 2650; x_wconf 89' lang='lat' dir='ltr'><strong>bem</strong></span> <span class='ocrx_word' id='word_1_215' title='bbox 495 2599 790 2664; x_wconf 83' lang='lat' dir='ltr'><strong>gloriantem</strong></span> <span class='ocrx_word' id='word_1_216' title='bbox 825 2596 983 2655; x_wconf 84' lang='lat' dir='ltr'><strong>ducit,</strong></span> <span class='ocrx_word' id='word_1_217' title='bbox 1017 2596 1175 2645; x_wconf 86' lang='lat' dir='ltr'><strong>fatum</strong></span> <span class='ocrx_word' id='word_1_218' title='bbox 1203 2596 1571 2646; x_wconf 89' lang='lat' dir='ltr'><strong>atrocissimum</strong></span> <span class='ocrx_word' id='word_1_219' title='bbox 1597 2597 1857 2662; x_wconf 86' lang='lat' dir='ltr'><strong>praedicit.</strong></span> <span class='ocrx_word' id='word_1_220' title='bbox 1901 2597 2045 2646; x_wconf 85' lang='lat' dir='ltr'><strong>Haec</strong></span> 
     </span>
     <span class='ocr_line' id='line_1_30' title="bbox 344 2676 2045 2740; baseline -0.002 -11"><span class='ocrx_word' id='word_1_221' title='bbox 344 2681 476 2730; x_wconf 89' lang='lat' dir='ltr'><strong>actio</strong></span> <span class='ocrx_word' id='word_1_222' title='bbox 511 2678 757 2727; x_wconf 89' lang='lat' dir='ltr'><strong>eiusmodi</strong></span> <span class='ocrx_word' id='word_1_223' title='bbox 791 2683 887 2740; x_wconf 82' lang='lat' dir='ltr'><strong>est,</strong></span> <span class='ocrx_word' id='word_1_224' title='bbox 922 2682 979 2726; x_wconf 91' lang='lat' dir='ltr'><strong>ut</strong></span> <span class='ocrx_word' id='word_1_225' title='bbox 1011 2677 1061 2725; x_wconf 93' lang='lat' dir='ltr'><strong>in</strong></span> <span class='ocrx_word' id='word_1_226' title='bbox 1096 2676 1368 2740; x_wconf 86' lang='lat' dir='ltr'><strong>spectanda</strong></span> <span class='ocrx_word' id='word_1_227' title='bbox 1402 2692 1460 2725; x_wconf 91' lang='lat' dir='ltr'><strong>ea</strong></span> <span class='ocrx_word' id='word_1_228' title='bbox 1495 2677 1751 2725; x_wconf 90' lang='lat' dir='ltr'><strong>miseratio</strong></span> <span class='ocrx_word' id='word_1_229' title='bbox 1791 2693 1903 2726; x_wconf 91' lang='lat' dir='ltr'><strong>cum</strong></span> <span class='ocrx_word' id='word_1_230' title='bbox 1937 2677 2045 2726; x_wconf 88' lang='lat' dir='ltr'><strong>risu</strong></span> 
     </span>
     <span class='ocr_line' id='line_1_31' title="bbox 346 2755 2045 2825; baseline -0.002 -17"><span class='ocrx_word' id='word_1_231' title='bbox 346 2759 490 2825; x_wconf 89' lang='lat' dir='ltr'><strong>quasi</strong></span> <span class='ocrx_word' id='word_1_232' title='bbox 523 2759 863 2808; x_wconf 84' lang='lat' dir='ltr'><strong>conflictetur:</strong></span> <span class='ocrx_word' id='word_1_233' title='bbox 899 2774 1012 2806; x_wconf 92' lang='lat' dir='ltr'><strong>nam</strong></span> <span class='ocrx_word' id='word_1_234' title='bbox 1047 2772 1201 2820; x_wconf 88' lang='lat' dir='ltr'><strong>quum</strong></span> <span class='ocrx_word' id='word_1_235' title='bbox 1233 2755 1443 2804; x_wconf 88' lang='lat' dir='ltr'><strong>ridicula</strong></span> <span class='ocrx_word' id='word_1_236' title='bbox 1478 2758 1545 2805; x_wconf 89' lang='lat' dir='ltr'><strong>sit</strong></span> <span class='ocrx_word' id='word_1_237' title='bbox 1577 2756 1854 2806; x_wconf 82' lang='lat' dir='ltr'><strong>ludificatio</strong></span> <span class='ocrx_word' id='word_1_238' title='bbox 1881 2756 2045 2805; x_wconf 88' lang='lat' dir='ltr'><strong>homi-</strong></span> 
     </span>
     <span class='ocr_line' id='line_1_32' title="bbox 344 2835 2043 2903; baseline -0.002 -14"><span class='ocrx_word' id='word_1_239' title='bbox 344 2840 423 2890; x_wconf 88' lang='lat' dir='ltr'><strong>nis</strong></span> <span class='ocrx_word' id='word_1_240' title='bbox 459 2839 597 2903; x_wconf 89' lang='lat' dir='ltr'><strong>impii</strong></span> <span class='ocrx_word' id='word_1_241' title='bbox 630 2838 1018 2901; x_wconf 76' lang='lat' dir='ltr'><strong>insolentiaque,</strong></span> <span class='ocrx_word' id='word_1_242' title='bbox 1063 2842 1169 2885; x_wconf 85' lang='lat' dir='ltr'><strong>tum</strong></span> <span class='ocrx_word' id='word_1_243' title='bbox 1205 2835 1353 2898; x_wconf 80' lang='lat' dir='ltr'><strong>mali,</strong></span> <span class='ocrx_word' id='word_1_244' title='bbox 1405 2836 1484 2884; x_wconf 90' lang='lat' dir='ltr'><strong>cui</strong></span> <span class='ocrx_word' id='word_1_245' title='bbox 1518 2837 1808 2901; x_wconf 88' lang='lat' dir='ltr'><strong>imprudens</strong></span> <span class='ocrx_word' id='word_1_246' title='bbox 1840 2842 1894 2884; x_wconf 86' lang='lat' dir='ltr'><strong>et</strong></span> <span class='ocrx_word' id='word_1_247' title='bbox 1929 2852 2043 2885; x_wconf 90' lang='lat' dir='ltr'><strong>cum</strong></span> 
     </span>
     <span class='ocr_line' id='line_1_33' title="bbox 344 2916 2043 2984; baseline -0.002 -16"><span class='ocrx_word' id='word_1_248' title='bbox 344 2920 640 2984; x_wconf 84' lang='lat' dir='ltr'><strong>gloriatione</strong></span> <span class='ocrx_word' id='word_1_249' title='bbox 698 2918 889 2967; x_wconf 89' lang='lat' dir='ltr'><strong>obviam</strong></span> <span class='ocrx_word' id='word_1_250' title='bbox 950 2917 1316 2982; x_wconf 83' lang='lat' dir='ltr'><strong>proficiscitur,</strong></span> <span class='ocrx_word' id='word_1_251' title='bbox 1377 2917 1614 2965; x_wconf 88' lang='lat' dir='ltr'><strong>atrocitas</strong></span> <span class='ocrx_word' id='word_1_252' title='bbox 1671 2916 2043 2965; x_wconf 89' lang='lat' dir='ltr'><strong>miserationem</strong></span> 
     </span>
     <span class='ocr_line' id='line_1_34' title="bbox 346 2996 2042 3062; baseline -0.003 -12"><span class='ocrx_word' id='word_1_253' title='bbox 346 3003 529 3050; x_wconf 87' lang='lat' dir='ltr'><strong>movet.</strong></span> <span class='ocrx_word' id='word_1_254' title='bbox 612 2998 714 3047; x_wconf 87' lang='lat' dir='ltr'><strong>Sed</strong></span> <span class='ocrx_word' id='word_1_255' title='bbox 759 2998 980 3062; x_wconf 88' lang='lat' dir='ltr'><strong>quamvis</strong></span> <span class='ocrx_word' id='word_1_256' title='bbox 1029 3002 1216 3045; x_wconf 91' lang='lat' dir='ltr'><strong>sortem</strong></span> <span class='ocrx_word' id='word_1_257' title='bbox 1266 2996 1476 3045; x_wconf 84' lang='lat' dir='ltr'><strong>Penthei</strong></span> <span class='ocrx_word' id='word_1_258' title='bbox 1510 2997 1723 3045; x_wconf 82' lang='lat' dir='ltr'><strong>humane</strong></span> <span class='ocrx_word' id='word_1_259' title='bbox 1769 2996 2042 3056; x_wconf 73' lang='lat' dir='ltr'><strong>doleamu8‚</strong></span> 
     </span>
     <span class='ocr_line' id='line_1_35' title="bbox 348 3076 1925 3147; baseline -0.001 -18"><span class='ocrx_word' id='word_1_260' title='bbox 348 3080 500 3147; x_wconf 80' lang='lat' dir='ltr'><strong>digne</strong></span> <span class='ocrx_word' id='word_1_261' title='bbox 534 3084 703 3128; x_wconf 88' lang='lat' dir='ltr'><strong>tamen</strong></span> <span class='ocrx_word' id='word_1_262' title='bbox 738 3077 968 3126; x_wconf 90' lang='lat' dir='ltr'><strong>accidere</strong></span> <span class='ocrx_word' id='word_1_263' title='bbox 1002 3076 1050 3124; x_wconf 93' lang='lat' dir='ltr'><strong>ei</strong></span> <span class='ocrx_word' id='word_1_264' title='bbox 1086 3076 1326 3141; x_wconf 89' lang='lat' dir='ltr'><strong>quidquid</strong></span> <span class='ocrx_word' id='word_1_265' title='bbox 1363 3077 1556 3126; x_wconf 88' lang='lat' dir='ltr'><strong>accidat</strong></span> <span class='ocrx_word' id='word_1_266' title='bbox 1588 3076 1925 3139; x_wconf 77' lang='lat' dir='ltr'><strong>intelligimus·</strong></span> 
     </span>
    </p>

    <p class='ocr_par' dir='ltr' id='par_1_6' title="bbox 346 3154 2043 3545">
     <span class='ocr_line' id='line_1_36' title="bbox 458 3154 2043 3221; baseline -0.003 -13"><span class='ocrx_word' id='word_1_267' title='bbox 458 3158 722 3208; x_wconf 76' lang='lat' dir='ltr'><strong>&#39;Abeuntis</strong></span> <span class='ocrx_word' id='word_1_268' title='bbox 768 3175 798 3207; x_wconf 93' lang='lat' dir='ltr'><strong>e</strong></span> <span class='ocrx_word' id='word_1_269' title='bbox 843 3159 1114 3221; x_wconf 89' lang='lat' dir='ltr'><strong>conspectu</strong></span> <span class='ocrx_word' id='word_1_270' title='bbox 1159 3157 1341 3206; x_wconf 89' lang='lat' dir='ltr'><strong>Bacchi</strong></span> <span class='ocrx_word' id='word_1_271' title='bbox 1385 3173 1482 3206; x_wconf 72' lang='lat' dir='ltr'><strong>vox</strong></span> <span class='ocrx_word' id='word_1_272' title='bbox 1528 3157 1725 3205; x_wconf 85' lang='lat' dir='ltr'><strong>auditur</strong></span> <span class='ocrx_word' id='word_1_273' title='bbox 1771 3154 2043 3204; x_wconf 88' lang='lat' dir='ltr'><strong>Maenadas</strong></span> 
     </span>
     <span class='ocr_line' id='line_1_37' title="bbox 346 3234 2043 3301; baseline -0.004 -12"><span class='ocrx_word' id='word_1_274' title='bbox 346 3238 638 3289; x_wconf 74' lang='lat' dir='ltr'><strong>advocantis</strong></span> <span class='ocrx_word' id='word_1_275' title='bbox 674 3243 725 3286; x_wconf 90' lang='lat' dir='ltr'><strong>et</strong></span> <span class='ocrx_word' id='word_1_276' title='bbox 759 3238 809 3285; x_wconf 92' lang='lat' dir='ltr'><strong>in</strong></span> <span class='ocrx_word' id='word_1_277' title='bbox 844 3238 980 3301; x_wconf 88' lang='lat' dir='ltr'><strong>ipsas</strong></span> <span class='ocrx_word' id='word_1_278' title='bbox 1015 3251 1173 3300; x_wconf 87' lang='lat' dir='ltr'><strong>paene</strong></span> <span class='ocrx_word' id='word_1_279' title='bbox 1207 3253 1379 3286; x_wconf 90' lang='lat' dir='ltr'><strong>manus</strong></span> <span class='ocrx_word' id='word_1_280' title='bbox 1415 3253 1587 3287; x_wconf 89' lang='lat' dir='ltr'><strong>earum</strong></span> <span class='ocrx_word' id='word_1_281' title='bbox 1621 3236 1896 3284; x_wconf 87' lang='lat' dir='ltr'><strong>Pentheum</strong></span> <span class='ocrx_word' id='word_1_282' title='bbox 1931 3234 2043 3283; x_wconf 88' lang='lat' dir='ltr'><strong>dis·</strong></span> 
     </span>
     <span class='ocr_line' id='line_1_38' title="bbox 347 3314 2042 3384; baseline -0.003 -15"><span class='ocrx_word' id='word_1_283' title='bbox 347 3318 655 3384; x_wconf 87' lang='lat' dir='ltr'><strong>cerpendum</strong></span> <span class='ocrx_word' id='word_1_284' title='bbox 700 3318 962 3367; x_wconf 79' lang='lat' dir='ltr'><strong>tradentis,</strong></span> <span class='ocrx_word' id='word_1_285' title='bbox 1043 3317 1253 3366; x_wconf 86' lang='lat' dir='ltr'><strong>Accedit</strong></span> <span class='ocrx_word' id='word_1_286' title='bbox 1299 3321 1470 3367; x_wconf 88' lang='lat' dir='ltr'><strong>cantus</strong></span> <span class='ocrx_word' id='word_1_287' title='bbox 1505 3316 1676 3365; x_wconf 89' lang='lat' dir='ltr'><strong>chori:</strong></span> <span class='ocrx_word' id='word_1_288' title='bbox 1742 3315 1817 3364; x_wconf 88' lang='lat' dir='ltr'><strong>lte</strong></span> <span class='ocrx_word' id='word_1_289' title='bbox 1849 3314 2042 3364; x_wconf 85' lang='lat' dir='ltr'><strong>celeres</strong></span> 
     </span>
     <span class='ocr_line' id='line_1_39' title="bbox 350 3395 2041 3461; baseline -0.004 -12"><span class='ocrx_word' id='word_1_290' title='bbox 350 3398 637 3449; x_wconf 15' lang='lat' dir='ltr'><strong>Furiarum*</strong></span> <span class='ocrx_word' id='word_1_291' title='bbox 662 3413 813 3448; x_wconf 86' lang='lat' dir='ltr'><strong>canes</strong></span> <span class='ocrx_word' id='word_1_292' title='bbox 847 3398 912 3447; x_wconf 91' lang='lat' dir='ltr'><strong>ad</strong></span> <span class='ocrx_word' id='word_1_293' title='bbox 947 3395 1125 3446; x_wconf 81' lang='lat' dir='ltr'><strong>Cadmi</strong></span> <span class='ocrx_word' id='word_1_294' title='bbox 1168 3397 1298 3446; x_wconf 86' lang='lat' dir='ltr'><strong>filias</strong></span> <span class='ocrx_word' id='word_1_295' title='bbox 1332 3398 1383 3446; x_wconf 90' lang='lat' dir='ltr'><strong>in</strong></span> <span class='ocrx_word' id='word_1_296' title='bbox 1417 3397 1666 3448; x_wconf 90' lang='lat' dir='ltr'><strong>montibus</strong></span> <span class='ocrx_word' id='word_1_297' title='bbox 1699 3399 2041 3461; x_wconf 80' lang='lat' dir='ltr'><strong>congregatas,</strong></span> 
     </span>
     <span class='ocr_line' id='line_1_40' title="bbox 348 3471 2043 3545; baseline -0.004 -15"><span class='ocrx_word' id='word_1_298' title='bbox 348 3471 671 3531; x_wconf 60' lang='lat' dir='ltr'><strong>exstimulata</strong></span> <span class='ocrx_word' id='word_1_299' title='bbox 723 3492 812 3530; x_wconf 84' lang='lat' dir='ltr'><strong>eas</strong></span> <span class='ocrx_word' id='word_1_300' title='bbox 871 3481 1046 3528; x_wconf 89' lang='lat' dir='ltr'><strong>contra</strong></span> <span class='ocrx_word' id='word_1_301' title='bbox 1100 3477 1466 3545; x_wconf 84' lang='lat' dir='ltr'><strong>speculatorem</strong></span> <span class='ocrx_word' id='word_1_302' title='bbox 1519 3490 1756 3529; x_wconf 85' lang='lat' dir='ltr'><strong>vesanum</strong></span> <span class='ocrx_word' id='word_1_303' title='bbox 1808 3472 2043 3526; x_wconf 88' lang='lat' dir='ltr'><strong>muliebri</strong></span> 
     </span>
    </p>
   </div>
   <div class='ocr_carea' id='block_1_3' title="bbox 1392 682 2050 908">
    <p class='ocr_par' dir='ltr' id='par_1_7' title="bbox 1392 682 2050 908">
     <span class='ocr_line' id='line_1_41' title="bbox 1392 682 2050 813; baseline 0 -30"><span class='ocrx_word' id='word_1_304' title='bbox 1392 682 2050 813; x_wconf 95' lang='lat' dir='ltr'><strong>    </strong></span> 
     </span>
     <span class='ocr_line' id='line_1_42' title="bbox 1580 813 2050 908; baseline 0 2958"><span class='ocrx_word' id='word_1_305' title='bbox 1580 813 2050 908; x_wconf 95' lang='lat' dir='ltr'><strong> </strong></span> 
     </span>
    </p>
   </div>
  </div>
 </body>
</html>
