2170 3866
1133 247 1259 307 506

472 394 682 462 Μνῆμα
713 392 812 459 μὲν
836 386 1024 455 Ἑλλὰς
1057 392 1218 446 ἅπασ’
1252 395 1587 461 Εὐριπίδου,
1633 396 1789 450 ὀστέα
1822 396 1872 450 δ’
1903 398 2036 464 ἴσχει

532 476 602 543 γῆ
635 474 929 527 Μακεδών·
965 467 1003 541 ’ᾖ
1034 474 1139 543 γὰρ
1175 474 1360 539 δέξατο
1393 475 1559 543 τέρμα
1594 476 1748 544 βίου·

473 551 662 621 πατρὶς
720 554 769 607 δ’
822 548 1078 619 Ἑλλάδος
1126 550 1313 618 Ἑλλὰς
1360 553 1618 627 Ἀθῆναι·
1693 558 1909 611 πλεῖστα
1977 555 2037 610 δὲ

1165 638 1400 700 Μούσας

534 712 747 781 τέρψεις,
783 711 841 768 ἐκ
874 718 1090 770 πολλῶν
1123 717 1215 770 καὶ
1246 719 1344 771 τὸν
1378 717 1602 772 ἔπαινον
1635 717 1750 789 ἔχει.

339 795 434 847 Cui
467 797 683 846 vicinum
715 814 916 848 sensum
951 800 1163 850 alterum
1200 802 1404 851 exhibet
1440 803 1770 868 epigramma:

478 874 638 928 ἅπασ’
667 869 863 943 Ἀχαιὶς
896 882 1081 948 μνῆμα
1115 881 1212 932 σόν
1245 883 1314 948 γ’,
1350 880 1639 949 Εὐριπίδη,

475 959 683 1009 οὔκουν
716 960 960 1024 ἄφωνον,
997 960 1108 1012 ἀλλ’
1145 961 1224 1012 ἀεὶ
1257 962 1556 1029 λαλητικόν.

337 1039 467 1088 Ossa
501 1040 755 1106 Euripidis
794 1040 979 1091 frustra
1013 1046 1072 1092 ab
1109 1044 1499 1093 Atheniensibus
1535 1059 1626 1109 per
1658 1042 1851 1106 legatos
1887 1055 2032 1105 repe-

336 1119 430 1168 tita
477 1137 594 1169 esse
641 1121 764 1171 dicit
810 1121 1005 1171 Gellius
1041 1123 1152 1184 XV,
1187 1126 1300 1184 20.,
1349 1126 1564 1173 maximo
1610 1124 1743 1173 enim
1789 1131 2034 1171 consensu

333 1198 641 1249 Macedones
676 1201 727 1249 in
761 1218 819 1250 ea
853 1218 908 1252 re
944 1205 1234 1267 deneganda
1269 1204 1566 1270 perstitisse.

465 1280 559 1329 His
595 1281 659 1329 de
691 1288 855 1331 morte
883 1283 1142 1348 Euripidis
1179 1285 1456 1349 explicatis,
1491 1287 1650 1333 restat
1674 1287 1727 1331 ut
1755 1281 1819 1331 de
1845 1280 2032 1330 Arche-

332 1359 400 1410 lai
434 1361 647 1410 amicitia
680 1378 806 1425 quae
839 1363 1023 1412 tradita
1059 1368 1175 1412 sunt
1208 1365 1506 1413 referamus.
1575 1363 1794 1412 Primum
1830 1359 2032 1424 Euripi-

335 1439 412 1489 dis
446 1446 639 1502 aetate,
686 1447 738 1491 et
773 1443 974 1506 quidem
1011 1443 1108 1492 hoc
1142 1445 1354 1493 maxime
1388 1449 1618 1503 auctore,
1654 1442 1872 1512 eruditio
1910 1454 2029 1488 con-

335 1527 580 1570 summata
622 1528 673 1570 et
717 1523 766 1571 in
798 1528 988 1571 tantum
1030 1524 1217 1586 fastigii
1259 1529 1428 1574 evecta
1474 1528 1580 1583 est,
1627 1527 1696 1577 uk
1719 1521 2029 1570 Graecorum

333 1601 592 1652 hominum
647 1608 907 1668 angustam
961 1604 1292 1669 cognitionem
1342 1610 1396 1652 et
1441 1604 1698 1668 opiniones
1747 1602 1810 1650 iis
1857 1601 2030 1649 insitas

333 1682 678 1745 egrederetur.
734 1684 846 1745 Quo
881 1689 1148 1749 postquam
1176 1685 1420 1748 pervenit,
1455 1699 1604 1749 supra
1634 1681 1877 1730 Graeciae
1902 1680 2030 1728 fines

333 1762 619 1812 necessario
652 1763 842 1827 prolata
876 1770 967 1812 est.
1035 1764 1102 1812 Et
1138 1764 1285 1829 primi
1319 1765 1518 1828 quidem
1555 1763 1876 1823 MacedoneS‚
1913 1776 2031 1826 pro-

334 1842 507 1907 pinqui
554 1842 761 1892 Graecis
809 1850 858 1892 et
893 1844 1273 1909 consanguinei,
1319 1846 1368 1894 in
1410 1844 1742 1894 hereditatem
1790 1843 2032 1892 bonorum

334 1922 398 1971 ab
432 1922 530 1970 illis
566 1927 826 1985 partorum
860 1930 1245 1984 successerunt3
1281 1925 1431 1974 iidem
1467 1926 1529 1973 ad
1556 1923 1826 1973 vincendos
1856 1922 2031 1971 barba-

333 2018 419 2051 ros
456 2018 513 2050 ac
548 2002 895 2067 divulgandum
932 2020 1024 2067 per
1047 2004 1335 2053 orientalem
1369 2005 1503 2053 orbis
1531 2010 1726 2069 partem
1750 2017 2032 2052 sermonem

337 2081 587 2131 Graecum
636 2097 749 2132 cum
785 2084 1065 2133 eruditione
1098 2088 1148 2132 et
1183 2084 1360 2132 artium
1397 2084 1679 2134 liberalium
1715 2082 1880 2131 studio
1915 2080 2032 2129 fatis

332 2162 727 2212 destinabantur.
820 2163 1130 2213 Graecarum
1182 2165 1403 2228 gentium
1463 2180 1669 2213 numero
1724 2161 2030 2211 Macedones

332 2241 551 2292 habendi
587 2247 704 2290 sunt
751 2247 803 2290 et
835 2243 1069 2307 quicquid
1104 2261 1273 2292 rerum
1310 2250 1575 2309 gesserunt
1609 2245 1916 2293 Graecorum
1950 2256 2029 2288 re·
2062 2277 2068 2282 .

333 2321 430 2372 bus
477 2322 843 2370 accensendum
889 2329 980 2373 est.
1050 2323 1235 2372 Errant
1277 2323 1433 2387 igitur
1466 2323 1551 2385 qui
1587 2322 1884 2370 exstinctam
1915 2335 2030 2367 esse

336 2401 578 2452 Graeciae
612 2402 818 2465 gloriam
853 2403 1044 2466 proelio
1090 2404 1224 2466 apud
1270 2402 1613 2451 Chaeroneam
1658 2401 1792 2450 facto
1835 2403 2028 2463 putant,

336 2499 435 2548 quo
470 2483 659 2547 proelio
695 2483 758 2531 ad
789 2483 1096 2532 Macedones
1131 2483 1439 2547 principatus
1475 2483 1535 2530 ab
1568 2483 1657 2540 iis,
1694 2481 1778 2546 qui
1812 2479 2029 2530 tenendo

335 2564 384 2613 ei
415 2564 576 2612 minus
612 2563 780 2611 idonei
816 2568 974 2624 erant,
1015 2562 1272 2613 Thebanis
1308 2563 1820 2625 Atheniensibusque,
1867 2565 2031 2608 trans-

331 2644 462 2692 latus
496 2643 729 2708 factaque
765 2650 992 2709 potestas
1028 2649 1108 2693 est
1142 2643 1562 2708 perficiendorum
1599 2658 1790 2702 eorum,
1826 2655 1952 2706 quae
1981 2644 2059 2705 et·

332 2725 594 2788 Agesilaus
646 2724 795 2773 rebus
845 2725 1078 2787 gerendis
1127 2730 1180 2772 et
1226 2723 1471 2772 Isocrates
1520 2724 1734 2771 dicendo
1770 2726 1821 2770 et
1854 2734 2028 2770 omnes

335 2806 564 2854 omnibus
598 2804 909 2868 temporibus
945 2805 1062 2852 boni
1097 2804 1304 2852 efficere
1340 2804 1505 2853 conati
1539 2808 1697 2852 erant.
1962 2812 1963 2815 ’

469 2885 603 2933 Utile
639 2889 717 2932 est
749 2886 1037 2933 recentibus
1073 2885 1271 2947 antiqua
1305 2890 1356 2932 et
1389 2883 1606 2948 antiquis
1640 2882 1859 2931 recentia
1894 2895 2030 2928 com-

336 2981 541 3030 ponere.
613 2965 1043 3026 Quemadmodum
1079 2966 1228 3027 igitur
1274 2965 1439 3012 medio
1485 2963 1645 3012 nostri
1692 2961 1866 3027 populi
1910 2975 2030 3008 aevo

337 3044 590 3093 saeculum
626 3045 693 3106 id,
730 3045 859 3107 quod
900 3052 951 3093 et
982 3045 1237 3093 Persicum
1266 3044 1450 3092 bellum
1478 3047 1531 3091 et
1555 3041 2029 3106 Peloponnesiacum

341 3124 486 3186 vidit,
531 3124 694 3172 simile
726 3124 836 3185 fuit,
871 3125 938 3173 ita
974 3129 1198 3188 tempora
1235 3141 1310 3183 ea,
1347 3139 1472 3186 quae
1505 3122 1837 3171 Macedonum
1871 3120 2030 3183 impe-

336 3204 466 3252 rium
494 3207 886 3266 antecesserunt,
910 3221 1022 3252 cum
1050 3205 1129 3266 iis,
1157 3204 1338 3267 quibus
1368 3219 1449 3250 res
1481 3218 1654 3250 sacrae
1678 3217 1706 3249 a
1730 3198 2030 3249 nostratibus

339 3284 634 3332 emendatae
670 3290 800 3344 sunt,
836 3284 971 3332 haud
1005 3284 1217 3332 absurde
1245 3281 1624 3347 comparaveris.
1681 3280 1887 3329 Praeter
1910 3278 2031 3326 alias

340 3363 473 3412 enim
497 3362 859 3425 similitudines,
883 3379 1004 3428 quas
1032 3364 1129 3412 hoc
1151 3363 1261 3412 loco
1289 3362 1521 3427 persequi
1542 3361 1756 3409 alienum
1777 3364 1874 3421 est,
1899 3366 2031 3408 utra-

342 3457 439 3504 que
465 3446 629 3491 aetate
657 3443 873 3493 eruditio
899 3443 962 3492 ad
991 3444 1174 3493 vicinos
1205 3448 1257 3491 et
1277 3443 1475 3507 quidem
1493 3438 1909 3505 septentrionales
1931 3454 2031 3488 ma·
