2170 3866
1099 264 1226 325 52⁰

312 412 441 462 enim
477 409 671 474 dubito,
707 411 826 476 quin
860 411 1087 464 eiusdem
1117 413 1468 465 versificatoris
1490 430 1638 468 manu
1663 420 1811 485 atque
1835 434 2005 485 opera,

313 492 396 556 qui
431 491 566 540 illam
600 492 851 558 egregiam
887 492 1108 543 fabulam
1143 510 1206 546 ex
1240 495 1470 546 versibus
1499 495 1755 562 Euripidis
1786 498 2005 565 undique

310 571 588 636 depromtis
624 573 1013 635 consarcinavit,
1056 581 1230 625 nostro
1264 590 1464 641 quoque
1497 577 1709 627 dramati
1743 585 2004 646 corrupte-

309 650 388 701 lae
420 651 590 702 illatae
623 653 737 702 sint.

443 731 666 795 Interim,
703 732 823 781 dum
857 732 943 782 illa
974 748 1065 783 rex
1100 750 1213 784 cum
1247 734 1437 785 famulo
1469 736 1586 800 agit,
1619 735 1726 786 dies
1753 734 2004 803 illuxit*):

307 811 428 862 ficta
462 813 595 862 enim
629 818 855 879 tempora
889 829 984 878 pro
1017 814 1151 864 veris
1183 817 1233 864 in
1270 831 1418 866 scena
1452 815 1804 881 transiguntur.
1869 815 2007 882 Mul-

307 896 417 942 tum
463 892 562 942 iam
609 893 709 943 diei
759 893 915 943 choro
959 894 1272 959 ingrediente
1321 897 1602 946 absumtum
1649 911 1764 946 esse
1796 911 2008 946 necesse

308 979 416 1036 est,
451 973 698 1038 siquidem
733 973 830 1022 hoc
866 973 948 1023 die
980 974 1066 1024 illa
1099 976 1288 1036 omnia,
1335 991 1463 1039 quae
1495 981 1765 1039 memorat,
1799 977 2007 1026 lustrata

307 1056 368 1104 ab
402 1053 491 1103 illo
525 1069 640 1103 esse
673 1053 817 1103 finxit
851 1059 1015 1119 poeta.
1070 1053 1248 1119 Neque
1279 1062 1604 1122 pemoctasse
1630 1056 1867 1106 mulieres
1901 1057 2007 1107 Au-

307 1134 410 1184 lide
442 1134 495 1184 in
528 1133 694 1183 media
727 1133 942 1184 militum
978 1135 1143 1194 turba,
1179 1151 1331 1199 quum
1369 1137 1664 1202 praesertim
1691 1136 1826 1186 nulla
1852 1151 2006 1202 nego-

305 1215 491 1264 tiorum
526 1215 784 1265 functione
818 1219 1126 1277 tenerentur,
1160 1217 1430 1266 verisimile
1464 1222 1559 1267 est.
1628 1215 1822 1267 Rursus
1850 1216 2007 1283 igitur

305 1300 478 1346 noster
512 1295 712 1345 licentia
745 1294 1042 1360 corripiendi
1077 1295 1488 1360 producendique
1530 1296 1690 1362 spatia
1722 1302 2007 1362 temporum

306 1391 429 1426 usus
463 1380 545 1425 est
579 1373 647 1425 οὐ
681 1373 987 1440 φροντίζων
1018 1374 1128 1425 τῶν
1162 1373 1685 1441 ἄκριβολογούντων.
1753 1376 1832 1425 Ex
1858 1376 2007 1427 chal-

307 1455 420 1506 cide
465 1460 631 1505 autem
681 1456 945 1521 profectae
991 1456 1226 1506 mulieres
1261 1457 1502 1522 Euripum
1549 1457 1856 1506 traiecerunt
1900 1463 2005 1506 tam

306 1543 598 1602 angustum,
644 1542 703 1586 ut
736 1540 888 1601 ponte
922 1535 1060 1600 iungi
1093 1537 1333 1602 potuerit,
1369 1543 1501 1586 teste
1534 1535 1696 1586 Plinio
1731 1535 1797 1586 H.
1824 1535 1888 1588 N.
1914 1534 2005 1596 IV,

307 1618 387 1678 12,
422 1619 504 1667 21.
585 1616 652 1665 Et
695 1621 939 1665 venerunt
984 1616 1245 1681 spectandi
1290 1616 1544 1665 exercitus
1593 1630 1796 1677 caussa,
1856 1631 2006 1680 quem

306 1702 611 1763 acceperunt
655 1697 864 1748 ducibus
899 1696 1092 1746 Atridis
1127 1696 1332 1746 Troiam
1382 1696 1445 1745 ad
1489 1694 1815 1762 repetendam
1849 1695 2006 1746 Hele-

267 1779 274 1784 '
307 1793 418 1826 nam
454 1777 723 1843 proficisci.
791 1777 996 1842 Iamque
1026 1778 1191 1826 lucum
1220 1776 1405 1826 Dianae
1429 1780 1750 1841 peragrantes
1774 1775 2008 1826 universa

307 1863 471 1906 castra
521 1858 676 1908 oculis
728 1857 1030 1907 lustrarunt:
1090 1857 1174 1906 ubi
1216 1873 1369 1921 quum
1416 1873 1555 1907 arma
1597 1861 1650 1906 et
1693 1854 2008 1905 tabernacula

305 1942 357 1986 et
392 1953 548 2002 equos
584 1938 971 1997 admirarentur,
1007 1943 1376 2001 conspexerunt
1410 1937 1661 2003 principes
1697 1935 2007 1986 Graecorum

305 2019 490 2083 partim
527 2018 666 2066 aleae
701 2019 885 2083 partim
921 2018 1062 2067 disco
1096 2022 1358 2081 vacantes,
1401 2017 1651 2067 Achillem
1702 2031 1821 2066 vero
1855 2016 2008 2066 armis

305 2098 533 2147 indutum
585 2114 698 2147 cum
750 2098 951 2148 Eumeli
1001 2098 1323 2147 velocissimis
1371 2098 1511 2162 equis
1546 2113 1698 2147 cursu
1732 2101 2007 2146 certantem

306 2183 457 2242 atque
502 2195 601 2227 una
648 2178 711 2226 ad
747 2184 929 2227 metam
965 2179 1356 2244 pervenientem.
1425 2177 1566 2226 Haec
1595 2179 1759 2243 imago
1793 2176 2007 2225 militum

306 2258 425 2307 ludo
461 2274 519 2307 ac
553 2258 909 2306 certaminibus
956 2265 1158 2322 tempus
1195 2257 1473 2306 fallentium
1511 2256 1731 2304 ostendit
1764 2253 2006 2303 desidiam

306 2339 556 2388 exercitus
592 2343 791 2386 ventum
826 2338 1194 2402 exspectantiS,
1243 2337 1383 2384 cuius
1418 2334 1642 2383 desidiae
1673 2333 2006 2398 impatientis-

306 2418 463 2468 simus
511 2418 731 2467 omnium
765 2416 988 2478 Achilles
1024 2416 1340 2466 contentione
1375 2414 1763 2463 laboriosissima
1785 2412 2007 2477 languori

309 2500 555 2549 medetur.
607 2497 677 2546 Et
711 2497 891 2546 merito
925 2498 1058 2547 hunc
1091 2502 1240 2562 poeta
1275 2499 1529 2545 exemtum
1559 2494 1738 2543 turbae
1768 2492 2008 2559 peculiari

306 2580 457 2629 laude
492 2580 815 2643 conspicuum
851 2594 966 2627 esse
1001 2578 1182 2637 voluit3
1217 2575 1517 2639 reliquorum
1555 2580 1721 2623 autem
1757 2575 1884 2623 duos
1917 2588 2010 2638 po·

310 2661 413 2710 suit
447 2660 693 2721 circulos,
740 2674 949 2723 quorum
985 2658 1130 2706 alteri
1166 2658 1326 2706 insunt
1360 2656 1540 2705 Aiaces
1578 2672 1690 2704 cum
1724 2652 2009 2710 Palamede,

309 2741 455 2789 alteri
501 2740 716 2804 Ulysses
756 2738 1126 2801 Diomedesque
1171 2739 1282 2786 cum
1318 2736 1576 2797 Merione3
1623 2750 1785 2798 neque
1828 2731 2008 2781 Nireus

309 2820 706 2870 formosissimus
755 2819 927 2868 oculos
977 2817 1172 2883 effugit.
1242 2816 1561 2865 Consociavit
1603 2815 1737 2864 idem
1772 2812 2010 2878 Ulyssem

313 2918 427 2951 cum
461 2900 708 2948 Diomede
754 2899 805 2948 in
838 2896 998 2946 Rhesi
1043 2903 1094 2946 et
1124 2895 1422 2945 Philoctetis
1458 2896 1668 2944 fabulis:
1718 2894 1800 2957 qui
1833 2891 2009 2942 adver-

313 2981 432 3030 sarii
466 2980 702 3030 Aiacibus
738 2994 795 3026 ac
828 2977 1088 3027 Palamedi
1122 2976 1374 3025 interitum
1410 2977 1489 3025 his
1527 2974 1660 3041 apud
1695 2973 1897 3022 Troiam
1920 2987 2010 3036 pa-

312 3076 457 3110 rasse
490 3060 687 3124 tragicis
723 3059 1054 3124 fingebantur.
1122 3055 1340 3105 Tantum
1376 3057 1528 3120 igitur
1551 3058 1708 3114 abest,
1743 3058 1798 3101 ut
1826 3052 1878 3117 in
1906 3065 2011 3099 mo-

313 3141 444 3191 lesta
478 3140 854 3190 enumeratione
885 3139 982 3188 hoc
1017 3151 1217 3186 carmen
1246 3140 1490 3197 versetur,
1525 3139 1582 3184 ut
1605 3132 1841 3199 prudenti
1862 3135 2012 3180 utens

375 3330 424 3384 a‘)
466 3330 720 3384 Antequam
749 3333 1006 3384 postremae
1034 3325 1222 3384 vigiliae
1259 3324 1452 3368 statione
1481 3325 1744 3367 decederent
1768 3319 2014 3365 occideret-

458 3413 544 3454 que
573 3399 787 3443 Arcturus
815 3396 1049 3455 (ἀκίνητοι
1072 3396 1277 3452 φυλακαὶ
1301 3393 1487 3450 τειχέων
1517 3396 1569 3426 ’-
1601 3393 1784 3451 Σείριος
1813 3389 1880 3435 ἔτι
1906 3401 2013 3446 μεσ-

460 3468 637 3528 σήρης),
668 3484 822 3514 senem
853 3472 1124 3514 evocaverat
1151 3467 1477 3525 Agamemnon.
