2170 3848
1225 267 1275 322 4

416 413 695 480 sanguinem
729 411 898 478 populi
930 411 1143 472 abirent,
1188 411 1321 461 unde
1353 411 1652 463 incredibilis
1696 415 1829 466 vitae
1860 431 2081 469 commu·-

414 495 537 542 tatio
572 498 830 540 consecuta
875 498 950 540 est
997 497 1048 540 et
1080 492 1359 556 praeparati
1408 497 1522 540 sunt
1553 494 1699 542 animi
1732 496 1984 559 gentilium
2019 498 2082 546 ad

414 571 782 621 adsciscendam
829 570 1039 620 divinam
1084 571 1272 619 Christi
1320 570 1650 635 disciplinam,
1699 589 1790 637 qua
1837 580 1888 623 et
1930 591 2082 625 unum

413 650 590 711 deum,
626 651 793 700 mundi
827 650 1075 715 opificem,
1110 655 1421 715 praesentem
1459 651 1710 699 hominum
1742 652 1868 702 vitae
1902 670 2081 703 consu·
2120 709 2122 711 ,

411 729 518 778 lere
553 730 687 778 docti
722 735 835 778 sunt
867 729 1097 777 mortales
1134 734 1183 777 et
1217 730 1354 777 unius
1383 728 1529 777 divini
1562 732 1775 779 auctoris
1802 733 2082 796 exemplum

411 809 635 858 omnibus
670 807 953 856 imitandum
989 811 1352 872 praeceptaque
1382 809 1630 871 sequenda
1664 814 1779 858 sunt
1811 813 2081 874 proposita,

411 893 468 936 ut
501 888 733 936 naturalis
780 886 862 934 illa
895 886 976 934 lex
1009 902 1066 934 ac
1117 888 1385 935 necessitas
1419 886 1578 936 fatalis
1612 903 1710 937 non
1743 888 1902 937 minus
1934 906 1967 938 e
1995 905 2080 939 co-

409 967 626 1033 gnitione
660 981 803 1030 quam
838 981 867 1013 e
902 966 999 1012 vita
1034 965 1306 1016 tolleretur.

543 1045 822 1093 Sententias
856 1061 884 1092 a
917 1044 1226 1108 philosophis
1256 1045 1451 1107 petitas,
1487 1061 1612 1108 quae
1635 1047 1820 1109 passim
1853 1047 1902 1095 in
1937 1047 2080 1098 fabu-

409 1125 470 1174 lis
503 1125 755 1189 Euripidis
791 1128 1082 1182 occurrunt,
1132 1124 1450 1186 conquirere,
1496 1129 1554 1171 ut
1586 1123 1647 1172 iis
1681 1125 1808 1173 inter
1841 1141 1896 1175 se
1930 1127 2080 1176 colla-

408 1204 476 1254 tis
507 1205 746 1253 rationem
783 1208 956 1264 poetae
992 1208 1041 1250 et
1075 1208 1257 1250 certam
1293 1203 1428 1265 quasi
1462 1207 1664 1263 sectam,
1706 1219 1849 1267 quam
1882 1206 2079 1270 profes-

408 1299 496 1333 sus
532 1289 831 1345 secutusque
864 1281 959 1338 sit,
996 1280 1365 1345 deprehendas,
1407 1282 1550 1331 inane
1584 1283 1705 1330 mihi
1741 1299 1854 1332 esse
1887 1285 2080 1334 videtur

411 1366 464 1411 et
505 1362 565 1410 ab
615 1361 782 1409 officio
829 1376 1033 1420 eorum,
1083 1359 1166 1423 qui
1220 1358 1282 1407 de
1327 1367 1577 1424 poetarum
1623 1363 1831 1426 ingeniis
1865 1363 2081 1414 iudicare

407 1441 602 1500 volunt,
635 1440 857 1487 alienum.
926 1438 1055 1500 Quid
1090 1432 1255 1487 enim?
1289 1454 1450 1488 nonne
1485 1440 1755 1489 Schillerus
1791 1458 1885 1506 qua
1918 1442 1968 1491 in
2001 1442 2078 1491 fa-

408 1520 521 1569 bula
553 1519 789 1583 virginem
823 1518 1223 1566 Aurelianensem
1259 1518 1524 1567 celebravit
1562 1521 1802 1568 ominibus
1837 1522 2078 1570 ostentis-

408 1615 504 1663 que
549 1605 601 1646 et
645 1598 920 1662 praesentis
954 1597 1035 1645 dei
1080 1597 1257 1646 auxilio
1290 1598 1549 1659 fidentem,
1594 1600 1643 1647 in
1690 1599 1861 1649 eadem
1893 1601 2076 1652 'raibo-

346 1671 352 1673 ’
407 1683 511 1726 tum
546 1676 737 1724 induxit
771 1676 921 1735 haec,
958 1692 1066 1724 cum
1102 1683 1410 1737 moreretur,
1447 1673 1733 1727 dicentem?

540 1755 700 1814 „Bald
734 1755 842 1802 ist’s
877 1755 1115 1814 vor'uber,
1149 1756 1248 1802 und
1284 1756 1372 1803 der
1407 1756 1540 1804 Erde
1573 1754 1684 1820 geb'
1717 1758 1818 1819 ich,

537 1834 637 1882 Der
671 1834 859 1898 ewigen
893 1833 1058 1882 Sonne
1093 1832 1174 1880 die
1207 1835 1387 1882 Atome
1421 1834 1621 1894 wieder,

538 1912 628 1961 Die
661 1912 767 1960 sich
803 1928 863 1958 zu
897 1912 1136 1959 Schmerz
1171 1912 1269 1959 und
1295 1912 1419 1960 Lust
1450 1915 1498 1961 in
1531 1914 1625 1961 mir
1655 1912 1832 1978 gefiigt
1861 1913 2075 1964 u.s.w.”

405 1993 512 2043 Nec
543 1992 759 2039 deterior
799 1989 884 2036 illo
916 1995 1066 2051 poeta
1093 1989 1359 2053 Euripides
1386 1991 1711 2055 Hippolytum
1746 1991 1869 2041 fecit
1891 1992 2077 2056 Pytha-

405 2085 666 2136 goreorum
696 2067 1000 2131 disciplinam
1036 2068 1364 2130 profitentem,
1405 2070 1661 2118 Atalanten
1686 2086 1848 2119 morea
1873 2071 2076 2135 Sparta-
2112 2097 2117 2101 ·

404 2166 579 2200 norum
603 2147 946 2206 aemulantem,
965 2145 1230 2194 Herculem
1257 2147 1303 2195 in
1317 2148 1579 2195 Alcestidis
1602 2147 1764 2196 fabula
1788 2150 1964 2212 placita
1990 2166 2077 2200 an-

403 2230 690 2293 ticipantem
710 2226 1090 2297 Epicureorum,
1117 2224 1393 2289 Telephum
1427 2231 1587 2275 autem
1616 2227 1926 2290 Cynicorum,
1966 2235 2075 2280 tum

403 2307 738 2370 Menalippam
763 2305 825 2352 de
850 2318 1013 2352 rerum
1038 2304 1292 2368 principiis
1319 2305 1478 2369 deque
1502 2306 1823 2369 religionibus
1848 2323 1921 2366 ea,
1949 2325 2075 2373 quae

403 2388 714 2450 Anaxagoras
768 2383 1078 2448 excogitavit,
1125 2384 1478 2447 explicantem,
1524 2384 1809 2434 Macareum
1845 2387 2075 2436 Archelai

403 2465 724 2524 sententiam,
775 2464 858 2527 qui
905 2462 1109 2510 honesta
1152 2478 1208 2510 ac
1242 2464 1406 2527 turpia
1440 2464 1561 2512 dixit
1602 2479 1698 2512 non
1743 2470 1943 2526 natura,
1977 2466 2069 2516 sed

402 2546 621 2594 moribus
666 2542 908 2601 discerni,
954 2541 1385 2604 Bellerophontem
1433 2548 1597 2593 autem
1644 2542 1884 2606 Diagorae
1929 2543 2071 2593 Melii

402 2622 725 2681 sententiam,
769 2621 927 2670 nullos
961 2635 1073 2669 esse
1107 2620 1255 2678 deos,
1304 2621 1387 2683 qui
1420 2624 1567 2669 rebus
1607 2622 1833 2670 humanis
1877 2624 2069 2687 prospi-
2160 2680 2164 2690 ..

403 2707 603 2761 cerent,
636 2701 1010 2758 defendentem,
1058 2698 1275 2746 Bacchas
1311 2700 1521 2763 denique
1555 2707 1719 2764 spreta
1752 2717 1918 2750 rerum
1953 2717 2069 2751 con-

400 2780 719 2845 templatione
749 2780 799 2828 in
832 2779 1025 2827 traditis
1069 2777 1284 2827 moribus
1318 2778 1649 2841 institutisque
1682 2782 2065 2843 acquiescentes.

401 2858 506 2909 Has
540 2866 593 2907 et
622 2858 744 2906 alias
790 2856 1131 2906 dissidentium
1174 2856 1421 2905 hominum
1467 2858 1717 2921 opiniones
1763 2860 1845 2922 qui
1881 2859 2066 2924 promi-

401 2954 521 2991 scue
544 2939 594 2985 in
617 2953 765 2986 unum
788 2942 1042 3000 congestas
1070 2936 1386 3000 contemplati
1416 2942 1544 2996 sunt,
1579 2937 1612 2984 ii
1637 2953 1731 2986 non
1755 2939 1906 2986 miror
1934 2939 2066 3003 quod

400 3017 569 3066 iudicii
602 3016 957 3065 inconstantiae
990 3016 1235 3079 animique
1284 3015 1490 3064 levitatis
1524 3022 1741 3065 nostrum
1775 3021 2065 3067 accusarunt

400 3100 453 3145 et
485 3097 804 3145 ostentandae
829 3094 1115 3144 eruditionis
1142 3109 1315 3143 caussa
1340 3095 1541 3142 abusum
1577 3111 1689 3144 esse
1722 3095 1917 3160 placitis
1951 3097 2063 3159 phi-

395 3173 715 3239 losophorum
739 3191 835 3224 non
860 3189 921 3223 ex
937 3174 1267 3238 penetralibus
1292 3174 1614 3237 depromptis,
1642 3173 1728 3222 sed
1745 3173 1907 3222 obiter
1933 3175 2059 3224 hau-

397 3253 508 3315 stis,
541 3259 830 3318 arguerunt,
867 3254 997 3316 quod
1032 3251 1268 3300 facientes
1304 3257 1353 3300 et
1386 3268 1623 3301 summam
1657 3255 1831 3315 poetae
1863 3252 2059 3302 laudem

397 3331 537 3383 inviti
577 3331 926 3396 praedicarunt
972 3335 1023 3379 et
1078 3329 1290 3379 levitatis
1351 3331 1536 3382 crimen
1579 3332 1674 3396 ipsi
1717 3336 2057 3396 susceperunt,

397 3425 509 3461 cum
549 3426 723 3476 parum
782 3414 1065 3477 reputarent
1129 3425 1289 3475 neque
1349 3417 1597 3464 certorum
1653 3410 2056 3476 philosophorum
