2150 3866
904 282 1027 339 203

126 433 337 484 Ruinam
386 430 601 494 denique
644 429 974 480 Phaethontis
1022 427 1296 478 traiectioni
1347 427 1525 478 stellae
1577 428 1640 478 de
1674 428 1815 479 coelo

127 513 336 565 labentis
363 513 574 560 similem
603 527 716 559 esse
741 512 969 570 finxerat,
1005 514 1138 558 teste
1165 507 1438 557 Plutarcho
1473 509 1574 560 def.
1600 509 1814 562 oracuL:

261 591 292 643 ὁ
328 583 376 642 δ’
413 593 534 655 ἄρτι
565 591 782 641 θάλλων
818 590 986 651 σῶμα,
1024 585 1268 653 διοπετὴς
1303 585 1449 646 ὅπως

263 669 447 738 ἀστὴρ,
485 669 704 738 ἀπέσβη,
739 664 924 734 πνεῦμ’
961 667 1115 733 ἀφεὶς
1150 667 1221 728 εἰς
1258 665 1467 734 αἰθέρα.

129 753 324 803 Rursus
369 756 520 819 igitur
567 755 663 802 hoc
711 753 821 800 loco
858 759 1002 815 poeta
1037 751 1231 799 fabuias
1266 752 1327 799 ad
1362 750 1622 816 physicam
1666 750 1817 799 ratio-

129 850 244 883 nem
278 835 553 894 revocavit,
604 832 743 895 qnasi
791 846 1016 878 caussam
1051 831 1279 895 aperiens
1325 831 1520 879 illorum
1557 831 1622 879 de
1656 830 1818 880 Phae-

128 914 320 964 thontis
355 920 533 963 conatu
563 911 1109 962 comminiscendorum.
1180 912 1321 974 Quae
1345 911 1566 960 imitatus
1599 916 1676 960 est
1699 910 1816 960 Ovi-

130 994 242 1043 dius
278 994 337 1055 ΙΙ,
363 996 487 1041 320:

261 1071 538 1134 „Volvitur
570 1074 628 1122 in
660 1089 929 1139 praeceps,
966 1072 1221 1140 longoque
1250 1088 1350 1138 per
1387 1087 1515 1120 aera
1549 1077 1726 1122 tractu

260 1152 471 1208 Fertur,
508 1160 567 1202 ut
602 1153 870 1202 interdum
906 1152 971 1202 de
1008 1154 1149 1202 coelo
1182 1153 1337 1202 stella
1370 1169 1570 1214 sereno,

262 1233 386 1282 Etsi
423 1250 526 1282 non
562 1233 766 1293 cecidit,
800 1235 974 1300 potuit
1012 1233 1262 1283 cecidisse
1295 1232 1518 1282 videri.''

127 1312 392 1363 Exstincto
427 1315 574 1379 igitur
608 1330 745 1363 more
780 1315 960 1363 sideris
996 1315 1216 1363 ardentis
1250 1314 1578 1372 Phaethonte,
1597 1295 1709 1362 ’non
1742 1317 1819 1363 est

127 1393 424 1453 mirandum,
459 1394 587 1457 quod
626 1395 896 1453 etiamtum,
934 1411 1045 1443 cum
1081 1395 1142 1443 ad
1180 1395 1382 1443 domum
1418 1398 1672 1457 paternam
1710 1410 1815 1443 cor-

127 1489 222 1538 pus
274 1480 326 1523 et
373 1475 424 1523 in
473 1490 670 1523 scenam
720 1476 932 1524 relatum
996 1482 1164 1537 esset,
1224 1476 1474 1538 ingentem
1538 1475 1638 1522 vim
1696 1473 1820 1523 fumi

130 1569 241 1602 cum
292 1571 477 1619 vapore
524 1556 798 1615 exhalavit,
854 1562 907 1603 ut
954 1557 1229 1605 timendum
1276 1560 1436 1615 esset,
1486 1571 1549 1604 ne
1596 1554 1819 1619 Merops,

129 1635 458 1683 cummaxime
530 1651 640 1683 cum
717 1636 1104 1701 suppiicantium
1170 1636 1324 1684 choro
1384 1635 1586 1684 domum
1648 1651 1817 1683 rever-

128 1719 283 1776 tens.‚·
312 1713 654 1764 animadverso
690 1732 929 1781 corpore,
983 1717 1046 1764 de
1090 1720 1265 1780 stupro
1313 1717 1482 1764 uxoris
1527 1716 1819 1778 inquirendo

129 1801 468 1860 cognosceret.
541 1795 648 1856 Qua
686 1812 802 1844 cura
838 1796 1048 1844 sollicita
1086 1795 1351 1860 Clymene,
1397 1795 1595 1844 omissis
1632 1796 1818 1844 lamen-

131 1874 231 1933 tis,
276 1890 491 1938 propere
526 1891 707 1940 corpus
752 1876 802 1922 in
854 1875 1197 1924 firmissimum
1232 1877 1430 1924 aedium
1466 1876 1722 1935 conclave,
1770 1877 1821 1926 in

132 1970 230 2017 quo
265 1956 370 2002 auri
405 1955 623 2003 thesauri
669 1962 955 2014 servantur,
1006 1955 1194 2004 auferri
1228 1956 1397 2015 iubet,
1443 1956 1528 2004 ubi
1563 1972 1590 2002 a
1624 1957 1821 2006 nemine

131 2040 301 2097 sperat
346 2033 596 2083 detectum
629 2035 721 2097 iri,
769 2035 1002 2098 quoniam
1050 2051 1170 2084 suae
1202 2036 1462 2085 custodiae
1494 2035 1645 2086 clavis
1680 2052 1821 2085 com-

130 2115 285 2162 missa
319 2113 398 2164 sit.

770 2195 874 2244 KA
885 2195 1173 2247 TMENH.

257 2351 428 2419 πυρὸς
461 2352 732 2416 θερίζουσ’
767 2352 825 2406 ἐν
858 2359 1071 2421 νεκροῖς
1105 2353 1313 2422 θερμὴν
1348 2357 1541 2425 φλόγα,

263 2427 455 2497 {soa-vi
492 2434 664 2503 οἷνίησ’
700 2436 870 2502 α’τμὸν
904 2436 1114 2506 ἐμφανῆ
1148 2442 1383 2489 καπνοῦ.

261 2514 565 2581 ἀπωλόμην.
638 2518 738 2569 οὐκ
774 2515 925 2570 οἴσετ’
967 2518 1018 2580 ἐς
1053 2519 1258 2584 δόμους
1292 2516 1484 2582 νέκυνς

259 2595 357 2661 ἴθ’,
393 2597 462 2658 ὡς
495 2597 648 2660 πόσις
682 2618 775 2666 μοι
808 2600 1036 2666 πλησίον
1069 2599 1365 2667 γαμηλίους

258 2678 466 2742 μολπὰς
499 2679 659 2742 α’ϋτεῖ,
696 2683 991 2748 παρθένοις
1024 2681 1339 2750 ἡγούμενος.
1722 2690 1818 2737 105

259 2759 327 2810 οὐ
360 2763 567 2814 θᾶσσον
599 2762 771 2830 ὑγρὸν
804 2764 1039 2817 πέλανον
1074 2761 1388 2831 ἐξομόρξετε,

240 2996 290 3036 V.
319 2995 416 3038 102.
476 2999 544 3040 Ex
574 2998 775 3041 obscuris
791 3000 1042 3043 litterarum
1063 2998 1203 3057 signis
1224 2998 1284 3047 id,
1314 2997 1432 3052 quod
1450 2997 1649 3040 maxime
1667 2999 1817 3042 sensui

128 3070 514 3110 accommodatum
548 3083 643 3111 esse
674 3071 822 3112 visum
853 3076 919 3113 est
927 3104 943 3123 ,
978 3066 1088 3114 er'ui.
1148 3070 1306 3111 Verte:
1349 3084 1372 3110 c
1387 3082 1414 3110 a
1426 3069 1474 3110 li
1496 3070 1523 3110 d
1539 3082 1566 3110 a
1578 3083 1621 3110 m
1654 3069 1712 3126 ig
1726 3085 1753 3111 n
1767 3069 1782 3111 i
1794 3084 1816 3111 s

129 3136 325 3179 flamm
342 3152 426 3180 am
468 3139 523 3180 in
563 3141 848 3183 cadavere
880 3143 1079 3184 delens
1110 3143 1267 3196 (aqua,
1300 3152 1434 3193 quam
1465 3139 1661 3181 infusam
1693 3140 1817 3181 iussu

130 3207 369 3263 Clymenes
399 3210 537 3251 fuisse
566 3210 830 3266 fingendum
861 3212 952 3265 est)
993 3227 1018 3254 v
1033 3225 1098 3268 ap
1113 3226 1138 3254 ο
1154 3226 1176 3253 r
1189 3226 1213 3253 e
1226 3225 1271 3252 m
1302 3209 1445 3252 fumi
1483 3210 1538 3252 fe
1552 3210 1683 3252 rvid
1699 3225 1727 3252 u
1742 3225 1788 3252 m
1802 3241 1814 3263 ,

128 3278 299 3335 longe
331 3282 735 3335 conspicuum,
772 3297 796 3324 e
814 3282 1011 3326 mittit.

241 3349 289 3392 V.
313 3349 410 3392 106.
453 3353 734 3394 Hermannus
765 3350 819 3396 οὔ
837 3354 1041 3405 θᾶσσονς
1073 3348 1158 3395 οὐκ
1179 3348 1380 3406 ἄμολγὸν
1400 3354 1511 3402 uti„
1544 3351 1660 3406 quod
1683 3363 1815 3393 sensu

131 3423 268 3460 caret.
328 3422 511 3464 Cruoris
551 3428 594 3465 et
634 3423 833 3466 vulneris
862 3438 1067 3467 caussam
1104 3424 1283 3465 ruinam
1322 3422 1504 3478 fingite:
1547 3435 1651 3463 nam
1690 3434 1815 3463 mors

131 3486 312 3540 quidem
340 3505 424 3547 per
452 3493 739 3548 apoplexiam
768 3494 863 3538 siue
892 3497 1080 3539 vulnere
1110 3497 1346 3546 evenerat3
1380 3492 1438 3535 cf.
1470 3507 1515 3534 v.
1546 3490 1646 3534 176.
