2170 3848
1142 232 1264 290 168

498 379 638 430 Haec
653 382 706 427 et
720 376 893 427 callide
909 378 1187 442 excogitata
1205 384 1256 429 et
1275 384 1416 428 acute
1440 381 1570 432 dicta
1588 385 1702 449 quin
1718 385 1921 450 probata
1940 387 2038 437 sint

378 458 599 516 Graecis,
635 457 737 506 noli
771 457 1026 506 dubitare:
1063 475 1188 523 quae
1221 474 1341 522 gens
1378 462 1544 522 quanti
1582 462 1765 514 fecerit
1798 465 2039 514 callidita-

375 543 508 598 tem,
557 551 618 585 ex
664 538 753 595 iis,
799 553 922 600 quae
956 539 1020 586 de
1051 539 1304 588 Mercurio
1338 539 1431 588 deo
1464 542 1809 606 narrabantur,
1857 545 2039 594 intelli-

374 617 520 681 gitur.
587 615 743 665 Iidem
777 622 1078 682 quantopere
1112 619 1345 666 delectati
1381 621 1479 668 sint
1521 620 1636 668 viris
1665 625 1876 672 strenuis
1901 629 2038 674 astu-

376 698 471 759 tia,
514 696 598 745 ubi
644 713 740 746 non
785 697 956 745 liceret
988 697 1277 746 fortitudine
1312 699 1411 758 uti,
1458 715 1518 748 ex
1562 699 1796 764 periculis
1830 704 2039 752 evaden-

376 777 539 838 tibus,
615 776 813 840 Ulyssis
870 776 1024 838 gloria
1083 782 1136 826 et
1192 777 1448 841 Odysseae
1507 779 1769 829 admiratio
1817 786 2039 832 testatur.

381 855 616 904 Ceterum
665 856 730 903 de
778 855 1021 903 industria
1067 860 1235 906 noster
1281 874 1309 905 a
1356 859 1608 908 moestitia
1641 862 2044 923 spectator-essm

378 935 531 983 risum
567 935 791 983 traducit.
857 935 1032 998 Neque
1059 936 1184 983 enim
1211 935 1504 986 hilaritatem
1532 942 1742 1001 tantum,
1777 939 1866 989 sed
1895 940 2043 988 etiam

378 1015 533 1063 risum
567 1020 731 1063 movet
759 1013 929 1062 Thoas
964 1014 1114 1063 velari
1146 1015 1319 1064 iubens
1354 1018 1654 1080 peregrinos,
1688 1019 1771 1081 qui
1792 1035 1884 1082 per
1908 1017 2044 1067 frau-

379 1093 492 1142 dem
528 1094 866 1155 abducuntur‚
911 1092 1212 1159 insuperque
1259 1095 1370 1159 ipse
1403 1102 1589 1145 vestem
1624 1097 1780 1146 oculis
1815 1097 1918 1148 suis
1953 1113 2044 1163 op-

379 1188 583 1239 ponens.

509 1254 670 1302 Huius
702 1253 952 1303 felicitatis
987 1255 1212 1317 quoniam
1247 1259 1416 1304 auctor
1438 1254 1613 1320 Apollo
1643 1261 1736 1319 est,
1772 1261 1886 1322 apte
1909 1257 2046 1306 chori

382 1334 599 1382 carmine
630 1334 777 1382 huius
813 1335 895 1382 dei
931 1334 1101 1382 laudes
1137 1336 1420 1399 oraculique
1453 1336 1560 1383 eius
1597 1337 1866 1385 auctoritas
1901 1353 2045 1401 prae-

381 1413 623 1461 dicantur.
694 1413 944 1461 Phoebum
980 1420 1125 1477 partu
1160 1414 1208 1461 in
1242 1413 1350 1462 Deli
1387 1414 1686 1464 convallibus
1723 1415 1908 1464 editum
1943 1420 2046 1463 sta-

381 1492 469 1540 tim
503 1491 689 1541 Latona
725 1493 787 1540 ad
823 1492 1118 1541 Parnassum
1167 1510 1196 1542 e
1242 1494 1446 1559 scopulo
1492 1494 1679 1543 marino
1713 1500 1862 1557 atque
1894 1494 2047 1559 Inopo

380 1571 529 1620 fluvio
564 1571 782 1636 pertulit.
849 1571 921 1620 lbi
954 1572 1219 1622 infantulus
1253 1573 1519 1622 interfecto
1554 1574 1781 1635 dracone,
1817 1573 1899 1637 qui
1931 1589 2048 1638 spe-

383 1665 494 1699 cum
530 1651 856 1710 custodiebat,
891 1651 1059 1700 sedem
1095 1653 1278 1701 oraculi
1313 1669 1423 1701 cum
1459 1653 1656 1715 tripode
1681 1654 1912 1702 interrae
1940 1669 2048 1701 um-

379 1730 525 1780 bilico
567 1730 676 1795 ipse
709 1731 977 1795 occupavit.
1045 1731 1155 1793 Quo
1191 1730 1322 1780 facto
1354 1730 1545 1792 Tellus,
1578 1738 1633 1780 ut
1659 1731 1872 1780 Themin
1894 1731 2048 1780 filiam

383 1824 551 1871 suam,
594 1810 790 1859 oraculo
826 1816 1049 1873 exutam,
1101 1811 1449 1872 ulcisceretur,
1494 1811 1794 1860 somniorum
1827 1812 1928 1860 visa
1961 1827 2049 1875 pa-

381 1905 495 1939 rere
530 1890 719 1953 coepit,
773 1891 854 1952 qui
903 1891 1186 1940 mortalibus
1230 1891 1280 1938 in
1314 1891 1464 1938 humo
1499 1890 1788 1939 cubantibus
1823 1897 1873 1939 et
1906 1906 2051 1956 prae-

383 1969 533 2017 terita
567 1974 618 2018 et
651 1968 817 2018 futura
852 1985 942 2034 per
976 1971 1192 2033 quietem
1228 1970 1570 2034 significarent.
1638 1969 1859 2018 Privatus
1904 1971 2052 2034 igitur

385 2047 573 2097 honore
620 2047 853 2098 Phoebus
897 2054 1037 2098 recta
1087 2049 1150 2098 ad
1198 2047 1461 2112 Olympum
1509 2047 1759 2096 contendit
1811 2065 2052 2112 manuque

386 2128 564 2176 throno
599 2129 723 2176 lovis
759 2128 1060 2177 circumdata
1092 2128 1271 2192 puerili
1305 2134 1508 2190 questus
1546 2132 1622 2175 est
1651 2127 1889 2175 iniuriam.
1962 2126 2050 2174 Ri-

388 2207 453 2256 sit
486 2213 653 2270 pater,
704 2209 836 2272 quod
879 2208 1147 2256 infantulus
1182 2208 1346 2255 statim
1381 2207 1599 2255 venisset
1632 2207 1833 2269 cupiens
1867 2205 2052 2254 cultum

387 2286 682 2335 ditissimum
718 2287 970 2349 obtinere,
1022 2292 1074 2335 et
1107 2301 1321 2335 annuens
1357 2286 1518 2349 capite
1550 2301 1670 2333 vana
1703 2285 1919 2334 reddidit
1952 2285 2054 2333 visa

387 2372 651 2427 nocturna,
709 2367 923 2430 solisque
965 2366 1207 2431 Apollinis
1266 2365 1474 2414 oraculis
1520 2365 1672 2414 fidem
1730 2364 2052 2413 confirmavit.

387 2444 644 2510 Nunquam
679 2452 850 2495 noster
884 2446 1094 2494 carmina
1127 2445 1286 2494 minus
1323 2444 1578 2509 proposito
1626 2443 1944 2492 conducentia
1977 2444 2052 2491 in-

387 2526 633 2590 terponit,
681 2526 777 2574 nisi
819 2525 904 2574 ubi
952 2525 1279 2590 tegendorum
1315 2525 1691 2572 commissorum
1727 2538 1900 2571 caussa
1934 2524 2052 2572 cho-

388 2619 473 2654 rus
519 2622 547 2654 a
596 2605 930 2669 praesentium
975 2621 1138 2653 rerum
1185 2604 1574 2652 consideratione
1609 2604 1672 2651 de
1704 2603 1942 2652 industria
1972 2618 2051 2652 re-

389 2684 546 2733 cedit:
581 2685 631 2732 id
667 2686 796 2748 quod
830 2685 912 2733 hic
946 2701 1038 2734 usu
1072 2683 1238 2732 venire
1272 2683 1589 2731 manifestum
1625 2686 1716 2730 est.

520 2764 672 2812 Redit
692 2780 754 2812 ex
774 2764 940 2813 litto‘re
957 2764 1155 2813 nuntius
1172 2778 1338 2825 regem
1357 2777 1594 2826 quaerens
1615 2760 1782 2826 fugam
1800 2760 2053 2826 hospitum

391 2844 765 2907 sacerdotisque
800 2860 910 2892 cum
945 2843 1155 2907 imagine
1185 2842 1308 2890 deae
1343 2842 1674 2905 expositurus.
1740 2840 1886 2888 Hunc
1909 2840 2053 2888 femi-

388 2938 482 2971 nae
515 2923 653 2971 chori
686 2924 748 2971 ad
782 2924 931 2972 aedes
978 2923 1138 2986 regias
1186 2921 1412 2984 ablegare
1459 2921 1690 2982 student,
1735 2919 1925 2967 redisse
1957 2919 2053 2967 iam

391 3018 456 3051 ex
488 3002 671 3066 templo
706 3003 755 3050 in
789 3004 961 3051 urbem
995 3018 1162 3067 regem
1200 2999 1323 3048 falso
1359 3000 1679 3049 affirmantes·
1747 2997 1846 3046 Sed
1878 2998 1959 3045 ille
1985 2999 2053 3059 id,

392 3081 524 3146 quod
571 3087 700 3143 erat,
754 3084 1032 3147 suspicatus
1080 3080 1392 3129 vociferando
1437 3081 1669 3142 foresque
1701 3076 1939 3143 pulsando
1972 3091 2054 3126 re-

390 3177 502 3225 gem
551 3161 757 3223 excitat,
806 3162 985 3211 deinde
1017 3160 1240 3209 fraudem
1297 3161 1477 3224 aperit,
1527 3159 1750 3209 nuntians
1810 3154 2054 3218 Orestem,

393 3240 814 3304 Clytaemnestrae
846 3242 1032 3304 filium,
1068 3257 1098 3288 a
1132 3256 1302 3288 sorore
1337 3245 1610 3301 servatum,
1645 3253 1755 3287 cum
1788 3237 1880 3284 hac
1915 3235 2056 3284 aufu-

391 3320 536 3384 gisse.
605 3318 730 3368 Cum
776 3321 838 3369 ad
871 3321 1008 3370 littus
1052 3325 1249 3368 ventum
1285 3325 1453 3382 esset,
1506 3319 1587 3369 ubi
1619 3317 1751 3365 navis
1785 3316 1974 3365 occulta
2005 3316 2056 3363 in

393 3400 601 3450 statione
633 3398 843 3461 fuisset,
889 3399 1190 3465 Iphigeniam
1224 3397 1438 3449 famulos
1473 3398 1670 3463 quidem
1704 3396 1909 3446 iussisse
1927 3395 2057 3460 'pro-
