2202 3892
1145 281 1266 338 246

473 458 492 474 .-
521 428 791 494 optumi
823 427 987 476 viri:
1026 443 1165 476 mea
1199 433 1444 488 mater,
1479 430 1579 476 tui
1611 444 1708 477 me
1741 430 2049 489 miseret,

1169 507 1293 556 mei
1318 507 1527 572 piget.

518 586 866 653 Optumum
936 587 1324 654 progeniem
1391 584 1655 635 Priamo
1711 589 2054 654 peperisti

1175 672 1380 714 extra
1414 682 1542 725 me,·
1575 666 1691 715 hoc
1725 666 1939 726 dolet,
1981 676 1990 690 ¹

520 742 673 793 Med
730 744 991 806 obesse,
1028 745 1182 794 illos
1213 744 1571 811 prodesse,
1609 762 1707 794 me
1741 739 2051 807 obstare,

1167 826 1336 874 illos
1373 826 1704 892 obsequi.''
1999 886 2003 888 Y

381 902 521 952 Haec
556 903 768 952 afferens
806 902 984 952 Cicero
1018 903 1174 954 Divin.
1204 905 1241 964 Ι,
1272 907 1351 967 31,
1375 909 1454 958 67.
1505 906 1584 966 „0
1619 921 1796 971 poema
1828 909 2054 954 tenerum

385 988 437 1031 et
473 991 716 1031 moratum
754 988 806 1031 et
838 980 1063 1031 molle!”
1099 985 1234 1033 dicit.

512 1062 685 1125 Itaque
730 1079 841 1111 cum
897 1062 1171 1111 Cassandra
1215 1064 1323 1129 ipsa
1369 1065 1503 1113 irrita
1538 1080 1650 1114 esse
1683 1063 1906 1113 vaticinia
1935 1078 2055 1129 pro—

383 1141 519 1190 fessa
554 1147 704 1202 esset,
739 1143 1026 1206 urgentibus
1061 1143 1330 1193 Alexandri
1362 1145 1620 1206 fratribus,
1656 1159 1866 1194 ancorae
1891 1142 2054 1192 subla-

381 1226 462 1270 tae
497 1227 611 1271 sunt
625 1219 692 1286 *).

512 1300 647 1349 Idem
700 1306 1043 1367 argumentum
1096 1319 1124 1351 a
1159 1302 1410 1367 Sophocle
1456 1304 1751 1352 illustratum
1801 1303 1960 1352 fuisse
1994 1316 2057 1351 ex

383 1381 674 1444 quibusdam
709 1381 997 1445 fragmentis
1046 1381 1490 1447 cognoscitur**)‚
1546 1385 1683 1432 cuius
1732 1398 1855 1446 opus
1900 1381 2055 1446 gloria

381 1459 578 1509 fabulae
612 1460 914 1526 Euripideae
961 1463 1277 1511 obscuratum
1329 1465 1430 1511 est.'
1487 1463 1662 1511 Multis
1698 1463 1828 1510 enim
1860 1460 2055 1510 virtuti-

381 1540 473 1587 bus
516 1540 662 1589 huius
709 1541 1012 1604 tragoediam
1048 1541 1288 1606 insignem
1324 1543 1480 1591 fuisse
1523 1542 1670 1590 facile
1704 1543 1849 1590 etiam
1886 1556 1947 1589 ex
1979 1556 2054 1588 re-

382 1619 546 1682 liquiis
581 1620 885 1683 intelligitur.
956 1621 1008 1669 ln
1061 1623 1301 1686 principio
1348 1622 1581 1670 dramatis
1629 1637 1719 1686 pro
1754 1626 1945 1670 mortuo
1978 1620 2053 1669 lu-

379 1704 524 1762 getur
556 1699 629 1756 is,
677 1701 757 1763 qui
804 1715 994 1748 summa
1029 1701 1252 1764 corporis
1302 1701 1612 1750 formositate
1657 1708 1709 1750 et
1754 1701 1932 1749 robore
1977 1699 2057 1747 vi-

381 1782 494 1842 get3
530 1778 625 1838 cui,
662 1780 799 1841 quasi
835 1779 1090 1839 defuncto,
1125 1779 1230 1829 ludi
1263 1781 1497 1830 funebres
1526 1782 1851 1839 celebrantur,
1884 1779 1926 1828 is
1960 1794 2058 1828 non

385 1859 546 1906 solum
580 1859 715 1906 vivus
753 1859 863 1923 ipse
897 1859 1133 1921 interest,
1170 1861 1259 1908 sed
1296 1863 1442 1908 etiam
1479 1876 1540 1908 ex
1575 1861 1796 1908 omnibus
1830 1858 2057 1907 certami-

384 1938 527 1986 nibus
565 1938 791 2002 superior
825 1939 1054 1986 discedit.
1123 1940 1395 2003 Aptissima
1429 1940 1526 1988 fuit
1560 1940 1619 1987 ad
1669 1937 1906 1987 tenendos
1943 1954 2056 2003 spe-

386 2020 605 2066 ctatores
640 2033 852 2082 persona
886 2017 1216 2067 adolescentis
1252 2035 1441 2068 summa
1475 2020 1767 2068 fortitudine
1792 2035 1901 2067 cum
1935 2018 2058 2066 mira

384 2096 599 2146 ineuntis
647 2098 826 2146 aetatis
873 2104 1131 2147 venustate
1181 2100 1423 2164 praediti,
1472 2100 1579 2163 ipsa
1627 2099 1926 2163 praestantia
1971 2113 2058 2145 sua

384 2177 552 2224 odium
587 2178 912 2239 invidiamque
947 2178 1241 2227 delenientis
1258 2179 1400 2242 ***),
1451 2179 1771 2226 admiratione
1805 2183 2058 2240 pastorum

382 2272 474 2320 pro
510 2257 636 2304 duce
670 2272 727 2303 ac
762 2271 879 2318 rege
903 2258 1049 2316 culti,
1087 2258 1281 2315 alacris,
1318 2258 1532 2317 audacis,
1566 2258 1690 2305 nihil
1723 2271 1818 2304 non
1854 2256 1946 2303 sibi
1978 2271 2056 2303 ar-

383 2337 629 2399 rogantis,
666 2341 722 2384 ut
755 2341 975 2398 taurum,
1011 2352 1155 2399 quem
1193 2337 1241 2384 in
1277 2337 1460 2385 deliciis
1496 2337 1735 2395 habebat,
1781 2350 1875 2383 non
1910 2335 2059 2383 modo

383 2431 412 2463 a
446 2414 734 2475 latronibuS,
769 2416 860 2463 sed
895 2432 957 2464 ne
991 2433 1018 2464 a
1047 2416 1198 2479 regiis
1233 2418 1428 2479 quidem
1457 2416 1745 2464 satellitibus
1772 2415 1947 2463 abduci
1969 2431 2057 2479 pa-

383 2499 591 2556 teretur,
626 2500 730 2543 tum
766 2496 1098 2544 sincerissimo
1132 2497 1290 2562 pulcri
1323 2496 1502 2544 iudicio
1538 2495 1778 2559 praediti,
1812 2499 1869 2543 ut
1902 2511 1929 2542 a
1964 2495 2058 2543 diis

383 2574 507 2638 ipsis
541 2575 725 2624 arbiter
758 2575 1084 2624 formositatis
1119 2578 1342 2625 delectus
1379 2582 1527 2634 esset,
1562 2576 1774 2638 denique
1809 2577 1938 2636 eius,
1975 2573 2059 2638 qui
2109 2631 2112 2633 Α

383 2660 560 2718 posset
594 2655 979 2720 rempublicam,
1028 2657 1164 2705 cuius
1201 2657 1320 2705 civis
1359 2662 1520 2715 esset,
1567 2655 1643 2702 vel
1680 2655 1882 2703 summis
1915 2654 2058 2704 bonis

442 2832 490 2884 ³⁸³)
521 2832 664 2874 Dares
691 2833 828 2874 Phr.=
859 2834 1085 2887 ‚,Troilus,
1112 2831 1321 2874 minimus
1350 2833 1472 2882 natu,
1500 2843 1585 2870 non
1606 2829 1750 2871 minus
1771 2828 1900 2872 fortis
1925 2842 2057 2884 quam

522 2902 719 2954 Hector,
759 2904 927 2945 bellum
969 2904 1066 2961 geri
1106 2903 1348 2953 suadebat,
1393 2905 1437 2942 et
1466 2913 1551 2940 non
1580 2900 1743 2941 debere
1772 2899 1911 2942 teneri
1938 2902 2058 2940 metu

523 2973 766 3014 verborum
813 2975 978 3016 Heleni
1035 2972 1370 3028 (Cassandrae).
1445 2971 1575 3024 Quod
1627 2971 1828 3011 omnibus
1874 2966 2058 3023 placuit,

524 3043 712 3083 classem
745 3044 997 3097 comparari
1027 3048 1070 3085 et
1099 3044 1142 3085 in
1176 3042 1414 3083 Graeciam
1445 3040 1716 3095 proficisci.’'

413 3108 493 3163 ΜΖ)
526 3110 591 3152 Cf.
624 3113 798 3154 Welck.
833 3115 887 3153 Τ.
922 3115 977 3154 Π.
1007 3129 1051 3168 p.
1083 3112 1178 3154 465.
1213 3118 1256 3153 et
1284 3110 1380 3153 468.

391 3180 491 3234 i‘ssss)
522 3181 670 3236 Digna
722 3187 822 3224 sunt
868 3197 980 3237 quae
1030 3183 1073 3224 in
1118 3182 1315 3224 medium
1366 3180 1649 3236 proferantur
1688 3177 1856 3232 Dictyis
1900 3175 2056 3228 verba,

525 3251 727 3305 quamvis
758 3267 843 3294 non
875 3252 1208 3295 accuratissime
1233 3251 1341 3293 'cum
1375 3251 1594 3305 Euripidis
1625 3249 1779 3290 fabula
1808 3259 2055 3302 congruen-

523 3321 609 3363 tia:
651 3323 798 3374 „Eum
827 3324 918 3364 iam
949 3325 1171 3374 adultum,
1203 3337 1304 3363 cum
1332 3336 1403 3364 res
1434 3323 1583 3375 palam
1614 3322 1751 3370 esset,
1797 3332 1851 3359 ne
1880 3319 2056 3359 hostem

525 3390 721 3444 quidem,
752 3394 954 3446 quamvis
982 3393 1307 3444 saevissimum,
1337 3397 1385 3433 ut
1415 3392 1694 3442 interficeret,
1725 3387 1818 3443 pati
1837 3387 2051 3441 potuim:

525 3464 674 3504 tantae
703 3461 872 3505 scilicet
899 3463 1036 3506 fuisse
1067 3477 1169 3506 eum
1198 3461 1504 3517 pulcritudinis
1532 3465 1661 3516 atque
1688 3457 1902 3502 formae.''
