2170 3866
1162 251 1288 310 472

373 397 541 448 locum
573 395 692 445 huic
724 395 934 446 dramati
967 397 1270 466 assignatum
1303 397 1498 462 fuisse,
1544 400 1627 466 qui
1659 388 1802 453 locus
1836 401 2070 469 proprius

375 477 607 542 satyricis
642 482 766 537 erat,
808 476 1086 527 docuimus.

509 557 688 607 Nullae
725 573 844 623 ergo
874 573 959 606 res
996 558 1318 624 magnificae,
1366 558 1455 608 sed
1502 559 1739 631 privatae*
1764 577 1823 611 ac
1855 563 2072 629 vulgaris

377 636 510 686 vitae
545 637 710 702 imago
747 637 911 686 statim
947 637 997 686 in
1032 640 1274 705 principio
1309 640 1548 688 dramatis
1583 641 1634 688 in
1670 649 1946 707 conspectu
1978 659 2072 709 po-

375 717 529 774 nitur,
566 723 618 765 et
653 718 794 780 quasi
830 717 1057 767 discincti
1092 721 1315 769 homines
1353 719 1745 784 domesticisque
1779 722 1903 771 tecti
1922 723 2074 772 vesti-

376 798 469 846 bus
506 797 895 861 conspiciuntur.
966 799 1114 863 Argis
1150 807 1266 849 ante
1290 801 1490 849 domum
1518 801 1902 866 Agamemnonis
1924 818 2074 852 scena

375 878 613 926 dramatis
649 879 990 939 constituitur3
1027 880 1307 928 ostenditur
1343 879 1551 928 Orestes
1587 888 1816 944 aegrotus
1839 883 1890 932 in
1923 883 2075 932 cubili

375 958 682 1007 decumbens
730 965 781 1006 et
825 974 967 1007 soror
1018 967 1214 1009 sextum
1253 960 1350 1008 iam
1390 961 1520 1009 diem
1557 961 1690 1010 lecto
1725 962 1951 1011 assidens
1987 979 2074 1012 cu·-

372 1038 441 1086 ris
488 1044 636 1102 atque
671 1039 844 1101 vigiliis
883 1040 993 1103 ipsa
1030 1040 1287 1100 confecta,
1340 1040 1458 1089 dum
1494 1041 1578 1089 ille
1613 1041 1934 1091 formidinum
1967 1047 2073 1092 ter-

371 1134 489 1168 rore
538 1120 863 1168 exanimatur.
950 1118 1134 1169 Mirum
1185 1127 1262 1170 est
1319 1121 1411 1170 sub
1458 1119 1541 1168 dio
1587 1120 1773 1186 degere
1819 1127 2075 1187 aegrotum

375 1203 428 1248 et
461 1199 510 1248 in
546 1200 745 1265 publico
782 1199 966 1248 lectum
1010 1200 1308 1250 collocatum
1348 1217 1490 1260 esse3
1541 1201 1630 1250 sed
1677 1201 1830 1251 habet
1863 1219 2073 1252 excusa-

373 1279 579 1340 tionem,
617 1279 746 1343 quod
784 1279 927 1328 furor
962 1280 1156 1329 Orestis
1189 1297 1303 1329 eum
1338 1281 1387 1330 in
1425 1281 1571 1330 domo
1605 1298 1808 1331 manere
1853 1291 1948 1332 non
1984 1299 2073 1347 pa-

373 1359 608 1408 tiebatur.
681 1359 915 1408 Ceterum
953 1360 1076 1422 hoc,
1124 1362 1256 1424 quod
1305 1377 1474 1409 secum
1513 1360 1710 1409 ferebat
1744 1362 2075 1423 consuetudo,

373 1455 471 1503 qua
506 1438 631 1488 foris
669 1439 830 1487 omnia
868 1440 947 1502 agi
983 1440 1312 1505 fingebantur,
1348 1440 1550 1489 minime
1584 1441 1745 1489 mirati
1785 1447 1901 1489 sunt
1931 1448 2072 1491 vete-

371 1534 486 1580 res3
534 1525 584 1568 at
618 1520 667 1568 in
703 1535 763 1567 eo
801 1520 1101 1579 haeserunt,
1140 1522 1271 1584 quod
1307 1537 1404 1569 non
1437 1520 1499 1567 ad
1537 1526 1683 1585 caput
1718 1519 1944 1581 Orestis,
1981 1521 2073 1570 sed

372 1598 435 1647 ad
472 1600 647 1664 pedes,
683 1598 885 1647 Electra
922 1601 1150 1648 sederet:
1203 1600 1407 1665 propius
1444 1601 1604 1659 enim,
1650 1599 1909 1664 inquiunt,
1957 1615 2073 1648 con-

375 1679 568 1728 sideret
603 1685 656 1727 et
690 1695 866 1728 curare
902 1680 1212 1728 commodius
1247 1686 1438 1746 posset,
1478 1681 1519 1728 si
1553 1680 1614 1728 ad
1651 1686 1803 1744 caput
1833 1680 2074 1730 collocata

374 1762 529 1808 esset.
603 1758 842 1808 Caussam
873 1766 1038 1809 tamen
1069 1760 1300 1819 afferunt,
1337 1777 1432 1824 qua
1457 1760 1585 1808 hanc
1611 1759 1783 1809 sedem
1807 1766 2073 1811 excusent:

375 1838 582 1904 propius
620 1855 730 1888 eam
765 1845 990 1904 partem,
1025 1856 1053 1888 a
1087 1856 1184 1903 qua
1219 1841 1400 1889 chorus
1435 1841 1679 1901 intrabat,
1716 1841 2074 1890 considendum

375 1920 424 1968 ei
473 1919 588 1968 ideo
634 1919 822 1981 fuisse,
872 1926 925 1968 ut
971 1919 1180 1968 facultas
1237 1925 1372 1969 esset
1419 1921 1666 1969 silentium
1703 1921 1856 1969 choro
1904 1921 2073 1971 statim

378 2015 490 2048 cum
527 1999 735 2048 intraret
784 1999 1054 2057 suadendi,
1106 2017 1168 2049 ne
1204 1999 1444 2058 Orestes,
1498 2001 1583 2063 qui
1618 2001 1698 2048 vix
1746 2000 1913 2065 paullo
1960 2006 2074 2050 ante

375 2094 603 2128 somnum
642 2095 822 2143 capere
857 2080 1125 2143 coepisset,
1161 2081 1610 2146 expergisceretur.
1679 2079 1819 2129 Haec
1851 2081 1902 2129 in
1928 2097 2072 2146 argu-

374 2164 544 2207 mento
591 2160 760 2223 priore
810 2160 995 2224 scripta
1031 2159 1370 2219 inveniuntur,
1408 2177 1534 2224 quae
1569 2160 1800 2225 profecto
1835 2176 1931 2209 non
1965 2178 2071 2210 ma·

372 2238 459 2303 gni
507 2245 620 2286 sunt
666 2239 905 2286 acuminis
950 2239 1147 2287 indicia.
1237 2237 1462 2286 Theatro
1509 2239 1741 2287 officeret
1774 2239 1975 2288 Electra
2007 2240 2072 2288 ad

376 2323 524 2382 caput
571 2319 751 2367 sedens
797 2318 992 2381 ¹aegroti
1038 2323 1090 2366 et
1137 2316 1325 2365 vultum
1363 2317 1469 2364 eius
1507 2332 1718 2380 corpore
1753 2333 1844 2366 suo
1878 2324 2070 2384 tegens,

373 2397 425 2447 id
461 2398 594 2462 quod
629 2397 882 2447 vitandum
930 2396 1057 2458 fuit,
1105 2396 1406 2461 praesertim
1451 2396 1644 2460 reliquo
1692 2397 1825 2447 illius
1860 2414 2075 2464 corpore

372 2478 553 2529 velato.

511 2558 815 2622 quiescente
848 2558 1002 2624 igitur
1034 2555 1237 2606 tandem
1274 2554 1469 2616 Oreste,
1506 2555 1591 2619 qui
1625 2557 1915 2622 gravissimo
1940 2557 2073 2608 malo

374 2639 656 2700 cruciatur,
704 2639 907 2688 Electra
952 2654 1123 2688 rerum
1171 2642 1354 2687 statum
1406 2636 1612 2702 exponit
1670 2637 1877 2687 exordio
1926 2643 2072 2688 utens

374 2722 495 2771 satis
531 2719 823 2784 magnifico:

518 2974 588 3016 γει
627 2955 715 3015 γὰρ
753 2959 819 3009 εἰς
855 2957 942 3009 τὰς
978 2955 1088 3016 παρ’
1115 2954 1391 3008 ’Λπόλλωνος
1420 2953 1695 3012 διαλλαγάς,
1739 2954 1789 3000 ἐκ
1819 2954 2072 3012 συμφορῶν

515 3030 580 3080 εἰς
620 3027 856 3084 εὐθυμίαν
892 3026 1200 3083 κατηντηκός·
1253 3024 1283 3083 ἦ
1327 3026 1378 3072 δὲ
1415 3027 1634 3084 κωμῳδία
1673 3024 1833 3082 ’γέλωσι
1873 3024 1951 3070 καὶ
1989 3023 2072 3069 εὖ-

512 3098 772 3157 φροσύναις
812 3098 1089 3154 ἐνύφανται.
1158 3099 1334 3141 Eadem
1380 3112 1523 3154 paene
1564 3098 1622 3140 ad
1658 3112 1702 3140 v.
1733 3095 1859 3139 1686.
1900 3095 2071 3151 scripta

517 3174 642 3225 sunt,
688 3174 732 3213 et
761 3176 999 3226 praeterea
1028 3171 1145 3212 haec
1175 3169 1371 3212 adiecta:
1415 3166 1530 3212 α’λλὰ
1561 3167 1638 3210 καὶ
1669 3165 1718 3210 ἐν
1745 3163 1990 3220 Ἀλκήστιδι
2022 3163 2071 3208 ἐκ

514 3241 769 3296 συμφορῶν
800 3241 865 3292 εἰς
894 3238 1190 3299 εὐφροσύνην
1219 3241 1298 3284 καὶ
1331 3237 1586 3298 ἀναβίωσιν
1613 3238 1691 3281 καὶ
1722 3236 1891 3297 ὁμοίως
1920 3235 2000 3279 καὶ
2022 3232 2071 3279 ἐν

516 3314 670 3368 Τυροῖ
697 3311 998 3366 Σοφοκλέους
1027 3307 1374 3367 ἆναγνωρισμὸς
1392 3307 1510 3355 κατὰ
1532 3306 1585 3353 τὸ
1607 3307 1735 3358 τέλος
1757 3308 1944 3364 γίνεται,
1974 3306 2069 3362 καί,

512 3379 673 3433 ἁπλῶς
714 3381 884 3439 εἰπεῖν,
921 3379 1070 3427 πολλὰ
1110 3382 1310 3425 τοιαῦτα
1349 3381 1399 3427 ἐν
1441 3381 1502 3441 τῇ
1530 3378 1766 3439 τραγῳδίᾳ
1796 3374 2068 3436 εὑρίσκεται.

511 3451 640 3498 Adde
670 3466 787 3510 quae
813 3469 857 3510 p.
888 3452 990 3496 400.
1027 3451 1330 3510 exposuimus.
