2170 3848
942 273 1064 331 147

171 432 316 478 vatus
349 425 585 489 frausque
617 424 813 473 detecta
848 430 973 474 erat.
1044 421 1195 471 Redit
1230 436 1339 470 cum
1381 421 1486 470 filio
1520 423 1754 474 Athamas
1787 429 1838 474 et

171 506 414 557 nefariam
447 505 702 554 mulierem
728 505 778 553 in
799 503 1027 552 iudicium
1058 505 1224 549 vocat:
1260 502 1324 549 de
1355 517 1450 564 qua
1474 502 1672 552 fabulae
1695 507 1838 569 parte

170 587 296 636 haec
327 585 485 635 refert
518 585 776 651 Hyginus:
842 581 987 642 „Rex
1014 579 1231 629 facinore
1257 582 1452 643 cognito
1475 598 1675 632 uxorem
1700 601 1838 634 suam

171 666 256 716 Ino
309 672 360 715 et
404 666 560 715 filium
607 664 714 713 eius
768 657 1063 711 Melicerten
1115 659 1303 718 Phrixo
1354 661 1494 708 dedit
1542 661 1838 712 necandos.”

300 745 380 794 Ex
410 746 632 794 oratione
667 741 971 792 Athamantis
1003 741 1127 788 haec
1162 739 1423 803 depromta
1470 747 1609 803 sunt,
1663 745 1837 807 quibus

173 825 435 888 mulieres,
471 826 511 873 si
547 825 642 872 sint
674 822 889 886 probae,
924 820 1214 868 dulcissimo
1249 820 1364 867 viris
1400 821 1602 882 solatio,
1639 823 1714 871 sin
1746 824 1838 871 im-

177 906 378 972 probae,
415 903 770 952 atrocissimam
804 901 1072 964 perniciem
1109 916 1222 948 esse
1255 900 1450 948 docuit:
1797 891 1804 898 ’

300 980 440 1048 γυνὴ
473 979 574 1045 γὰρ
609 978 668 1030 ἐν
700 981 910 1030 κακοῖσι
942 977 1033 1030 καὶ
1065 978 1245 1038 νόσοις
1278 978 1429 1029 πόσει

299 1060 515 1129 ἥδιστόν
549 1058 671 1123 ἐστι,
709 1054 899 1125 δώματ’
932 1058 1001 1126 ἢν
1036 1058 1155 1126 οἰκῇ
1190 1061 1379 1123 καλῶς,

299 1139 469 1209 ὀργήν
500 1157 554 1192 τε
586 1138 905 1205 πραΰνουσα
938 1137 1027 1192 καὶ
1061 1139 1364 1205 δυςθυμίας

299 1219 479 1289 ψυχὴν
512 1224 781 1288 μεθιστᾶσ’
801 1240 812 1252 ·
859 1215 964 1289 ἡδὺ
998 1221 1230 1273 κᾶπάται
1263 1219 1454 1286 φίλων.

172 1302 361 1369 Capitis
396 1304 621 1353 damnata
656 1304 706 1353 lo
741 1303 1132 1352 misericordiam
1169 1308 1336 1351 movet
1371 1300 1536 1350 chori:

298 1381 390 1434 καὶ
421 1380 523 1449 γὰρ
557 1382 761 1449 πέφυκε
795 1384 942 1434 τοῦτ’
979 1381 1038 1434 ἐν
1072 1381 1379 1445 ἀνθρώπων
1413 1379 1599 1446 φύσει·

297 1460 368 1530 ἢν
399 1461 489 1515 καὶ
523 1463 641 1530 δίκῃ
675 1463 884 1530 θνῄσκῃ
919 1481 1019 1533 ug„
1050 1463 1148 1529 οὐχ
1181 1453 1348 1530 ἧσσον
1381 1463 1543 1513 ποθεῖ

303 1547 408 1606 πᾶς
438 1562 516 1605 τις
550 1544 798 1609 δακρύειν
830 1538 958 1605 τοὺς
990 1545 1352 1611 προςήκοντας
1386 1542 1593 1609 φίλους.

169 1624 396 1676 Abducta
430 1627 524 1674 iam
562 1627 623 1674 ad
659 1627 954 1692 supplicium
989 1626 1138 1675 Inone
1174 1643 1285 1676 cum
1319 1626 1442 1683 filio,
1477 1624 1750 1685 relictoque
1789 1623 1840 1672 in

168 1711 315 1754 scena
349 1706 676 1767 Athamante,
725 1707 981 1754 descendit
1016 1705 1080 1754 de
1115 1707 1254 1754 coelo
1289 1705 1440 1753 Liber
1498 1709 1841 1766 servatamque

170 1800 199 1833 a
234 1801 290 1834 se
323 1787 562 1834 nutricem
614 1801 752 1833 suam
797 1785 1026 1834 ostendit.
1095 1786 1349 1850 Hyginus:
1417 1782 1588 1844 „Quos
1633 1798 1744 1830 cum
1779 1782 1842 1830 ad

169 1864 460 1929 supplicium
498 1866 703 1913 duceret
735 1861 1015 1929 (Phrixus),
1050 1863 1199 1913 Liber
1234 1869 1376 1928 pater
1411 1864 1456 1911 ei
1478 1862 1735 1924 caliginem
1766 1862 1841 1909 in-

172 1943 316 2002 iecit,
373 1950 425 1993 et
458 1944 544 1992 Ino
578 1960 717 1993 suam
751 1944 994 1992 nutricem
1032 1942 1260 2007 eripuit.'’
1330 1943 1421 1990 His
1457 1940 1681 1990 addenda
1717 1955 1842 2003 quae

171 2023 219 2070 in
266 2023 493 2086 sequenti
544 2024 702 2087 capite
749 2024 1028 2087 perscripta
1079 2029 1223 2071 sunt:
1293 2016 1547 2084 „Phrixus
1602 2024 1658 2068 et
1694 2021 1840 2069 Helie

169 2102 354 2150 insania
386 2104 446 2152 ab
480 2102 660 2151 Libero
696 2103 919 2162 obiecta,
956 2118 1068 2151 cum
1114 2103 1163 2151 in
1209 2102 1329 2150 silva
1376 2105 1613 2158 errarent,
1651 2099 1843 2149 Nebula

166 2185 325 2230 mater
371 2190 435 2231 eo
461 2182 641 2231 dicitur
683 2183 877 2231 venisse
913 2188 962 2231 et
995 2183 1201 2231 arietem
1236 2182 1513 2230 inauratum
1550 2180 1840 2237 adduxisse,

169 2259 387 2325 Neptuni
425 2268 478 2312 et
511 2262 843 2326 Theophanes
877 2263 1053 2320 filium,
1090 2278 1301 2327 eumque
1334 2267 1476 2310 natos
1511 2275 1628 2307 suos
1664 2275 1844 2307 ascen-

167 2339 287 2390 dere
320 2342 465 2391 iussit
499 2348 549 2391 et
575 2342 790 2391 Colchos
814 2344 876 2392 ad
898 2359 1069 2409 regem
1097 2343 1288 2405 Aetam,
1320 2341 1449 2389 Solis
1478 2340 1651 2402 filium,
1680 2344 1842 2388 trans-

166 2419 241 2469 ire
286 2421 454 2486 ibique
499 2423 701 2471 arietem
736 2421 888 2471 Marti
922 2423 1228 2472 immolare.’'
1297 2421 1398 2470 Sed
1432 2422 1705 2468 accuratius
1739 2421 1842 2468 Eu-

166 2499 343 2565 ripidis
389 2502 593 2568 vestigia
642 2502 972 2566 Apollodorus
1018 2509 1218 2552 secutus
1267 2517 1379 2551 esse
1412 2500 1634 2549 videtur:
1705 2499 1840 2561 „Ne-

128 2641 133 2647 .
168 2579 317 2644 pheie
363 2588 527 2631 autem
577 2582 743 2648 ipsum
792 2600 901 2632 cum
948 2583 1051 2632 filia
1099 2599 1189 2631 sua
1225 2583 1406 2645 eripuit
1440 2586 1492 2628 et
1526 2597 1554 2627 a
1589 2579 1841 2628 Mercurio

165 2663 423 2725 acceptum
459 2663 595 2711 aurei
627 2663 826 2712 veileris
862 2664 1067 2713 arietem
1103 2664 1149 2711 ei
1187 2662 1401 2720 donavit,
1437 2675 1534 2723 quo
1570 2675 1718 2721 quum
1752 2675 1844 2723 per

163 2754 331 2788 aerem
365 2742 690 2804 veherentur,
734 2744 967 2808 quicquid
1012 2748 1177 2792 terrae
1226 2759 1283 2790 ac
1317 2741 1464 2789 maris
1499 2739 1841 2798 interiacebat,

168 2827 475 2884 superarunt.
542 2821 643 2870 Ubi
675 2827 841 2872 autem
886 2823 947 2871 ad
991 2823 1192 2885 fretum,
1229 2821 1358 2887 quod
1396 2820 1595 2884 Sigeum
1631 2820 1760 2866 inter
1794 2827 1845 2866 et

166 2898 533 2949 Chersonesum
565 2901 710 2964 iacet,
746 2909 1103 2967 pervenerunt,
1151 2902 1300 2950 Helle
1331 2900 1382 2948 in
1417 2898 1720 2964 profundum
1754 2897 1843 2945 de-

168 2978 310 3043 lapsa
343 2980 510 3044 ibique
544 2984 784 3032 exstincta
820 2989 925 3045 est,
969 2986 1100 3033 unde
1135 2971 1195 3031 ab
1232 2997 1292 3029 ea
1324 2979 1506 3028 fretum
1541 2977 1845 3041 Hellespon-

166 3063 246 3107 tus
281 3059 577 3123 appeilatum
616 3068 706 3113 est.
776 3062 984 3112 Phrixus
1034 3069 1198 3113 autem
1247 3062 1298 3108 in
1342 3058 1556 3107 Colchos
1601 3057 1843 3121 pervenit,

165 3138 249 3187 ubi
294 3140 447 3189 Aetcs
497 3140 775 3203 regnabat.”
857 3141 1214 3191 Testimonium
1271 3139 1417 3189 huius
1479 3137 1842 3202 praedictionis,

166 3233 307 3281 quam
340 3218 579 3277 Phrixus,
616 3221 838 3283 quamvis
872 3221 1046 3285 procul
1080 3237 1280 3281 errans,
1331 3234 1393 3268 ex
1428 3209 1512 3266 dei
1549 3233 1637 3266 ore
1673 3217 1843 3264 audie—

165 3298 267 3354 bat,
303 3303 462 3346 exstat
496 3301 628 3363 apud
661 3301 814 3349 schol.
843 3302 1066 3364 Apollon.
1098 3302 1156 3359 n,
1178 3303 1302 3350 382:
1351 3294 1430 3347 ὅτι
1464 3294 1522 3347 δὲ
1555 3298 1719 3363 νῆσος
1753 3291 1846 3344 αὕ-

165 3392 228 3442 τη
256 3377 478 3440 ὄρνιθας
506 3373 605 3441 ἔχει
630 3377 948 3441 τοξευούσας
977 3383 1089 3441 τοῖς
1113 3381 1321 3445 πτεροῖς
1362 3376 1433 3438 ὡς
1459 3375 1677 3441 βέλεσιν,
1716 3373 1847 3424 ἱστο-

166 3457 251 3520 ρεῖ
292 3454 379 3508 καὶ
413 3456 706 3525 Εὐριπίδης
738 3455 804 3510 ἐν’
833 3458 1022 3528 Φρίξῳ.
1070 3463 1214 3511 Unde
1237 3459 1456 3526 pericula
1474 3458 1662 3507 itineris
1687 3456 1850 3505 omnia

1404 3540 1468 3585 10
1494 3537 1523 3570 *
