2170 3866
973 241 1097 301 513

174 392 276 446 τοῦ
318 389 619 458 ἀδελφιδοῦ
665 389 838 442 αὐτοῦ
885 387 1213 455 Εὐριπίδου.
1295 387 1470 439 Paullo
1517 391 1686 439 autem
1731 390 1880 437 antea

171 476 362 526 haecce
395 474 594 540 posuit:
643 469 948 538 Εὐριπίδης
991 469 1244 538 τραγικὸς
1289 470 1389 520 τοῦ
1422 465 1692 534 προτέρου
1726 466 1878 520 ἀδελ-

173 553 389 622 φιδοῦς,
422 550 496 614 ὡς
529 553 825 614 Διονύσιος
859 548 918 604 ἐν
949 554 1240 620 χρονικοῖς.
1290 543 1536 616 ’Έγραψε
1571 547 1630 601 δὲ
1654 542 1878 616 Ὁμηρι-

171 634 278 703 κὴν
323 633 566 699 ἔκδοσιν,
613 632 659 685 εἰ
704 632 778 701 μὴ
823 634 930 698 ἄρα
977 630 1164 698 ἑτέρου
1211 628 1333 683 ἐστί.
1399 630 1666 698 Δράματοε
1707 630 1880 684 αὐτοῦ

174 720 372 770 ταῦτα·
413 710 692 782 Ὀρέστης,
743 713 991 781 Μήδειοι,
1026 710 1327 778 Πολυξένη.
1405 713 1585 778 Neque
1630 712 1880 778 Hyginus,

175 800 265 865 qui
295 797 452 848 multa
486 797 674 862 passim
708 796 869 846 vicina
903 794 1232 863 confudit*),
1280 810 1445 859 neque
1491 793 1765 858 Dionysius
1801 793 1880 842 di-

175 894 306 946 gnus
340 883 450 940 est,
502 877 644 927 cuius
679 878 1024 927 auctoritatem
1069 875 1455 926 didascaliarum
1499 874 1624 923 fidei
1669 879 1881 940 antepo-

176 974 373 1017 namus,
409 974 522 1008 cum
557 958 856 1024 praesertim
890 957 1048 1022 magis
1082 956 1297 1006 idoneus
1330 954 1466 1004 filius
1511 954 1671 1019 ipsius
1706 953 1881 1017 fuisse,

177 1039 264 1105 qui
311 1039 467 1105 patris
502 1037 614 1088 loco
648 1043 998 1100 coronaretur,
1046 1053 1195 1102 quam
1230 1035 1404 1086 fratris
1439 1034 1683 1084 videatur.
1752 1034 1881 1084 Tra-

176 1119 415 1169 diderunt
447 1124 608 1168 artem
642 1118 759 1167 filiis
793 1118 1106 1183 AeschyluS,
1142 1116 1447 1182 SophocleS,
1487 1115 1880 1181 Aristophanes:

179 1198 352 1264 quidni
397 1199 548 1266 igitur
583 1198 738 1248 etiam
772 1214 836 1248 ex
870 1197 1126 1263 Euripidis
1161 1197 1276 1246 filiis
1312 1212 1464 1246 unum
1511 1196 1672 1261 patris
1707 1196 1882 1247 volun-

178 1280 268 1330 tati
301 1278 624 1345 respondisse
660 1278 962 1329 credamus?

309 1358 536 1408 Fuerunt
579 1359 665 1422 qui
697 1357 1008 1424 Iphigeniam
1043 1357 1156 1406 Aul.
1194 1373 1286 1422 per
1319 1357 1563 1406 iuniorem
1597 1357 1736 1406 illum
1777 1356 1882 1406 Eu-

174 1438 391 1504 ripidem
413 1437 768 1503 interpolatam
792 1454 908 1488 esse
938 1438 1320 1497 contenderent,
1356 1438 1452 1486 etsi
1477 1438 1542 1486 de
1568 1437 1883 1487 correctione

176 1517 577 1584 tragoediarum,
626 1534 748 1582 quas
793 1518 879 1568 ille
899 1530 906 1537 ”
926 1519 1086 1583 patris
1133 1517 1246 1567 loco
1291 1517 1602 1567 commisisse
1648 1517 1884 1578 traditur,

175 1603 402 1648 veterum
436 1613 583 1647 nemo
617 1598 853 1661 cogitavit
885 1602 937 1647 et
971 1598 1180 1664 prioris,
1214 1613 1311 1648 non
1346 1597 1556 1647 iunioris
1567 1635 1583 1660 ,
1623 1596 1883 1662 Euripidis

177 1677 479 1728 carminibus
529 1678 784 1727 victoriam
831 1693 1119 1727 concessam
1156 1694 1270 1727 esse
1306 1694 1480 1727 omnes
1515 1677 1714 1726 docent.
1782 1678 1880 1727 Ae-

178 1758 341 1823 schyli
375 1757 578 1823 quidem
608 1758 864 1819 dramatis,
891 1762 945 1807 ut
977 1763 1186 1822 possent
1219 1758 1422 1822 placere
1458 1762 1512 1807 et
1535 1774 1649 1807 cum
1675 1756 1885 1822 politio·-

175 1838 315 1888 ribus
349 1838 682 1888 recentiorum
716 1843 980 1902 poetarum
1015 1844 1272 1887 certamen
1313 1838 1469 1896 inire,
1516 1837 1885 1887 correctionem

176 1917 507 1968 adhibendam
545 1933 661 1967 esse
694 1917 1031 1967 Athenienses
1066 1918 1410 1967 decreverant.
1481 1916 1582 1968 Sed
1618 1917 1731 1981 quis
1767 1932 1885 1966 cre-

178 1997 266 2047 dat
295 2002 382 2047 aut
414 2002 517 2047 tam
554 1998 760 2063 impium
796 1997 955 2047 fuisse
989 1998 1147 2047 filium
1176 1998 1453 2064 Euripidis,
1487 2003 1548 2046 ut
1583 1997 1738 2061 patris
1772 2012 1883 2047 car-

177 2077 330 2137 mina,
363 2093 462 2127 non
480 2077 866 2154 ‘postulantibus
890 2078 1101 2140 civibuS,
1136 2077 1484 2142 interpolando
1517 2082 1883 2140 corrumperet,

178 2162 268 2207 aut
290 2162 389 2206 tam
416 2157 657 2221 insipidos
684 2157 1039 2218 Athenienses,
1065 2164 1121 2208 ut
1149 2158 1342 2223 turpius
1369 2157 1706 2207 deformatum
1734 2172 1884 2221 opuS,

177 2254 324 2304 quam
350 2238 486 2301 quod
508 2242 760 2286 nostrates
789 2239 1102 2303 grammatici
1124 2239 1307 2298 ferant,
1342 2237 1416 2286 illi
1442 2252 1537 2302 pro
1563 2238 1758 2302 integro
1789 2237 1886 2286 sibi

175 2306 421 2368 venditari
455 2318 783 2382 paterentur?
835 2317 1026 2380 Quodsi
1062 2318 1369 2384 Iphigeniam
1404 2318 1502 2367 nisi
1534 2316 1884 2382 interpolatam

176 2397 266 2447 ille
299 2397 526 2447 docendo
560 2397 793 2446 idoneam
831 2413 946 2447 esse
968 2404 1251 2462 negaverat,
1289 2399 1457 2463 quidni
1481 2397 1632 2446 etiam
1659 2396 1883 2446 Bacchas

177 2476 545 2541 interpolaret?
590 2476 909 2538 lnchoatum,
936 2478 1201 2542 inquiunt,
1252 2495 1280 2527 a
1314 2484 1458 2543 patre
1491 2477 1724 2526 relictum
1757 2492 1885 2542 opus

179 2555 314 2604 filius
347 2555 580 2621 perfecit.
648 2557 742 2618 At,
793 2572 823 2605 ο
858 2557 1003 2618 boni,
1044 2564 1187 2607 estne
1220 2559 1317 2607 hoc
1351 2558 1601 2622 perficere
1615 2593 1631 2617 ,
1680 2556 1725 2605 si
1771 2558 1884 2622 quis

179 2637 400 2685 lacerata
434 2636 660 2700 miroque
693 2635 844 2686 modo
879 2637 1168 2701 perturbata
1220 2638 1457 2687 exhibeat
1502 2652 1629 2701 quae
1677 2651 1885 2701 compo-

181 2717 280 2765 sita
311 2721 456 2764 antea
509 2721 560 2763 et
594 2731 811 2781 congrua
853 2716 1014 2765 fuisse
1048 2716 1200 2766 facile
1231 2717 1520 2780 intelligas?
1574 2717 1886 2766 Retractavit

181 2794 314 2844 filius
353 2794 596 2860 quadam
630 2803 946 2859 paternarum
982 2797 1347 2862 tragoediarum
1381 2800 1671 2859 argumenta
1705 2797 1795 2857 sic,
1831 2800 1887 2846 ut

180 2890 390 2940 operum
424 2874 572 2923 huius
609 2880 662 2923 et
696 2875 826 2924 illius
862 2876 1125 2925 diversitas
1148 2877 1397 2926 neminem
1433 2875 1636 2926 falleret
1671 2882 1724 2926 et
1754 2875 1885 2926 Ore-

183 2960 288 3004 stes
334 2959 487 3018 atque
531 2952 717 3003 Medea
760 2954 958 3005 fabulae
1004 2957 1094 3004 filii
1126 2972 1156 3004 a
1204 2955 1579 3022 cognominibus
1613 2956 1772 3020 patris
1806 2955 1884 3005 fa-

183 3033 315 3084 bulis
351 3032 499 3083 facile
535 3033 960 3097 dignoscerentur.
1030 3034 1217 3099 Quidni
1248 3036 1400 3102 igitur
1426 3036 1576 3086 etiam
1601 3035 1886 3102 Iphigeniae

237 3230 289 3285 *)
318 3230 421 3272 Ηοο
451 3228 634 3284 quidem
661 3229 763 3271 loco
795 3229 856 3272 ad
882 3228 1146 3285 Euripidem
1176 3229 1456 3273 transtulisse
1485 3229 1666 3274 videtur
1688 3242 1807 3285 quae
1830 3229 1887 3273 de

321 3300 554 3354 Sophocle
584 3299 903 3352 tradebantur3
935 3300 992 3343 cf.
1019 3313 1194 3356 argum.
1221 3300 1382 3356 Oedip.
1415 3301 1540 3344 θοις
1569 3298 1654 3344 τὸν
1680 3297 1758 3343 ἐπὶ
1785 3301 1888 3343 Ko-

323 3370 454 3428 λωνῷ
494 3369 730 3413 Οἰδίποδα
759 3367 836 3415 ἐπὶ
864 3368 1210 3425 τετελευτηκότι
1237 3370 1304 3427 τῷ
1335 3367 1515 3429 πάππῳ
1567 3369 1821 3426 Σοφοκλῆς
1860 3366 1887 3412 ὁ

320 3437 491 3492 ’ὑϊδοῦς
517 3438 748 3494 ἐδίδαξεν.

245 3508 308 3561 Τ.
330 3510 394 3562 11.
1489 3513 1555 3561 33
