2124 3860
1041 278 1166 335 364

275 424 379 475 bari
421 426 524 472 tum
559 438 649 484 eo,
685 423 814 487 quod
848 422 1095 475 interdum
1131 440 1226 475 nou
1263 426 1330 475 sit
1361 427 1723 493 improbabilis:
1768 430 1939 480 verisi-

274 505 389 552 mile
434 503 564 551 enim
611 519 747 566 esse,
806 505 958 554 multa
1004 506 1152 555 etiam
1202 512 1372 556 contra
1417 508 1521 556 veri
1566 504 1938 560 similitudinem

276 584 501 642 evenire3
538 583 603 631 cf.
634 583 692 633 T.
723 583 754 633 l.
784 602 832 650 p.
863 588 976 634 378.
1742 619 1779 660 0

402 663 550 712 Haud
583 670 661 738 est
694 666 954 714 verisimile
989 667 1153 726 dictu,
1202 683 1347 731 quam
1382 666 1545 732 largus
1579 667 1792 718 indoctis
1827 670 1939 719 fons

273 758 499 792 errorum
535 744 599 792 sit
634 745 796 808 opinio
832 761 940 808 una,
977 763 1070 810 qua
1104 764 1216 795 vera
1252 747 1360 812 ipsa
1396 747 1597 810 solaque
1631 749 1791 813 poetis
1825 749 1938 797 imi-

271 822 417 871 tanda
466 839 577 871 esse
620 824 927 875 arbitrantur.
994 827 1062 876 Et
1097 828 1220 886 suit,
1257 843 1405 890 quum
1441 828 1598 875 nostri
1632 843 1812 891 genera
1845 829 1938 877 im-

269 903 580 968 possibilium
630 906 786 952 omnia
834 905 1057 955 odissent
1102 912 1154 955 et
1201 907 1426 955 exsulare
1467 923 1495 954 e
1529 907 1823 956 carminibus
1857 923 1938 956 se-

269 997 385 1031 vere
421 982 666 1044 iuberent,
703 999 823 1046 quos
860 990 912 1032 et
937 986 1182 1035 Goethius
1209 986 1529 1050 reprehendit
1550 986 1757 1051 dialogo,
1794 1004 1938 1052 quem

267 1061 334 1110 de
379 1061 509 1109 veris
545 1067 596 1109 et
641 1063 988 1114 verisimilibus
1021 1067 1266 1114 imitandis
1313 1066 1617 1130 composuit,
1665 1074 1714 1116 et
1759 1066 1940 1116 festive

267 1141 384 1190 risit
428 1140 662 1190 'l‘ieckius
700 1142 945 1203 dramate,
997 1146 1127 1208 quod
1173 1146 1287 1194 felis
1323 1146 1509 1194 ocreati
1542 1147 1735 1195 nomine
1768 1147 1938 1196 inscri-

266 1221 383 1286 psit.
451 1220 559 1270 Non
593 1238 731 1281 vera,
782 1224 867 1271 sed
904 1224 1077 1272 similia
1112 1226 1243 1274 veris
1279 1225 1524 1288 effingunt
1558 1231 1764 1290 poetae,
1818 1243 1936 1290 qua-

266 1305 475 1365 propter
523 1300 584 1348 iis
635 1303 909 1365 „quidlibet
957 1304 1169 1352 audendi
1223 1321 1418 1369 semper
1462 1305 1557 1354 fuit
1599 1321 1752 1369 aequa
1795 1313 1936 1371 pote-

243 1380 433 1440 ssstas'';
474 1395 634 1442 neque
683 1383 783 1430 sola
831 1390 1034 1432 naturae
1083 1385 1127 1432 vi
1162 1385 1436 1442 imitantur,
1473 1386 1561 1433 sed
1598 1385 1742 1434 simul
1776 1385 1934 1434 consi-

264 1459 383 1508 lium
419 1460 674 1522 adhibent,
723 1467 780 1510 ut
824 1463 889 1510 sit
923 1464 1113 1511 animus
1149 1479 1317 1511 eorum
1353 1464 1484 1512 inter
1517 1471 1735 1512 naturam
1771 1469 1823 1513 et
1855 1480 1932 1513 ra-

264 1540 449 1589 tionem
485 1542 625 1603 quasi
661 1558 946 1606 suspensuS,
981 1549 1030 1591 et
1064 1543 1229 1591 furant
1265 1544 1352 1602 sic,
1388 1549 1442 1592 ut
1475 1544 1627 1592 iidem
1648 1545 1745 1592 sint
1769 1549 1934 1594 mente

264 1621 538 1669 sanissima.
607 1622 799 1670 Accidit
845 1630 1007 1671 autem
1053 1627 1102 1669 et
1135 1623 1293 1686 poetis
1327 1623 1603 1683 interdum,
1651 1629 1701 1672 et
1745 1623 1932 1688 saepis-

266 1700 391 1750 sime
424 1700 702 1759 actoribus,
748 1710 802 1750 ut
847 1719 874 1750 a
907 1702 1124 1767 fingendi
1160 1707 1264 1749 arte
1298 1703 1579 1751 aberrantes
1613 1704 1675 1751 ad
1709 1709 1932 1752 naturam

262 1780 520 1830 molestius
580 1780 882 1830 reddendam
938 1783 1085 1831 nimio
1137 1781 1357 1830 imitandi
1415 1783 1581 1831 studio
1629 1782 1931 1842 delabantur,

263 1860 396 1924 quod
453 1876 606 1925 genus
663 1862 947 1911 imitationis
1003 1859 1321 1924 κακοζηλίαν
1368 1868 1563 1911 veteres
1609 1861 1932 1926 appellabant,

262 1941 401 1990 cuius
436 1955 530 1988 non
566 1940 775 1989 alienum
811 1958 922 1990 esse
955 1944 1168 1991 arbitror
1202 1942 1480 2006 exemplum
1515 1957 1575 1989 ex
1608 1940 1821 1990 Luciauo
1856 1941 1931 1990 af-

261 2019 414 2082 ferre,
450 2021 532 2083 qui
566 2020 616 2069 in
650 2021 728 2082 iis,
764 2037 887 2084 quae
923 2022 986 2070 de
1018 2021 1280 2071 saltatione
1316 2022 1560 2082 disseruit,
1601 2021 1784 2069 haecce
1817 2036 1929 2070 nar-

261 2106 365 2148 rat:
413 2100 631 2163 Accidit,
681 2101 1088 2165 quemadmodum
1135 2103 1183 2150 in
1218 2102 1453 2162 dicendo,
1499 2102 1567 2148 ita
1612 2100 1662 2148 in
1710 2100 1931 2149 saltando

262 2194 461 2242 quoque
495 2194 582 2238 ea,
620 2197 764 2244 quam
799 2181 973 2244 vulgus
1009 2181 1158 2241 dicit,
1201 2178 1514 2243 κακοζηλία,
1549 2181 1750 2228 modum
1783 2196 1929 2228 exce-

260 2258 410 2307 dente
444 2257 702 2306 saltatione
739 2263 787 2306 et
821 2275 1147 2323 supraquam
1193 2260 1336 2308 decet
1383 2259 1709 2307 contendente
1741 2263 1792 2305 et
1826 2259 1929 2306 sive

261 2338 382 2403 quid
426 2338 586 2402 magni
633 2339 1103 2401 repraesentandum
1149 2343 1225 2386 est
1270 2339 1318 2385 in
1351 2339 1506 2385 maius
1540 2342 1775 2399 augente,
1825 2337 1927 2385 sive

261 2419 379 2484 quid
428 2417 576 2465 molle
610 2433 668 2465 ac
701 2424 956 2478 tenerum,
1003 2418 1051 2466 in
1086 2417 1415 2466 effeminatum
1451 2417 1777 2481 depravante,
1824 2417 1927 2465 sive

262 2498 379 2563 quid
425 2497 592 2556 virile,
647 2513 802 2559 usque
851 2498 913 2545 ad
956 2497 1208 2545 feritatem
1256 2496 1547 2544 extollente:
1598 2495 1789 2559 qualem
1834 2511 1926 2559 ego

259 2578 504 2642 quondam
539 2592 619 2624 me
652 2577 937 2625 saltatorem
965 2578 1132 2625 videre
1158 2576 1372 2636 memini,
1410 2576 1699 2639 prudentem
1726 2575 1926 2638 quidem

260 2658 379 2707 alias
416 2662 465 2704 et
498 2672 611 2704 vere
647 2658 843 2721 dignum
882 2646 1226 2718 a'dmiratione,
1269 2655 1355 2703 sed
1390 2657 1557 2704 nescio
1594 2670 1689 2718 quo
1723 2671 1842 2704 casu
1874 2656 1925 2704 iu

259 2737 534 2787 deformem
569 2737 808 2785 actionem
843 2736 1069 2785 affectata
1105 2736 1373 2783 imitatione
1406 2735 1759 2783 devenientem.
1828 2735 1925 2797 Qui

260 2832 411 2880 quum
447 2817 647 2864 Aiacem
697 2816 925 2874 saltaret,
980 2817 1141 2864 statim
1179 2821 1436 2879 postquam
1475 2815 1632 2862 victus
1665 2819 1798 2862 esset
1841 2814 1923 2863 fu-

257 2899 475 2954 rentem,
511 2896 560 2943 in
594 2901 783 2943 tantum
819 2895 1088 2952 aberravit,
1123 2900 1178 2942 ut
1210 2910 1304 2943 non
1339 2895 1517 2942 imitari
1550 2893 1799 2955 insaniam,
1834 2893 1923 2942 sed

258 2989 429 3022 revera
463 2974 570 3036 ipse
603 2975 816 3023 insanire
851 2976 1027 3023 merito
1061 2979 1230 3038 posset
1256 2974 1424 3022 videri.
1491 2973 1646 3021 Unius
1672 2973 1798 3040 enim
1835 2988 1921 3021 eo-

258 3069 395 3114 rum,
445 3053 526 3114 qui
563 3053 906 3102 calceamentis
940 3054 1116 3102 ferreis
1152 3054 1515 3116 instrepebant,
1550 3056 1735 3100 vestem
1771 3050 1920 3099 disci-

259 3133 360 3193 dit,
407 3131 549 3180 unius
597 3133 847 3181 tibicinum
892 3134 1060 3182 tibiam
1108 3137 1388 3196 correptam
1442 3132 1636 3195 Ulyssis
1682 3129 1919 3179 adstantis

259 3218 312 3262 et
345 3210 542 3260 victoria
586 3212 698 3260 elati
749 3213 898 3276 capiti
932 3211 1159 3276 infregit,
1212 3217 1262 3259 et
1296 3213 1390 3260 nisi
1422 3211 1549 3275 pilus
1584 3211 1780 3258 obstans
1816 3208 1920 3271 pla-

259 3307 351 3355 gae
393 3295 583 3354 partem
631 3307 854 3354 magnam
900 3291 1202 3354 excepisset,
1259 3291 1470 3354 perisset
1513 3288 1663 3336 miser
1710 3286 1919 3350 Ulysses

260 3370 482 3419 saltatori
514 3370 684 3419 obvius
718 3386 912 3419 vesano.
980 3371 1046 3420 At
1077 3369 1318 3417 theatrum
1354 3369 1630 3417 uuiversum
1663 3382 1757 3414 una
1782 3366 1919 3415 fure·-

259 3449 343 3499 bat
378 3454 429 3499 et
463 3450 753 3500 exsiliebant
795 3449 1020 3500 homiues
1053 3452 1106 3498 et
1139 3448 1414 3500 clamabant
1447 3454 1498 3498 et
1528 3451 1691 3496 vestes
1723 3446 1923 3498 abiicie-
