2170 3866
937 247 1063 308 543

160 400 456 451 discernens
491 398 553 449 ab
587 394 861 460 alterutriS,
895 396 987 448 sed
1014 395 1077 447 ab
1110 393 1341 445 omnibns
1363 393 1643 460 aequaliter
1670 410 1730 446 se
1762 395 1864 446 coli

160 480 430 548 postulat.”

292 560 568 611 Intervenit
601 573 818 625 peregre
851 556 1054 607 rediens
1086 555 1344 605 Pentheus
1391 568 1481 605 rex
1514 554 1591 604 ira
1623 557 1865 621 percitus,

160 641 397 705 quoniam
432 641 619 691 certior
653 640 819 689 factus
853 642 933 688 est
966 638 1032 686 de
1077 636 1342 686 mulierum
1386 635 1587 685 licentia
1632 637 1683 685 in
1730 637 1867 687 silvis

160 722 558 783 lascivientium,
604 737 718 770 cum
763 718 1048 776 Bacchum,
1100 716 1506 766 commenticium
1555 717 1733 778 deum,
1778 733 1866 767 co-

161 802 282 852 lant.
353 801 502 863 Esse,
535 802 622 861 ait,
658 802 710 850 in
743 800 908 849 medio
943 799 1115 864 plenas
1150 803 1373 847 crateras
1398 797 1606 862 positaS,
1643 804 1697 847 et
1720 798 1866 848 aliam

161 882 257 931 alio
291 881 341 931 in
376 882 695 932 solitudinem
731 879 1026 940 concedere,
1063 885 1119 929 ut
1156 878 1373 927 virorum
1404 870 1670 928 concubitu
1703 878 1868 928 indul-

160 967 303 1027 geat,
347 962 603 1012 Bacchum
648 961 835 1013 Veneri
869 965 1264 1026 praetexentem.
1343 958 1522 1023 Itaque
1569 974 1626 1009 se
1669 966 1868 1025 partem

162 1058 334 1092 earum
368 1042 467 1091 iam
501 1043 702 1108 cepisse
738 1048 791 1091 et
816 1041 1061 1091 custodiri
1084 1041 1309 1101 iussisse,
1344 1039 1583 1103 reliqum,
1618 1041 1866 1106 imprimis

160 1123 382 1184 Inonem,
418 1123 639 1188 Agaven,
675 1129 886 1172 matrem
922 1138 1082 1183 suam,
1118 1127 1169 1170 et
1203 1122 1498 1182 Autonoen,
1532 1121 1866 1185 investigatu-

162 1220 293 1263 rum,
329 1209 383 1252 ut
421 1208 592 1268 captas
627 1202 811 1251 ferreis
848 1202 1147 1251 constrictas
1181 1201 1390 1251 vinculis
1425 1200 1486 1249 ab
1518 1201 1744 1264 improba
1769 1201 1870 1251 ista

160 1283 490 1333 bacchatione
536 1281 784 1332 cohibeat.
864 1281 1084 1333 Venisse
1126 1295 1188 1330 ex
1234 1281 1393 1345 Lydia
1435 1281 1869 1345 praestigiatorem

159 1363 426 1427 quendam,
448 1355 590 1410 fflava
624 1361 850 1411 caesarie
885 1361 1145 1422 decorum,
1180 1361 1358 1409 miram
1384 1361 1543 1410 oculis
1572 1361 1868 1427 nigricanti-

158 1443 254 1492 bus
287 1445 601 1492 venustatem
635 1442 921 1503 habentem,
958 1458 1107 1507 quem
1142 1441 1253 1491 dies
1283 1446 1559 1506 noctesque
1585 1457 1700 1491 cum
1726 1443 1870 1508 puel·

159 1524 222 1573 lis
257 1524 544 1573 conversari
581 1539 722 1573 sacra
749 1529 945 1572 secreta
968 1523 1396 1587 praetendentem.
1447 1523 1597 1585 Eum,
1624 1523 1710 1573 ubi
1732 1539 1870 1573 com-

160 1603 445 1669 prehensus
496 1603 680 1664 fuerit,
730 1609 928 1653 resecta
979 1603 1203 1666 cervice,
1254 1604 1554 1654 destiturum
1603 1609 1754 1669 caput
1797 1605 1870 1654 ia·-

160 1688 300 1734 ctare
332 1683 563 1748 Iovisque
594 1684 792 1735 femore
826 1699 883 1734 ae
916 1683 1113 1734 editum
1148 1700 1264 1735 esse
1299 1684 1472 1735 dicere
1503 1691 1558 1735 et
1608 1690 1868 1736 contume-

162 1764 290 1814 liose
322 1765 538 1814 irridere
571 1765 780 1815 civitati.

298 1844 442 1894 Haec
491 1862 605 1894 cum
647 1846 846 1895 theatro
903 1845 1102 1896 locutus
1148 1844 1402 1896 Pentheus
1451 1861 1581 1896 novo
1624 1846 1869 1897 miraculo

160 1931 528 1987 commovetur,
576 1926 889 1992 conspiciens
934 1943 1081 1976 avum
1117 1943 1263 1976 suum
1297 1943 1412 1977 cum
1446 1927 1646 1977 Tiresia
1678 1942 1871 1994 augure

159 2005 295 2071 pelle
327 2023 387 2056 ac
420 2007 595 2072 thyrso
631 2010 878 2059 ornatum.
945 2006 1114 2057 Pudet
1145 2024 1255 2069 me,
1289 2008 1483 2073 inquit,
1531 2008 1667 2057 senis
1701 2007 1870 2070 deliri,

158 2085 412 2136 Tiresiam
446 2103 568 2136 vero
601 2087 729 2138 lucri
775 2104 953 2137 caussa
997 2104 1181 2138 novum
1223 2089 1375 2138 deum
1422 2088 1666 2140 inducere
1700 2089 1867 2154 suspi-

161 2182 279 2216 cor:
310 2168 449 2231 quod
482 2169 580 2217 nisi
615 2168 824 2217 canities
860 2185 976 2218 eum
1011 2174 1284 2231 tutaretur,
1334 2169 1554 2219 vinctum
1588 2185 1703 2219 cum
1737 2170 1867 2219 Bac-

159 2246 270 2296 chis
315 2263 430 2296 eum
478 2248 722 2297 custodiri
764 2249 992 2299 iuberem
1039 2267 1190 2315 prava
1237 2250 1672 2300 commendantem
1707 2266 1867 2303 sacra.

158 2326 294 2390 Quid
328 2329 459 2377 enim
493 2329 602 2377 sani
637 2345 846 2395 sperare
878 2330 1015 2392 licet,
1061 2330 1145 2379 ubi
1180 2330 1395 2381 feminae
1428 2332 1540 2380 vino
1574 2330 1869 2395 indulgent‘l

295 2407 481 2457 Contra
513 2409 641 2459 haec
673 2410 827 2475 impie
862 2410 996 2460 dicta
1029 2410 1251 2460 Tiresias
1288 2412 1517 2476 disputat
1550 2411 1654 2471 sic,
1689 2416 1868 2461 utnon

160 2486 438 2537 Pentheum
473 2488 665 2552 solum,
699 2492 791 2539 sed
824 2490 978 2539 etiam
1012 2491 1428 2556 philosophorum
1464 2507 1581 2552 eos,
1628 2491 1714 2554 qui
1746 2490 1867 2540 reli-

160 2567 335 2632 giones
383 2573 656 2632 spernunt,
704 2571 931 2620 refutare
975 2572 1218 2621 videatur.
1310 2570 1574 2632 „Volubili
1622 2571 1866 2631 oratione,

160 2648 305 2711 quasi
339 2649 522 2713 sapias,
556 2651 711 2699 uteris
730 2668 746 2713 3
785 2651 876 2700 sed
910 2651 1040 2700 nulla
1069 2652 1238 2701 verbis
1263 2653 1394 2701 inest
1416 2652 1713 2717 prudentia3
1750 2667 1867 2702 con-

162 2728 326 2778 fidens
359 2736 531 2778 autem
563 2736 842 2795 potensque
876 2733 954 2780 vir
987 2732 1121 2781 idem
1164 2732 1399 2781 facundia
1443 2732 1641 2798 pollens
1687 2732 1866 2781 damna

162 2807 318 2858 infert
352 2809 559 2872 civibus,
595 2811 638 2859 si
672 2828 821 2876 prava
856 2816 938 2861 est
972 2819 1153 2861 mente.
1222 2813 1386 2861 Prima
1422 2817 1538 2860 sunt
1569 2813 1700 2861 vitae
1728 2828 1864 2862 mor-

162 2889 340 2937 talium
372 2890 573 2938 numina
609 2890 765 2940 Ceres
800 2898 855 2942 et
902 2893 1157 2953 Bacchus,
1205 2893 1292 2941 illa
1327 2893 1494 2955 arido,
1538 2892 1622 2940 hic
1655 2892 1864 2943 humido

159 2967 295 3017 victu
340 2985 551 3033 corpora
585 2970 741 3020 alens.
821 2972 1042 3022 Uvarum
1089 2974 1222 3022 enim
1266 2974 1466 3023 laticem
1512 2973 1731 3037 invenit,
1778 2974 1863 3037 qui

159 3048 471 3114 aegritudine
504 3050 743 3099 mortales
790 3068 1116 3102 aerumnosos
1151 3054 1286 3103 levat
1320 3062 1372 3103 et
1422 3069 1687 3119 soporem,
1736 3054 1862 3103 obli-

159 3128 355 3178 vionem
404 3128 646 3179 malorum
694 3136 747 3180 et
794 3134 996 3182 unicum
1051 3133 1278 3183 laborum
1325 3134 1636 3195 remedium,
1697 3134 1860 3185 affert.

158 3207 298 3258 Idem
334 3209 459 3258 deus
495 3206 587 3258 diis
632 3211 815 3262 libatur
860 3219 914 3262 et
961 3214 1231 3264 daemonas
1275 3215 1560 3265 hominibus
1610 3215 1860 3265 conciliat.

159 3287 346 3351 Rides,
390 3290 524 3353 quod
572 3306 686 3339 eum
721 3291 904 3343 femori
939 3295 1078 3343 aiunt
1114 3294 1243 3344 lovis
1288 3296 1508 3345 insutum
1543 3310 1675 3346 esse.
1757 3293 1861 3344 Sed

158 3368 299 3430 vide,
345 3386 492 3434 quam
527 3369 624 3419 hoc
658 3371 858 3423 minime
892 3373 1166 3424 absurdum
1202 3376 1284 3426 sit.
1352 3375 1578 3441 luppiter
1621 3390 1772 3438 quum
1806 3374 1861 3425 in

157 3448 353 3500 coelum
389 3449 676 3503 sustulisset
707 3451 1002 3506 infantulum
1038 3471 1099 3506 ex
1134 3454 1332 3506 flamina
1367 3461 1625 3522 ereptum,
1670 3453 1858 3505 Iunone
