<?xml version="1.0" encoding="UTF-8"?>
<!DOCTYPE html PUBLIC "-//W3C//DTD XHTML 1.0 Transitional//EN"
    "http://www.w3.org/TR/xhtml1/DTD/xhtml1-transitional.dtd">
<html xmlns="http://www.w3.org/1999/xhtml" xml:lang="en" lang="en">
 <head>
  <title>
</title>
<meta http-equiv="Content-Type" content="text/html;charset=utf-8" />
  <meta name='ocr-system' content='tesseract 3.04.00' />
  <meta name='ocr-capabilities' content='ocr_page ocr_carea ocr_par ocr_line ocrx_word'/>
</head>
<body>
  <div class='ocr_page' id='page_1' title='image "./euripidesrestitu02hartuoft_0281.png"; bbox 0 0 2202 3892; ppageno 0'>
   <div class='ocr_carea' id='block_1_1' title="bbox 971 275 1094 334">
    <p class='ocr_par' dir='ltr' id='par_1_1' title="bbox 971 275 1094 334">
     <span class='ocr_line' id='line_1_1' title="bbox 971 275 1094 334; baseline 0.008 -1"><span class='ocrx_word' id='word_1_1' title='bbox 971 275 1094 334; x_wconf 81' lang='lat'><strong>269</strong></span> 
     </span>
    </p>
   </div>
   <div class='ocr_carea' id='block_1_2' title="bbox 185 418 1880 3539">
    <p class='ocr_par' dir='ltr' id='par_1_2' title="bbox 193 418 1876 638">
     <span class='ocr_line' id='line_1_2' title="bbox 193 418 1876 494; baseline -0.006 -16"><span class='ocrx_word' id='word_1_2' title='bbox 193 427 509 494; x_wconf 85' lang='lat' dir='ltr'><strong>magnificum</strong></span> <span class='ocrx_word' id='word_1_3' title='bbox 567 442 678 475; x_wconf 91' lang='lat' dir='ltr'><strong>cum</strong></span> <span class='ocrx_word' id='word_1_4' title='bbox 721 426 1003 476; x_wconf 79' lang='lat' dir='ltr'><strong>universum</strong></span> <span class='ocrx_word' id='word_1_5' title='bbox 1051 426 1221 474; x_wconf 87' lang='lat' dir='ltr'><strong>drama</strong></span> <span class='ocrx_word' id='word_1_6' title='bbox 1268 427 1376 484; x_wconf 89' lang='lat' dir='ltr'><strong>est,</strong></span> <span class='ocrx_word' id='word_1_7' title='bbox 1422 427 1531 472; x_wconf 91' lang='lat' dir='ltr'><strong>tum</strong></span> <span class='ocrx_word' id='word_1_8' title='bbox 1575 422 1700 471; x_wconf 88' lang='lat' dir='ltr'><strong>haec</strong></span> <span class='ocrx_word' id='word_1_9' title='bbox 1745 418 1876 469; x_wconf 80' lang='lat' dir='ltr'><strong>actio</strong></span> 
     </span>
     <span class='ocr_line' id='line_1_3' title="bbox 193 500 1876 574; baseline -0.005 -17"><span class='ocrx_word' id='word_1_10' title='bbox 193 509 342 574; x_wconf 82' lang='lat' dir='ltr'><strong>digna</strong></span> <span class='ocrx_word' id='word_1_11' title='bbox 376 523 589 574; x_wconf 86' lang='lat' dir='ltr'><strong>persona</strong></span> <span class='ocrx_word' id='word_1_12' title='bbox 623 507 778 567; x_wconf 81' lang='lat' dir='ltr'><strong>vatis,</strong></span> <span class='ocrx_word' id='word_1_13' title='bbox 827 506 1014 555; x_wconf 89' lang='lat' dir='ltr'><strong>nullum</strong></span> <span class='ocrx_word' id='word_1_14' title='bbox 1049 520 1146 554; x_wconf 88' lang='lat' dir='ltr'><strong>non</strong></span> <span class='ocrx_word' id='word_1_15' title='bbox 1181 504 1385 552; x_wconf 85' lang='lat' dir='ltr'><strong>verbum</strong></span> <span class='ocrx_word' id='word_1_16' title='bbox 1421 503 1706 563; x_wconf 77' lang='lat' dir='ltr'><strong>continenS,</strong></span> <span class='ocrx_word' id='word_1_17' title='bbox 1741 500 1876 566; x_wconf 88' lang='lat' dir='ltr'><strong>quod</strong></span> 
     </span>
     <span class='ocr_line' id='line_1_4' title="bbox 196 585 1279 638; baseline -0.006 0"><span class='ocrx_word' id='word_1_18' title='bbox 196 603 295 638; x_wconf 87' lang='lat' dir='ltr'><strong>uon</strong></span> <span class='ocrx_word' id='word_1_19' title='bbox 331 589 398 637; x_wconf 91' lang='lat' dir='ltr'><strong>sit</strong></span> <span class='ocrx_word' id='word_1_20' title='bbox 432 588 621 637; x_wconf 88' lang='lat' dir='ltr'><strong>habitui</strong></span> <span class='ocrx_word' id='word_1_21' title='bbox 658 587 805 636; x_wconf 86' lang='lat' dir='ltr'><strong>animi</strong></span> <span class='ocrx_word' id='word_1_22' title='bbox 840 585 1279 635; x_wconf 87' lang='lat' dir='ltr'><strong>accommodatum.</strong></span> 
     </span>
    </p>

    <p class='ocr_par' dir='ltr' id='par_1_3' title="bbox 185 663 1880 3539">
     <span class='ocr_line' id='line_1_5' title="bbox 323 663 1876 728; baseline -0.005 -10"><span class='ocrx_word' id='word_1_23' title='bbox 323 670 553 718; x_wconf 86' lang='lat' dir='ltr'><strong>Abeunte</strong></span> <span class='ocrx_word' id='word_1_24' title='bbox 586 667 689 716; x_wconf 88' lang='lat' dir='ltr'><strong>filia</strong></span> <span class='ocrx_word' id='word_1_25' title='bbox 723 682 892 716; x_wconf 90' lang='lat' dir='ltr'><strong>rursus</strong></span> <span class='ocrx_word' id='word_1_26' title='bbox 926 666 976 713; x_wconf 89' lang='lat' dir='ltr'><strong>in</strong></span> <span class='ocrx_word' id='word_1_27' title='bbox 1011 672 1193 713; x_wconf 91' lang='lat' dir='ltr'><strong>terram</strong></span> <span class='ocrx_word' id='word_1_28' title='bbox 1219 663 1423 712; x_wconf 85' lang='lat' dir='ltr'><strong>Hecuba</strong></span> <span class='ocrx_word' id='word_1_29' title='bbox 1457 663 1751 728; x_wconf 90' lang='lat' dir='ltr'><strong>procumbit,</strong></span> <span class='ocrx_word' id='word_1_30' title='bbox 1787 677 1876 712; x_wconf 86' lang='lat' dir='ltr'><strong>cu-</strong></span> 
     </span>
     <span class='ocr_line' id='line_1_6' title="bbox 194 742 1877 812; baseline -0.004 -14"><span class='ocrx_word' id='word_1_31' title='bbox 194 748 366 798; x_wconf 82' lang='lat' dir='ltr'><strong>stodes</strong></span> <span class='ocrx_word' id='word_1_32' title='bbox 414 749 607 812; x_wconf 80' lang='lat' dir='ltr'><strong>erigere</strong></span> <span class='ocrx_word' id='word_1_33' title='bbox 649 748 866 795; x_wconf 84' lang='lat' dir='ltr'><strong>volentes</strong></span> <span class='ocrx_word' id='word_1_34' title='bbox 915 760 1106 794; x_wconf 90' lang='lat' dir='ltr'><strong>arcens.</strong></span> <span class='ocrx_word' id='word_1_35' title='bbox 1195 743 1333 808; x_wconf 82' lang='lat' dir='ltr'><strong>Rege</strong></span> <span class='ocrx_word' id='word_1_36' title='bbox 1381 750 1523 808; x_wconf 91' lang='lat' dir='ltr'><strong>patre</strong></span> <span class='ocrx_word' id='word_1_37' title='bbox 1570 748 1713 800; x_wconf 90' lang='lat' dir='ltr'><strong>nata,</strong></span> <span class='ocrx_word' id='word_1_38' title='bbox 1768 742 1877 807; x_wconf 82' lang='lat' dir='ltr'><strong>regi</strong></span> 
     </span>
     <span class='ocr_line' id='line_1_7' title="bbox 193 824 1875 894; baseline -0.003 -17"><span class='ocrx_word' id='word_1_39' title='bbox 193 834 349 894; x_wconf 86' lang='lat' dir='ltr'><strong>nupta</strong></span> <span class='ocrx_word' id='word_1_40' title='bbox 394 845 503 876; x_wconf 91' lang='lat' dir='ltr'><strong>cum</strong></span> <span class='ocrx_word' id='word_1_41' title='bbox 555 828 735 875; x_wconf 92' lang='lat' dir='ltr'><strong>liberos</strong></span> <span class='ocrx_word' id='word_1_42' title='bbox 782 827 1063 891; x_wconf 83' lang='lat' dir='ltr'><strong>peperisset</strong></span> <span class='ocrx_word' id='word_1_43' title='bbox 1107 830 1205 873; x_wconf 89' lang='lat' dir='ltr'><strong>tam</strong></span> <span class='ocrx_word' id='word_1_44' title='bbox 1255 824 1438 872; x_wconf 89' lang='lat' dir='ltr'><strong>multos</strong></span> <span class='ocrx_word' id='word_1_45' title='bbox 1484 831 1683 886; x_wconf 88' lang='lat' dir='ltr'><strong>tamque</strong></span> <span class='ocrx_word' id='word_1_46' title='bbox 1729 839 1875 887; x_wconf 87' lang='lat' dir='ltr'><strong>prae-</strong></span> 
     </span>
     <span class='ocr_line' id='line_1_8' title="bbox 195 904 1878 974; baseline -0.003 -17"><span class='ocrx_word' id='word_1_47' title='bbox 195 914 408 967; x_wconf 87' lang='lat' dir='ltr'><strong>stantes,</strong></span> <span class='ocrx_word' id='word_1_48' title='bbox 460 924 603 970; x_wconf 85' lang='lat' dir='ltr'><strong>quam</strong></span> <span class='ocrx_word' id='word_1_49' title='bbox 640 907 771 955; x_wconf 91' lang='lat' dir='ltr'><strong>nulla</strong></span> <span class='ocrx_word' id='word_1_50' title='bbox 808 907 903 955; x_wconf 90' lang='lat' dir='ltr'><strong>alia</strong></span> <span class='ocrx_word' id='word_1_51' title='bbox 938 907 1144 966; x_wconf 89' lang='lat' dir='ltr'><strong>mulier,</strong></span> <span class='ocrx_word' id='word_1_52' title='bbox 1181 905 1308 974; x_wconf 75' lang='lat' dir='ltr'><strong>filios</strong></span> <span class='ocrx_word' id='word_1_53' title='bbox 1346 904 1545 968; x_wconf 90' lang='lat' dir='ltr'><strong>quidem</strong></span> <span class='ocrx_word' id='word_1_54' title='bbox 1581 920 1751 952; x_wconf 90' lang='lat' dir='ltr'><strong>omnes</strong></span> <span class='ocrx_word' id='word_1_55' title='bbox 1785 919 1878 952; x_wconf 89' lang='lat' dir='ltr'><strong>nec</strong></span> 
     </span>
     <span class='ocr_line' id='line_1_9' title="bbox 190 984 1877 1051; baseline -0.004 -13"><span class='ocrx_word' id='word_1_56' title='bbox 190 989 353 1038; x_wconf 90' lang='lat' dir='ltr'><strong>minus</strong></span> <span class='ocrx_word' id='word_1_57' title='bbox 399 988 658 1051; x_wconf 85' lang='lat' dir='ltr'><strong>coniugem</strong></span> <span class='ocrx_word' id='word_1_58' title='bbox 708 988 827 1036; x_wconf 75' lang='lat' dir='ltr'><strong>vidit</strong></span> <span class='ocrx_word' id='word_1_59' title='bbox 867 988 1002 1036; x_wconf 88' lang='lat' dir='ltr'><strong>ferro</strong></span> <span class='ocrx_word' id='word_1_60' title='bbox 1038 987 1268 1046; x_wconf 89' lang='lat' dir='ltr'><strong>interire,</strong></span> <span class='ocrx_word' id='word_1_61' title='bbox 1317 985 1442 1033; x_wconf 87' lang='lat' dir='ltr'><strong>filias</strong></span> <span class='ocrx_word' id='word_1_62' title='bbox 1491 989 1656 1033; x_wconf 84' lang='lat' dir='ltr'><strong>autem</strong></span> <span class='ocrx_word' id='word_1_63' title='bbox 1703 984 1779 1033; x_wconf 90' lang='lat' dir='ltr'><strong>vel</strong></span> <span class='ocrx_word' id='word_1_64' title='bbox 1827 984 1877 1032; x_wconf 88' lang='lat' dir='ltr'><strong>in</strong></span> 
     </span>
     <span class='ocr_line' id='line_1_10' title="bbox 190 1065 1879 1127; baseline -0.002 -10"><span class='ocrx_word' id='word_1_65' title='bbox 190 1069 479 1117; x_wconf 87' lang='lat' dir='ltr'><strong>servitutem</strong></span> <span class='ocrx_word' id='word_1_66' title='bbox 524 1067 601 1115; x_wconf 91' lang='lat' dir='ltr'><strong>vel</strong></span> <span class='ocrx_word' id='word_1_67' title='bbox 651 1068 712 1116; x_wconf 90' lang='lat' dir='ltr'><strong>ad</strong></span> <span class='ocrx_word' id='word_1_68' title='bbox 757 1074 963 1116; x_wconf 87' lang='lat' dir='ltr'><strong>mortem</strong></span> <span class='ocrx_word' id='word_1_69' title='bbox 1001 1068 1236 1116; x_wconf 83' lang='lat' dir='ltr'>abstrahi.</span> <span class='ocrx_word' id='word_1_70' title='bbox 1305 1065 1406 1115; x_wconf 84' lang='lat' dir='ltr'><strong>lam</strong></span> <span class='ocrx_word' id='word_1_71' title='bbox 1443 1066 1576 1127; x_wconf 88' lang='lat' dir='ltr'><strong>sola,</strong></span> <span class='ocrx_word' id='word_1_72' title='bbox 1614 1065 1784 1113; x_wconf 90' lang='lat' dir='ltr'><strong>orbata</strong></span> <span class='ocrx_word' id='word_1_73' title='bbox 1819 1081 1879 1114; x_wconf 90' lang='lat' dir='ltr'><strong>ac</strong></span> 
     </span>
     <span class='ocr_line' id='line_1_11' title="bbox 190 1146 1878 1208; baseline -0.002 -11"><span class='ocrx_word' id='word_1_74' title='bbox 190 1148 390 1197; x_wconf 89' lang='lat' dir='ltr'><strong>deserta</strong></span> <span class='ocrx_word' id='word_1_75' title='bbox 423 1149 473 1195; x_wconf 91' lang='lat' dir='ltr'><strong>in</strong></span> <span class='ocrx_word' id='word_1_76' title='bbox 511 1164 570 1197; x_wconf 91' lang='lat' dir='ltr'><strong>eo</strong></span> <span class='ocrx_word' id='word_1_77' title='bbox 592 1154 700 1208; x_wconf 81' lang='lat' dir='ltr'><strong>-est,</strong></span> <span class='ocrx_word' id='word_1_78' title='bbox 739 1153 793 1197; x_wconf 90' lang='lat' dir='ltr'><strong>ut</strong></span> <span class='ocrx_word' id='word_1_79' title='bbox 828 1148 888 1196; x_wconf 91' lang='lat' dir='ltr'><strong>ad</strong></span> <span class='ocrx_word' id='word_1_80' title='bbox 923 1149 1153 1197; x_wconf 85' lang='lat' dir='ltr'><strong>servilem</strong></span> <span class='ocrx_word' id='word_1_81' title='bbox 1190 1155 1376 1195; x_wconf 81' lang='lat' dir='ltr'><strong>sortem</strong></span> <span class='ocrx_word' id='word_1_82' title='bbox 1412 1151 1463 1194; x_wconf 89' lang='lat' dir='ltr'><strong>et</strong></span> <span class='ocrx_word' id='word_1_83' title='bbox 1489 1146 1764 1194; x_wconf 90' lang='lat' dir='ltr'><strong>humillima</strong></span> <span class='ocrx_word' id='word_1_84' title='bbox 1787 1146 1878 1194; x_wconf 89' lang='lat' dir='ltr'><strong>mi-</strong></span> 
     </span>
     <span class='ocr_line' id='line_1_12' title="bbox 189 1227 1878 1294; baseline -0.002 -16"><span class='ocrx_word' id='word_1_85' title='bbox 189 1229 395 1278; x_wconf 87' lang='lat' dir='ltr'><strong>nisteria</strong></span> <span class='ocrx_word' id='word_1_86' title='bbox 445 1228 553 1293; x_wconf 90' lang='lat' dir='ltr'><strong>ipsa</strong></span> <span class='ocrx_word' id='word_1_87' title='bbox 602 1229 925 1291; x_wconf 90' lang='lat' dir='ltr'><strong>detrudatur,</strong></span> <span class='ocrx_word' id='word_1_88' title='bbox 977 1228 1238 1294; x_wconf 85' lang='lat' dir='ltr'><strong>profanata</strong></span> <span class='ocrx_word' id='word_1_89' title='bbox 1286 1227 1596 1276; x_wconf 78' lang='lat' dir='ltr'>Cassandrae</span> <span class='ocrx_word' id='word_1_90' title='bbox 1632 1228 1878 1287; x_wconf 86' lang='lat' dir='ltr'><strong>castitate,</strong></span> 
     </span>
     <span class='ocr_line' id='line_1_13' title="bbox 189 1305 1878 1373; baseline -0.002 -16"><span class='ocrx_word' id='word_1_91' title='bbox 189 1308 379 1358; x_wconf 88' lang='lat' dir='ltr'><strong>incerta</strong></span> <span class='ocrx_word' id='word_1_92' title='bbox 412 1315 546 1357; x_wconf 81' lang='lat' dir='ltr'><strong>sorte</strong></span> <span class='ocrx_word' id='word_1_93' title='bbox 582 1308 884 1372; x_wconf 81' lang='lat' dir='ltr'><strong>Polyxenae.</strong></span> <span class='ocrx_word' id='word_1_94' title='bbox 956 1309 1094 1356; x_wconf 87' lang='lat' dir='ltr'><strong>Haec</strong></span> <span class='ocrx_word' id='word_1_95' title='bbox 1129 1313 1463 1373; x_wconf 83' lang='lat' dir='ltr'><strong>conquerente</strong></span> <span class='ocrx_word' id='word_1_96' title='bbox 1499 1308 1690 1372; x_wconf 84' lang='lat' dir='ltr'><strong>regina,</strong></span> <span class='ocrx_word' id='word_1_97' title='bbox 1727 1305 1878 1369; x_wconf 81' lang='lat' dir='ltr'><strong>virgi-</strong></span> 
     </span>
     <span class='ocr_line' id='line_1_14' title="bbox 187 1386 1878 1454; baseline -0.001 -16"><span class='ocrx_word' id='word_1_98' title='bbox 187 1404 277 1438; x_wconf 87' lang='lat' dir='ltr'><strong>nes</strong></span> <span class='ocrx_word' id='word_1_99' title='bbox 313 1390 738 1454; x_wconf 86' lang='lat' dir='ltr'><strong>praestantissimo</strong></span> <span class='ocrx_word' id='word_1_100' title='bbox 789 1390 1006 1438; x_wconf 80' lang='lat' dir='ltr'><strong>carmine</strong></span> <span class='ocrx_word' id='word_1_101' title='bbox 1053 1389 1367 1437; x_wconf 73' lang='lat' dir='ltr'><strong>viridissimis</strong></span> <span class='ocrx_word' id='word_1_102' title='bbox 1416 1388 1663 1436; x_wconf 87' lang='lat' dir='ltr'><strong>coloribus</strong></span> <span class='ocrx_word' id='word_1_103' title='bbox 1697 1386 1878 1436; x_wconf 82' lang='lat' dir='ltr'><strong>Troiae</strong></span> 
     </span>
     <span class='ocr_line' id='line_1_15' title="bbox 189 1467 1877 1534; baseline -0.002 -16"><span class='ocrx_word' id='word_1_104' title='bbox 189 1467 603 1534; x_wconf 81' lang='lat' dir='ltr'><strong>expugnationem</strong></span> <span class='ocrx_word' id='word_1_105' title='bbox 652 1469 940 1534; x_wconf 82' lang='lat' dir='ltr'><strong>depingunt.</strong></span> <span class='ocrx_word' id='word_1_106' title='bbox 1023 1470 1161 1532; x_wconf 77' lang='lat' dir='ltr'><strong>Quae</strong></span> <span class='ocrx_word' id='word_1_107' title='bbox 1206 1470 1389 1518; x_wconf 91' lang='lat' dir='ltr'><strong>deinde</strong></span> <span class='ocrx_word' id='word_1_108' title='bbox 1423 1469 1646 1532; x_wconf 89' lang='lat' dir='ltr'><strong>sequitur</strong></span> <span class='ocrx_word' id='word_1_109' title='bbox 1682 1467 1877 1515; x_wconf 82' lang='lat' dir='ltr'><strong>drama-</strong></span> 
     </span>
     <span class='ocr_line' id='line_1_16' title="bbox 189 1547 1880 1614; baseline -0.001 -16"><span class='ocrx_word' id='word_1_110' title='bbox 189 1548 254 1598; x_wconf 90' lang='lat' dir='ltr'><strong>tis</strong></span> <span class='ocrx_word' id='word_1_111' title='bbox 304 1565 447 1614; x_wconf 80' lang='lat' dir='ltr'><strong>parS,</strong></span> <span class='ocrx_word' id='word_1_112' title='bbox 495 1565 553 1597; x_wconf 87' lang='lat' dir='ltr'><strong>ea</strong></span> <span class='ocrx_word' id='word_1_113' title='bbox 604 1550 981 1598; x_wconf 84' lang='lat' dir='ltr'><strong>Andromachae</strong></span> <span class='ocrx_word' id='word_1_114' title='bbox 1017 1556 1068 1599; x_wconf 92' lang='lat' dir='ltr'><strong>et</strong></span> <span class='ocrx_word' id='word_1_115' title='bbox 1102 1550 1420 1613; x_wconf 83' lang='lat' dir='ltr'><strong>Astyanactis</strong></span> <span class='ocrx_word' id='word_1_116' title='bbox 1458 1565 1565 1597; x_wconf 89' lang='lat' dir='ltr'><strong>sors</strong></span> <span class='ocrx_word' id='word_1_117' title='bbox 1605 1547 1880 1612; x_wconf 82' lang='lat' dir='ltr'><strong>spectanda</strong></span> 
     </span>
     <span class='ocr_line' id='line_1_17' title="bbox 189 1627 1878 1695; baseline -0.001 -17"><span class='ocrx_word' id='word_1_118' title='bbox 189 1629 470 1689; x_wconf 78' lang='lat' dir='ltr'><strong>exhibetur,</strong></span> <span class='ocrx_word' id='word_1_119' title='bbox 503 1629 586 1694; x_wconf 90' lang='lat' dir='ltr'><strong>qui</strong></span> <span class='ocrx_word' id='word_1_120' title='bbox 620 1630 842 1695; x_wconf 87' lang='lat' dir='ltr'><strong>plaustro</strong></span> <span class='ocrx_word' id='word_1_121' title='bbox 869 1631 1138 1679; x_wconf 84' lang='lat' dir='ltr'><strong>insidentes</strong></span> <span class='ocrx_word' id='word_1_122' title='bbox 1164 1647 1274 1678; x_wconf 91' lang='lat' dir='ltr'><strong>cum</strong></span> <span class='ocrx_word' id='word_1_123' title='bbox 1306 1629 1539 1678; x_wconf 86' lang='lat' dir='ltr'><strong>Hectoris</strong></span> <span class='ocrx_word' id='word_1_124' title='bbox 1566 1628 1716 1676; x_wconf 90' lang='lat' dir='ltr'><strong>armis</strong></span> <span class='ocrx_word' id='word_1_125' title='bbox 1744 1627 1878 1676; x_wconf 88' lang='lat' dir='ltr'><strong>aliis-</strong></span> 
     </span>
     <span class='ocr_line' id='line_1_18' title="bbox 189 1710 1876 1774; baseline -0.001 -16"><span class='ocrx_word' id='word_1_126' title='bbox 189 1726 288 1774; x_wconf 86' lang='lat' dir='ltr'><strong>que</strong></span> <span class='ocrx_word' id='word_1_127' title='bbox 308 1710 476 1773; x_wconf 81' lang='lat' dir='ltr'><strong>spoliis</strong></span> <span class='ocrx_word' id='word_1_128' title='bbox 494 1726 583 1774; x_wconf 92' lang='lat' dir='ltr'><strong>per</strong></span> <span class='ocrx_word' id='word_1_129' title='bbox 596 1726 794 1758; x_wconf 88' lang='lat' dir='ltr'><strong>scenam</strong></span> <span class='ocrx_word' id='word_1_130' title='bbox 818 1711 1078 1759; x_wconf 86' lang='lat' dir='ltr'><strong>vehuntur.</strong></span> <span class='ocrx_word' id='word_1_131' title='bbox 1116 1711 1216 1759; x_wconf 90' lang='lat' dir='ltr'><strong>Ubi</strong></span> <span class='ocrx_word' id='word_1_132' title='bbox 1246 1712 1292 1758; x_wconf 87' lang='lat' dir='ltr'><strong>in</strong></span> <span class='ocrx_word' id='word_1_133' title='bbox 1312 1716 1533 1757; x_wconf 83' lang='lat' dir='ltr'><strong>mutuum</strong></span> <span class='ocrx_word' id='word_1_134' title='bbox 1552 1712 1876 1772; x_wconf 85' lang='lat' dir='ltr'><strong>conspectum</strong></span> 
     </span>
     <span class='ocr_line' id='line_1_19' title="bbox 189 1788 1879 1852; baseline -0.001 -14"><span class='ocrx_word' id='word_1_135' title='bbox 189 1789 400 1838; x_wconf 88' lang='lat' dir='ltr'><strong>Hecuba</strong></span> <span class='ocrx_word' id='word_1_136' title='bbox 433 1797 582 1852; x_wconf 90' lang='lat' dir='ltr'><strong>atque</strong></span> <span class='ocrx_word' id='word_1_137' title='bbox 618 1790 962 1839; x_wconf 88' lang='lat' dir='ltr'><strong>Andromache</strong></span> <span class='ocrx_word' id='word_1_138' title='bbox 997 1791 1269 1849; x_wconf 76' lang='lat' dir='ltr'><strong>redierunt,</strong></span> <span class='ocrx_word' id='word_1_139' title='bbox 1306 1791 1507 1839; x_wconf 87' lang='lat' dir='ltr'><strong>alternis</strong></span> <span class='ocrx_word' id='word_1_140' title='bbox 1536 1788 1739 1837; x_wconf 88' lang='lat' dir='ltr'><strong>vocibus</strong></span> <span class='ocrx_word' id='word_1_141' title='bbox 1765 1803 1879 1836; x_wconf 86' lang='lat' dir='ltr'><strong>ver-</strong></span> 
     </span>
     <span class='ocr_line' id='line_1_20' title="bbox 190 1868 1880 1935; baseline -0.001 -18"><span class='ocrx_word' id='word_1_142' title='bbox 190 1869 452 1932; x_wconf 88' lang='lat' dir='ltr'><strong>sibusque,</strong></span> <span class='ocrx_word' id='word_1_143' title='bbox 490 1871 648 1932; x_wconf 90' lang='lat' dir='ltr'><strong>primo</strong></span> <span class='ocrx_word' id='word_1_144' title='bbox 686 1877 937 1929; x_wconf 85' lang='lat' dir='ltr'><strong>canentes,</strong></span> <span class='ocrx_word' id='word_1_145' title='bbox 973 1870 1153 1919; x_wconf 90' lang='lat' dir='ltr'><strong>deinde</strong></span> <span class='ocrx_word' id='word_1_146' title='bbox 1190 1872 1558 1935; x_wconf 81' lang='lat' dir='ltr'><strong>colloquentes,</strong></span> <span class='ocrx_word' id='word_1_147' title='bbox 1606 1874 1712 1917; x_wconf 91' lang='lat' dir='ltr'><strong>tum</strong></span> <span class='ocrx_word' id='word_1_148' title='bbox 1748 1868 1880 1917; x_wconf 80' lang='lat' dir='ltr'><strong>mala</strong></span> 
     </span>
     <span class='ocr_line' id='line_1_21' title="bbox 191 1949 1877 2015; baseline -0.001 -19"><span class='ocrx_word' id='word_1_149' title='bbox 191 1949 286 1997; x_wconf 92' lang='lat' dir='ltr'><strong>sibi</strong></span> <span class='ocrx_word' id='word_1_150' title='bbox 320 1950 593 1997; x_wconf 87' lang='lat' dir='ltr'><strong>communia</strong></span> <span class='ocrx_word' id='word_1_151' title='bbox 629 1951 914 2015; x_wconf 73' lang='lat' dir='ltr'><strong>deplorant,</strong></span> <span class='ocrx_word' id='word_1_152' title='bbox 967 1958 1070 1999; x_wconf 88' lang='lat' dir='ltr'><strong>tum</strong></span> <span class='ocrx_word' id='word_1_153' title='bbox 1108 1952 1261 1999; x_wconf 88' lang='lat' dir='ltr'><strong>altera</strong></span> <span class='ocrx_word' id='word_1_154' title='bbox 1298 1951 1503 1999; x_wconf 87' lang='lat' dir='ltr'><strong>alteram</strong></span> <span class='ocrx_word' id='word_1_155' title='bbox 1540 1949 1877 1998; x_wconf 88' lang='lat' dir='ltr'><strong>consolantur.</strong></span> 
     </span>
     <span class='ocr_line' id='line_1_22' title="bbox 190 2029 1878 2095; baseline -0.001 -16"><span class='ocrx_word' id='word_1_156' title='bbox 190 2029 389 2094; x_wconf 82' lang='lat' dir='ltr'><strong>Accipit</strong></span> <span class='ocrx_word' id='word_1_157' title='bbox 424 2031 773 2079; x_wconf 90' lang='lat' dir='ltr'><strong>Andromache</strong></span> <span class='ocrx_word' id='word_1_158' title='bbox 825 2047 885 2079; x_wconf 84' lang='lat' dir='ltr'><strong>ex</strong></span> <span class='ocrx_word' id='word_1_159' title='bbox 934 2031 1136 2079; x_wconf 89' lang='lat' dir='ltr'><strong>Hecuba</strong></span> <span class='ocrx_word' id='word_1_160' title='bbox 1186 2031 1516 2080; x_wconf 83' lang='lat' dir='ltr'><strong>Cassandram</strong></span> <span class='ocrx_word' id='word_1_161' title='bbox 1562 2031 1607 2078; x_wconf 85' lang='lat' dir='ltr'><strong>vi</strong></span> <span class='ocrx_word' id='word_1_162' title='bbox 1650 2031 1711 2078; x_wconf 89' lang='lat' dir='ltr'><strong>ad</strong></span> <span class='ocrx_word' id='word_1_163' title='bbox 1748 2030 1878 2095; x_wconf 82' lang='lat' dir='ltr'><strong>Aga-</strong></span> 
     </span>
     <span class='ocr_line' id='line_1_23' title="bbox 188 2109 1877 2176; baseline 0 -19"><span class='ocrx_word' id='word_1_164' title='bbox 188 2124 502 2157; x_wconf 90' lang='lat' dir='ltr'><strong>memnonem</strong></span> <span class='ocrx_word' id='word_1_165' title='bbox 537 2109 836 2159; x_wconf 82' lang='lat' dir='ltr'><strong>abstractam</strong></span> <span class='ocrx_word' id='word_1_166' title='bbox 873 2126 1013 2170; x_wconf 90' lang='lat' dir='ltr'><strong>esse,</strong></span> <span class='ocrx_word' id='word_1_167' title='bbox 1051 2112 1358 2176; x_wconf 85' lang='lat' dir='ltr'><strong>invicemque</strong></span> <span class='ocrx_word' id='word_1_168' title='bbox 1391 2113 1515 2160; x_wconf 89' lang='lat' dir='ltr'><strong>haec</strong></span> <span class='ocrx_word' id='word_1_169' title='bbox 1550 2126 1611 2158; x_wconf 82' lang='lat' dir='ltr'><strong>ex</strong></span> <span class='ocrx_word' id='word_1_170' title='bbox 1644 2111 1742 2171; x_wconf 88' lang='lat' dir='ltr'><strong>illa,</strong></span> <span class='ocrx_word' id='word_1_171' title='bbox 1775 2109 1877 2158; x_wconf 88' lang='lat' dir='ltr'><strong>Po-</strong></span> 
     </span>
     <span class='ocr_line' id='line_1_24' title="bbox 189 2189 1874 2254; baseline 0.001 -17"><span class='ocrx_word' id='word_1_172' title='bbox 189 2189 415 2254; x_wconf 80' lang='lat' dir='ltr'><strong>lyxenam</strong></span> <span class='ocrx_word' id='word_1_173' title='bbox 461 2189 510 2238; x_wconf 91' lang='lat' dir='ltr'><strong>in</strong></span> <span class='ocrx_word' id='word_1_174' title='bbox 558 2191 746 2238; x_wconf 89' lang='lat' dir='ltr'><strong>tumulo</strong></span> <span class='ocrx_word' id='word_1_175' title='bbox 782 2191 988 2240; x_wconf 88' lang='lat' dir='ltr'><strong>Achillis</strong></span> <span class='ocrx_word' id='word_1_176' title='bbox 1023 2193 1345 2251; x_wconf 88' lang='lat' dir='ltr'><strong>immolatam,</strong></span> <span class='ocrx_word' id='word_1_177' title='bbox 1383 2209 1409 2240; x_wconf 92' lang='lat' dir='ltr'><strong>a</strong></span> <span class='ocrx_word' id='word_1_178' title='bbox 1444 2208 1499 2240; x_wconf 87' lang='lat' dir='ltr'><strong>se</strong></span> <span class='ocrx_word' id='word_1_179' title='bbox 1534 2200 1699 2239; x_wconf 90' lang='lat' dir='ltr'><strong>autem</strong></span> <span class='ocrx_word' id='word_1_180' title='bbox 1738 2206 1874 2239; x_wconf 92' lang='lat' dir='ltr'><strong>com-</strong></span> 
     </span>
     <span class='ocr_line' id='line_1_25' title="bbox 186 2270 1872 2335; baseline 0.002 -18"><span class='ocrx_word' id='word_1_181' title='bbox 186 2270 399 2335; x_wconf 87' lang='lat' dir='ltr'><strong>positam</strong></span> <span class='ocrx_word' id='word_1_182' title='bbox 435 2270 780 2334; x_wconf 87' lang='lat' dir='ltr'><strong>sepultamque</strong></span> <span class='ocrx_word' id='word_1_183' title='bbox 814 2287 944 2323; x_wconf 85' lang='lat' dir='ltr'><strong>esse.</strong></span> <span class='ocrx_word' id='word_1_184' title='bbox 1014 2272 1139 2321; x_wconf 90' lang='lat' dir='ltr'><strong>Tam</strong></span> <span class='ocrx_word' id='word_1_185' title='bbox 1178 2275 1360 2322; x_wconf 86' lang='lat' dir='ltr'><strong>misera</strong></span> <span class='ocrx_word' id='word_1_186' title='bbox 1409 2290 1464 2322; x_wconf 89' lang='lat' dir='ltr'><strong>re</strong></span> <span class='ocrx_word' id='word_1_187' title='bbox 1513 2273 1736 2322; x_wconf 89' lang='lat' dir='ltr'><strong>nuntiata</strong></span> <span class='ocrx_word' id='word_1_188' title='bbox 1772 2272 1872 2320; x_wconf 91' lang='lat' dir='ltr'><strong>An-</strong></span> 
     </span>
     <span class='ocr_line' id='line_1_26' title="bbox 186 2349 1878 2419; baseline 0.002 -22"><span class='ocrx_word' id='word_1_189' title='bbox 186 2349 482 2409; x_wconf 88' lang='lat' dir='ltr'><strong>dromache,</strong></span> <span class='ocrx_word' id='word_1_190' title='bbox 519 2365 548 2397; x_wconf 92' lang='lat' dir='ltr'><strong>o</strong></span> <span class='ocrx_word' id='word_1_191' title='bbox 583 2355 759 2411; x_wconf 91' lang='lat' dir='ltr'><strong>mater,</strong></span> <span class='ocrx_word' id='word_1_192' title='bbox 795 2352 967 2417; x_wconf 89' lang='lat' dir='ltr'><strong>inquit,</strong></span> <span class='ocrx_word' id='word_1_193' title='bbox 1006 2370 1034 2402; x_wconf 95' lang='lat' dir='ltr'><strong>o</strong></span> <span class='ocrx_word' id='word_1_194' title='bbox 1071 2371 1268 2419; x_wconf 90' lang='lat' dir='ltr'><strong>parens,</strong></span> <span class='ocrx_word' id='word_1_195' title='bbox 1304 2356 1476 2418; x_wconf 88' lang='lat' dir='ltr'><strong>accipe</strong></span> <span class='ocrx_word' id='word_1_196' title='bbox 1512 2352 1878 2418; x_wconf 85' lang='lat' dir='ltr'><strong>praestantissi-</strong></span> 
     </span>
     <span class='ocr_line' id='line_1_27' title="bbox 185 2431 1877 2498; baseline 0.001 -20"><span class='ocrx_word' id='word_1_197' title='bbox 185 2445 316 2478; x_wconf 87' lang='lat' dir='ltr'><strong>mam</strong></span> <span class='ocrx_word' id='word_1_198' title='bbox 352 2431 676 2491; x_wconf 88' lang='lat' dir='ltr'><strong>sententiam,</strong></span> <span class='ocrx_word' id='word_1_199' title='bbox 713 2448 838 2495; x_wconf 90' lang='lat' dir='ltr'><strong>quae</strong></span> <span class='ocrx_word' id='word_1_200' title='bbox 873 2434 1048 2482; x_wconf 89' lang='lat' dir='ltr'><strong>dolore</strong></span> <span class='ocrx_word' id='word_1_201' title='bbox 1084 2442 1298 2483; x_wconf 89' lang='lat' dir='ltr'><strong>mentem</strong></span> <span class='ocrx_word' id='word_1_202' title='bbox 1336 2442 1468 2483; x_wconf 90' lang='lat' dir='ltr'><strong>tuam</strong></span> <span class='ocrx_word' id='word_1_203' title='bbox 1505 2435 1662 2498; x_wconf 89' lang='lat' dir='ltr'><strong>possit</strong></span> <span class='ocrx_word' id='word_1_204' title='bbox 1694 2433 1877 2480; x_wconf 87' lang='lat' dir='ltr'><strong>levare.</strong></span> 
     </span>
     <span class='ocr_line' id='line_1_28' title="bbox 187 2509 1878 2573; baseline 0.001 -15"><span class='ocrx_word' id='word_1_205' title='bbox 187 2509 297 2558; x_wconf 88' lang='lat' dir='ltr'><strong>Non</strong></span> <span class='ocrx_word' id='word_1_206' title='bbox 333 2511 470 2559; x_wconf 91' lang='lat' dir='ltr'><strong>nasci</strong></span> <span class='ocrx_word' id='word_1_207' title='bbox 508 2517 558 2559; x_wconf 90' lang='lat' dir='ltr'><strong>et</strong></span> <span class='ocrx_word' id='word_1_208' title='bbox 595 2512 721 2560; x_wconf 89' lang='lat' dir='ltr'><strong>mori</strong></span> <span class='ocrx_word' id='word_1_209' title='bbox 755 2512 889 2562; x_wconf 91' lang='lat' dir='ltr'><strong>idem</strong></span> <span class='ocrx_word' id='word_1_210' title='bbox 927 2530 1039 2562; x_wconf 89' lang='lat' dir='ltr'><strong>esse</strong></span> <span class='ocrx_word' id='word_1_211' title='bbox 1077 2515 1204 2573; x_wconf 90' lang='lat' dir='ltr'><strong>dico,</strong></span> <span class='ocrx_word' id='word_1_212' title='bbox 1239 2516 1344 2563; x_wconf 87' lang='lat' dir='ltr'><strong>vita</strong></span> <span class='ocrx_word' id='word_1_213' title='bbox 1379 2524 1543 2563; x_wconf 83' lang='lat' dir='ltr'><strong>autem</strong></span> <span class='ocrx_word' id='word_1_214' title='bbox 1583 2526 1878 2561; x_wconf 80' lang='lat' dir='ltr'><strong>aerumnosa</strong></span> 
     </span>
     <span class='ocr_line' id='line_1_29' title="bbox 186 2591 1878 2656; baseline 0.001 -19"><span class='ocrx_word' id='word_1_215' title='bbox 186 2596 396 2638; x_wconf 89' lang='lat' dir='ltr'><strong>mortem</strong></span> <span class='ocrx_word' id='word_1_216' title='bbox 445 2592 723 2656; x_wconf 87' lang='lat' dir='ltr'><strong>potiorem:</strong></span> <span class='ocrx_word' id='word_1_217' title='bbox 787 2609 938 2642; x_wconf 90' lang='lat' dir='ltr'><strong>sensu</strong></span> <span class='ocrx_word' id='word_1_218' title='bbox 990 2595 1118 2643; x_wconf 90' lang='lat' dir='ltr'><strong>enim</strong></span> <span class='ocrx_word' id='word_1_219' title='bbox 1175 2596 1413 2644; x_wconf 87' lang='lat' dir='ltr'><strong>malorum</strong></span> <span class='ocrx_word' id='word_1_220' title='bbox 1467 2600 1693 2642; x_wconf 87' lang='lat' dir='ltr'><strong>carentes</strong></span> <span class='ocrx_word' id='word_1_221' title='bbox 1737 2591 1878 2641; x_wconf 88' lang='lat' dir='ltr'><strong>liberi</strong></span> 
     </span>
     <span class='ocr_line' id='line_1_30' title="bbox 188 2670 1877 2738; baseline 0.002 -22"><span class='ocrx_word' id='word_1_222' title='bbox 188 2674 303 2718; x_wconf 70' lang='lat' dir='ltr'><strong>aunt</strong></span> <span class='ocrx_word' id='word_1_223' title='bbox 338 2670 507 2719; x_wconf 88' lang='lat' dir='ltr'><strong>dolore</strong></span> <span class='ocrx_word' id='word_1_224' title='bbox 542 2673 625 2736; x_wconf 92' lang='lat' dir='ltr'><strong>qui</strong></span> <span class='ocrx_word' id='word_1_225' title='bbox 661 2689 689 2721; x_wconf 94' lang='lat' dir='ltr'><strong>e</strong></span> <span class='ocrx_word' id='word_1_226' title='bbox 725 2673 818 2720; x_wconf 84' lang='lat' dir='ltr'><strong>vita</strong></span> <span class='ocrx_word' id='word_1_227' title='bbox 855 2674 1209 2735; x_wconf 82' lang='lat' dir='ltr'><strong>decesserunt3</strong></span> <span class='ocrx_word' id='word_1_228' title='bbox 1255 2684 1426 2724; x_wconf 84' lang='lat' dir='ltr'><strong>contra</strong></span> <span class='ocrx_word' id='word_1_229' title='bbox 1471 2675 1554 2738; x_wconf 88' lang='lat' dir='ltr'><strong>qui</strong></span> <span class='ocrx_word' id='word_1_230' title='bbox 1591 2690 1619 2722; x_wconf 93' lang='lat' dir='ltr'><strong>e</strong></span> <span class='ocrx_word' id='word_1_231' title='bbox 1654 2671 1877 2720; x_wconf 88' lang='lat' dir='ltr'><strong>florenti-</strong></span> 
     </span>
     <span class='ocr_line' id='line_1_31' title="bbox 186 2749 1876 2821; baseline 0.001 -23"><span class='ocrx_word' id='word_1_232' title='bbox 186 2749 280 2798; x_wconf 88' lang='lat' dir='ltr'><strong>bus</strong></span> <span class='ocrx_word' id='word_1_233' title='bbox 316 2751 464 2798; x_wconf 89' lang='lat' dir='ltr'><strong>rebus</strong></span> <span class='ocrx_word' id='word_1_234' title='bbox 500 2751 546 2799; x_wconf 90' lang='lat' dir='ltr'><strong>in</strong></span> <span class='ocrx_word' id='word_1_235' title='bbox 581 2753 786 2800; x_wconf 90' lang='lat' dir='ltr'><strong>miseras</strong></span> <span class='ocrx_word' id='word_1_236' title='bbox 822 2754 1143 2816; x_wconf 82' lang='lat' dir='ltr'><strong>devenerunt,</strong></span> <span class='ocrx_word' id='word_1_237' title='bbox 1181 2756 1317 2821; x_wconf 81' lang='lat' dir='ltr'><strong>aegri</strong></span> <span class='ocrx_word' id='word_1_238' title='bbox 1352 2756 1527 2803; x_wconf 89' lang='lat' dir='ltr'><strong>animis</strong></span> <span class='ocrx_word' id='word_1_239' title='bbox 1555 2754 1771 2818; x_wconf 90' lang='lat' dir='ltr'><strong>priorem</strong></span> <span class='ocrx_word' id='word_1_240' title='bbox 1797 2751 1876 2800; x_wconf 86' lang='lat' dir='ltr'><strong>fe-</strong></span> 
     </span>
     <span class='ocr_line' id='line_1_32' title="bbox 187 2828 1876 2901; baseline 0.002 -24"><span class='ocrx_word' id='word_1_241' title='bbox 187 2828 425 2877; x_wconf 90' lang='lat' dir='ltr'><strong>licitatem</strong></span> <span class='ocrx_word' id='word_1_242' title='bbox 459 2831 760 2883; x_wconf 88' lang='lat' dir='ltr'><strong>desiderant.</strong></span> <span class='ocrx_word' id='word_1_243' title='bbox 814 2834 1067 2899; x_wconf 80' lang='lat' dir='ltr'><strong>Polyxena</strong></span> <span class='ocrx_word' id='word_1_244' title='bbox 1102 2838 1250 2901; x_wconf 82' lang='lat' dir='ltr'><strong>igitur</strong></span> <span class='ocrx_word' id='word_1_245' title='bbox 1279 2836 1388 2884; x_wconf 89' lang='lat' dir='ltr'><strong>talis</strong></span> <span class='ocrx_word' id='word_1_246' title='bbox 1417 2843 1495 2883; x_wconf 92' lang='lat' dir='ltr'><strong>est</strong></span> <span class='ocrx_word' id='word_1_247' title='bbox 1520 2839 1732 2894; x_wconf 88' lang='lat' dir='ltr'><strong>mortua,</strong></span> <span class='ocrx_word' id='word_1_248' title='bbox 1758 2848 1876 2897; x_wconf 88' lang='lat' dir='ltr'><strong>qua·</strong></span> 
     </span>
     <span class='ocr_line' id='line_1_33' title="bbox 187 2908 1876 2981; baseline 0.002 -24"><span class='ocrx_word' id='word_1_249' title='bbox 187 2908 248 2957; x_wconf 89' lang='lat' dir='ltr'><strong>lis</strong></span> <span class='ocrx_word' id='word_1_250' title='bbox 294 2915 453 2969; x_wconf 88' lang='lat' dir='ltr'><strong>esset,</strong></span> <span class='ocrx_word' id='word_1_251' title='bbox 506 2911 548 2957; x_wconf 89' lang='lat' dir='ltr'><strong>si</strong></span> <span class='ocrx_word' id='word_1_252' title='bbox 587 2912 747 2961; x_wconf 89' lang='lat' dir='ltr'><strong>lucem</strong></span> <span class='ocrx_word' id='word_1_253' title='bbox 791 2932 1040 2979; x_wconf 88' lang='lat' dir='ltr'><strong>nunquam</strong></span> <span class='ocrx_word' id='word_1_254' title='bbox 1088 2917 1461 2981; x_wconf 84' lang='lat' dir='ltr'><strong>conspexisset,</strong></span> <span class='ocrx_word' id='word_1_255' title='bbox 1499 2915 1620 2964; x_wconf 91' lang='lat' dir='ltr'><strong>nihil</strong></span> <span class='ocrx_word' id='word_1_256' title='bbox 1654 2914 1876 2962; x_wconf 89' lang='lat' dir='ltr'><strong>sentiens</strong></span> 
     </span>
     <span class='ocr_line' id='line_1_34' title="bbox 186 2989 1876 3061; baseline 0.002 -24"><span class='ocrx_word' id='word_1_257' title='bbox 186 2989 446 3040; x_wconf 88' lang='lat' dir='ltr'><strong>malorum.</strong></span> <span class='ocrx_word' id='word_1_258' title='bbox 516 2990 623 3054; x_wconf 77' lang='lat' dir='ltr'><strong>Ego</strong></span> <span class='ocrx_word' id='word_1_259' title='bbox 660 3009 807 3055; x_wconf 89' lang='lat' dir='ltr'><strong>vero,</strong></span> <span class='ocrx_word' id='word_1_260' title='bbox 859 3012 983 3059; x_wconf 88' lang='lat' dir='ltr'><strong>quae</strong></span> <span class='ocrx_word' id='word_1_261' title='bbox 1020 3004 1072 3045; x_wconf 87' lang='lat' dir='ltr'><strong>et</strong></span> <span class='ocrx_word' id='word_1_262' title='bbox 1108 2998 1295 3061; x_wconf 86' lang='lat' dir='ltr'><strong>appetii</strong></span> <span class='ocrx_word' id='word_1_263' title='bbox 1332 2996 1628 3045; x_wconf 86' lang='lat' dir='ltr'><strong>felicitatem</strong></span> <span class='ocrx_word' id='word_1_264' title='bbox 1665 3003 1714 3043; x_wconf 88' lang='lat' dir='ltr'><strong>et</strong></span> <span class='ocrx_word' id='word_1_265' title='bbox 1748 2993 1876 3041; x_wconf 92' lang='lat' dir='ltr'><strong>ade-</strong></span> 
     </span>
     <span class='ocr_line' id='line_1_35' title="bbox 187 3069 1876 3137; baseline 0.002 -19"><span class='ocrx_word' id='word_1_266' title='bbox 187 3077 275 3134; x_wconf 88' lang='lat' dir='ltr'><strong>pta</strong></span> <span class='ocrx_word' id='word_1_267' title='bbox 322 3069 427 3125; x_wconf 82' lang='lat' dir='ltr'><strong>sui,</strong></span> <span class='ocrx_word' id='word_1_268' title='bbox 486 3071 824 3133; x_wconf 80' lang='lat' dir='ltr'><strong>gravissimam</strong></span> <span class='ocrx_word' id='word_1_269' title='bbox 890 3077 994 3124; x_wconf 88' lang='lat' dir='ltr'><strong>eins</strong></span> <span class='ocrx_word' id='word_1_270' title='bbox 1054 3077 1156 3124; x_wconf 87' lang='lat' dir='ltr'><strong>feci</strong></span> <span class='ocrx_word' id='word_1_271' title='bbox 1211 3078 1464 3126; x_wconf 88' lang='lat' dir='ltr'><strong>iacturam.</strong></span> <span class='ocrx_word' id='word_1_272' title='bbox 1545 3077 1668 3125; x_wconf 90' lang='lat' dir='ltr'><strong>Nam</strong></span> <span class='ocrx_word' id='word_1_273' title='bbox 1718 3089 1876 3137; x_wconf 86' lang='lat' dir='ltr'><strong>quae-</strong></span> 
     </span>
     <span class='ocr_line' id='line_1_36' title="bbox 186 3150 1875 3220; baseline 0.001 -23"><span class='ocrx_word' id='word_1_274' title='bbox 186 3164 380 3213; x_wconf 88' lang='lat' dir='ltr'><strong>cunque</strong></span> <span class='ocrx_word' id='word_1_275' title='bbox 424 3150 622 3199; x_wconf 85' lang='lat' dir='ltr'><strong>feminis</strong></span> <span class='ocrx_word' id='word_1_276' title='bbox 670 3153 852 3202; x_wconf 90' lang='lat' dir='ltr'><strong>decora</strong></span> <span class='ocrx_word' id='word_1_277' title='bbox 903 3164 1044 3215; x_wconf 88' lang='lat' dir='ltr'><strong>sunt,</strong></span> <span class='ocrx_word' id='word_1_278' title='bbox 1102 3158 1148 3206; x_wconf 90' lang='lat' dir='ltr'><strong>in</strong></span> <span class='ocrx_word' id='word_1_279' title='bbox 1185 3157 1290 3218; x_wconf 89' lang='lat' dir='ltr'><strong>his,</strong></span> <span class='ocrx_word' id='word_1_280' title='bbox 1343 3173 1495 3220; x_wconf 89' lang='lat' dir='ltr'><strong>quum</strong></span> <span class='ocrx_word' id='word_1_281' title='bbox 1541 3158 1590 3205; x_wconf 92' lang='lat' dir='ltr'><strong>in</strong></span> <span class='ocrx_word' id='word_1_282' title='bbox 1637 3152 1875 3203; x_wconf 90' lang='lat' dir='ltr'><strong>Hectoris</strong></span> 
     </span>
     <span class='ocr_line' id='line_1_37' title="bbox 186 3229 1875 3300; baseline 0.001 -23"><span class='ocrx_word' id='word_1_283' title='bbox 186 3229 336 3289; x_wconf 88' lang='lat' dir='ltr'><strong>domo</strong></span> <span class='ocrx_word' id='word_1_284' title='bbox 390 3231 652 3293; x_wconf 82' lang='lat' dir='ltr'><strong>degerem,</strong></span> <span class='ocrx_word' id='word_1_285' title='bbox 710 3234 972 3284; x_wconf 88' lang='lat' dir='ltr'><strong>elaboravi.</strong></span> <span class='ocrx_word' id='word_1_286' title='bbox 1058 3237 1250 3285; x_wconf 83' lang='lat' dir='ltr'><strong>Exinde</strong></span> <span class='ocrx_word' id='word_1_287' title='bbox 1300 3237 1517 3286; x_wconf 83' lang='lat' dir='ltr'><strong>ostendit</strong></span> <span class='ocrx_word' id='word_1_288' title='bbox 1574 3238 1729 3300; x_wconf 88' lang='lat' dir='ltr'><strong>ipsam</strong></span> <span class='ocrx_word' id='word_1_289' title='bbox 1779 3231 1875 3280; x_wconf 88' lang='lat' dir='ltr'><strong>sibi</strong></span> 
     </span>
     <span class='ocr_line' id='line_1_38' title="bbox 187 3309 1874 3374; baseline 0.002 -18"><span class='ocrx_word' id='word_1_290' title='bbox 187 3309 454 3372; x_wconf 86' lang='lat' dir='ltr'><strong>pudicitiae</strong></span> <span class='ocrx_word' id='word_1_291' title='bbox 513 3318 658 3374; x_wconf 86' lang='lat' dir='ltr'><strong>atque</strong></span> <span class='ocrx_word' id='word_1_292' title='bbox 715 3312 987 3364; x_wconf 86' lang='lat' dir='ltr'><strong>honestatis</strong></span> <span class='ocrx_word' id='word_1_293' title='bbox 1051 3317 1245 3364; x_wconf 87' lang='lat' dir='ltr'><strong>laudem</strong></span> <span class='ocrx_word' id='word_1_294' title='bbox 1307 3318 1353 3366; x_wconf 92' lang='lat' dir='ltr'><strong>in</strong></span> <span class='ocrx_word' id='word_1_295' title='bbox 1411 3318 1592 3366; x_wconf 88' lang='lat' dir='ltr'><strong>malum</strong></span> <span class='ocrx_word' id='word_1_296' title='bbox 1645 3313 1874 3373; x_wconf 77' lang='lat' dir='ltr'><strong>vertisse,</strong></span> 
     </span>
     <span class='ocr_line' id='line_1_39' title="bbox 187 3389 1872 3461; baseline -0.001 -22"><span class='ocrx_word' id='word_1_297' title='bbox 187 3389 373 3453; x_wconf 89' lang='lat' dir='ltr'><strong>quippe</strong></span> <span class='ocrx_word' id='word_1_298' title='bbox 398 3398 604 3455; x_wconf 88' lang='lat' dir='ltr'><strong>propter</strong></span> <span class='ocrx_word' id='word_1_299' title='bbox 638 3408 784 3453; x_wconf 89' lang='lat' dir='ltr'><strong>quam</strong></span> <span class='ocrx_word' id='word_1_300' title='bbox 808 3393 1137 3461; x_wconf 89' lang='lat' dir='ltr'><strong>Neoptolemo</strong></span> <span class='ocrx_word' id='word_1_301' title='bbox 1173 3398 1454 3447; x_wconf 89' lang='lat' dir='ltr'><strong>nubendum</strong></span> <span class='ocrx_word' id='word_1_302' title='bbox 1479 3397 1542 3445; x_wconf 92' lang='lat' dir='ltr'><strong>sit</strong></span> <span class='ocrx_word' id='word_1_303' title='bbox 1569 3403 1617 3442; x_wconf 86' lang='lat' dir='ltr'><strong>et</strong></span> <span class='ocrx_word' id='word_1_304' title='bbox 1647 3395 1695 3440; x_wconf 91' lang='lat' dir='ltr'><strong>in</strong></span> <span class='ocrx_word' id='word_1_305' title='bbox 1725 3392 1872 3439; x_wconf 92' lang='lat' dir='ltr'><strong>domo</strong></span> 
     </span>
     <span class='ocr_line' id='line_1_40' title="bbox 186 3467 1871 3539; baseline 0.002 -24"><span class='ocrx_word' id='word_1_306' title='bbox 186 3467 519 3520; x_wconf 79' lang='lat' dir='ltr'><strong>interfectoris</strong></span> <span class='ocrx_word' id='word_1_307' title='bbox 544 3472 876 3523; x_wconf 83' lang='lat' dir='ltr'><strong>serviendum.</strong></span> <span class='ocrx_word' id='word_1_308' title='bbox 930 3475 1169 3526; x_wconf 84' lang='lat' dir='ltr'><strong>Miserum</strong></span> <span class='ocrx_word' id='word_1_309' title='bbox 1195 3483 1361 3528; x_wconf 88' lang='lat' dir='ltr'><strong>autem</strong></span> <span class='ocrx_word' id='word_1_310' title='bbox 1387 3476 1683 3528; x_wconf 89' lang='lat' dir='ltr'><strong>connubium</strong></span> <span class='ocrx_word' id='word_1_311' title='bbox 1707 3472 1871 3539; x_wconf 89' lang='lat' dir='ltr'><strong>ipsum</strong></span> 
     </span>
    </p>
   </div>
  </div>
 </body>
</html>
