<?xml version="1.0" encoding="UTF-8"?>
<!DOCTYPE html PUBLIC "-//W3C//DTD XHTML 1.0 Transitional//EN"
    "http://www.w3.org/TR/xhtml1/DTD/xhtml1-transitional.dtd">
<html xmlns="http://www.w3.org/1999/xhtml" xml:lang="en" lang="en">
 <head>
  <title>
</title>
<meta http-equiv="Content-Type" content="text/html;charset=utf-8" />
  <meta name='ocr-system' content='tesseract 3.04.00' />
  <meta name='ocr-capabilities' content='ocr_page ocr_carea ocr_par ocr_line ocrx_word'/>
</head>
<body>
  <div class='ocr_page' id='page_1' title='image "./euripidesrestitu02hartuoft_0241.png"; bbox 0 0 2150 3866; ppageno 0'>
   <div class='ocr_carea' id='block_1_1' title="bbox 871 265 996 324">
    <p class='ocr_par' dir='ltr' id='par_1_1' title="bbox 871 265 996 324">
     <span class='ocr_line' id='line_1_1' title="bbox 871 265 996 324; baseline 0 -1"><span class='ocrx_word' id='word_1_1' title='bbox 871 265 996 324; x_wconf 82' lang='lat'><strong>229</strong></span> 
     </span>
    </p>
   </div>
   <div class='ocr_carea' id='block_1_2' title="bbox 87 411 1781 3441">
    <p class='ocr_par' dir='ltr' id='par_1_2' title="bbox 87 411 1781 3441">
     <span class='ocr_line' id='line_1_2' title="bbox 98 411 1780 479; baseline -0.003 -11"><span class='ocrx_word' id='word_1_2' title='bbox 98 421 194 468; x_wconf 86' lang='lat' dir='ltr'><strong>est.</strong></span> <span class='ocrx_word' id='word_1_3' title='bbox 244 415 464 466; x_wconf 87' lang='lat' dir='ltr'><strong>Primum</strong></span> <span class='ocrx_word' id='word_1_4' title='bbox 483 413 616 464; x_wconf 89' lang='lat' dir='ltr'><strong>enim</strong></span> <span class='ocrx_word' id='word_1_5' title='bbox 640 418 853 479; x_wconf 79' lang='lat' dir='ltr'><strong>tempuS,</strong></span> <span class='ocrx_word' id='word_1_6' title='bbox 883 429 981 479; x_wconf 90' lang='lat' dir='ltr'><strong>quo</strong></span> <span class='ocrx_word' id='word_1_7' title='bbox 1004 426 1229 479; x_wconf 88' lang='lat' dir='ltr'><strong>quaeque</strong></span> <span class='ocrx_word' id='word_1_8' title='bbox 1251 411 1417 463; x_wconf 84' lang='lat' dir='ltr'><strong>fabula</strong></span> <span class='ocrx_word' id='word_1_9' title='bbox 1442 414 1589 464; x_wconf 89' lang='lat' dir='ltr'><strong>docta</strong></span> <span class='ocrx_word' id='word_1_10' title='bbox 1611 413 1691 475; x_wconf 79' lang='lat' dir='ltr'><strong>sit,</strong></span> <span class='ocrx_word' id='word_1_11' title='bbox 1719 429 1780 464; x_wconf 80' lang='lat' dir='ltr'><strong>ex</strong></span> 
     </span>
     <span class='ocr_line' id='line_1_3' title="bbox 95 492 1781 561; baseline -0.002 -15"><span class='ocrx_word' id='word_1_12' title='bbox 95 498 196 547; x_wconf 89' lang='lat' dir='ltr'><strong>illis</strong></span> <span class='ocrx_word' id='word_1_13' title='bbox 230 495 424 546; x_wconf 86' lang='lat' dir='ltr'><strong>definiri</strong></span> <span class='ocrx_word' id='word_1_14' title='bbox 455 500 649 561; x_wconf 82' lang='lat' dir='ltr'><strong>potest3</strong></span> <span class='ocrx_word' id='word_1_15' title='bbox 682 501 787 544; x_wconf 90' lang='lat' dir='ltr'><strong>tum</strong></span> <span class='ocrx_word' id='word_1_16' title='bbox 821 510 1030 560; x_wconf 88' lang='lat' dir='ltr'><strong>quanam</strong></span> <span class='ocrx_word' id='word_1_17' title='bbox 1065 492 1378 543; x_wconf 87' lang='lat' dir='ltr'><strong>consiliorum</strong></span> <span class='ocrx_word' id='word_1_18' title='bbox 1414 493 1781 554; x_wconf 78' lang='lat' dir='ltr'><strong>communitate,</strong></span> 
     </span>
     <span class='ocr_line' id='line_1_4' title="bbox 96 573 1778 642; baseline -0.002 -16"><span class='ocrx_word' id='word_1_19' title='bbox 96 593 195 642; x_wconf 89' lang='lat' dir='ltr'><strong>quo</strong></span> <span class='ocrx_word' id='word_1_20' title='bbox 229 575 509 626; x_wconf 85' lang='lat' dir='ltr'><strong>studiorum</strong></span> <span class='ocrx_word' id='word_1_21' title='bbox 542 576 946 639; x_wconf 81' lang='lat' dir='ltr'><strong>voluntatumque</strong></span> <span class='ocrx_word' id='word_1_22' title='bbox 982 588 1227 623; x_wconf 90' lang='lat' dir='ltr'><strong>consensu</strong></span> <span class='ocrx_word' id='word_1_23' title='bbox 1260 574 1475 638; x_wconf 82' lang='lat' dir='ltr'><strong>scriptor</strong></span> <span class='ocrx_word' id='word_1_24' title='bbox 1507 590 1622 622; x_wconf 92' lang='lat' dir='ltr'><strong>cum</strong></span> <span class='ocrx_word' id='word_1_25' title='bbox 1659 573 1778 622; x_wconf 90' lang='lat' dir='ltr'><strong>civi·</strong></span> 
     </span>
     <span class='ocr_line' id='line_1_5' title="bbox 94 653 1779 720; baseline -0.002 -13"><span class='ocrx_word' id='word_1_26' title='bbox 94 657 191 707; x_wconf 88' lang='lat' dir='ltr'><strong>bus</strong></span> <span class='ocrx_word' id='word_1_27' title='bbox 226 656 518 706; x_wconf 88' lang='lat' dir='ltr'><strong>coniunctus</strong></span> <span class='ocrx_word' id='word_1_28' title='bbox 555 655 721 719; x_wconf 85' lang='lat' dir='ltr'><strong>fuerit,</strong></span> <span class='ocrx_word' id='word_1_29' title='bbox 758 655 875 720; x_wconf 88' lang='lat' dir='ltr'><strong>quid</strong></span> <span class='ocrx_word' id='word_1_30' title='bbox 907 655 986 703; x_wconf 85' lang='lat' dir='ltr'><strong>vel</strong></span> <span class='ocrx_word' id='word_1_31' title='bbox 1006 653 1228 718; x_wconf 87' lang='lat' dir='ltr'><strong>probarit</strong></span> <span class='ocrx_word' id='word_1_32' title='bbox 1252 653 1330 702; x_wconf 85' lang='lat' dir='ltr'><strong>vel</strong></span> <span class='ocrx_word' id='word_1_33' title='bbox 1362 653 1623 711; x_wconf 88' lang='lat' dir='ltr'><strong>damnarit,</strong></span> <span class='ocrx_word' id='word_1_34' title='bbox 1659 654 1779 717; x_wconf 88' lang='lat' dir='ltr'><strong>quid</strong></span> 
     </span>
     <span class='ocr_line' id='line_1_6' title="bbox 93 733 1778 802; baseline -0.003 -15"><span class='ocrx_word' id='word_1_35' title='bbox 93 737 282 802; x_wconf 83' lang='lat' dir='ltr'><strong>fugerit</strong></span> <span class='ocrx_word' id='word_1_36' title='bbox 315 735 394 784; x_wconf 86' lang='lat' dir='ltr'><strong>vel</strong></span> <span class='ocrx_word' id='word_1_37' title='bbox 427 736 645 800; x_wconf 88' lang='lat' dir='ltr'><strong>petierit,</strong></span> <span class='ocrx_word' id='word_1_38' title='bbox 681 736 798 784; x_wconf 90' lang='lat' dir='ltr'><strong>inde</strong></span> <span class='ocrx_word' id='word_1_39' title='bbox 829 735 1107 794; x_wconf 78' lang='lat' dir='ltr'><strong>aestimare,</strong></span> <span class='ocrx_word' id='word_1_40' title='bbox 1145 733 1362 797; x_wconf 87' lang='lat' dir='ltr'><strong>denique</strong></span> <span class='ocrx_word' id='word_1_41' title='bbox 1392 734 1543 782; x_wconf 89' lang='lat' dir='ltr'><strong>vitam</strong></span> <span class='ocrx_word' id='word_1_42' title='bbox 1571 733 1679 782; x_wconf 88' lang='lat' dir='ltr'><strong>eius</strong></span> <span class='ocrx_word' id='word_1_43' title='bbox 1715 749 1778 783; x_wconf 86' lang='lat' dir='ltr'><strong>ex</strong></span> 
     </span>
     <span class='ocr_line' id='line_1_7' title="bbox 95 812 1773 883; baseline -0.003 -16"><span class='ocrx_word' id='word_1_44' title='bbox 95 818 347 883; x_wconf 81' lang='lat' dir='ltr'><strong>operibuS‚</strong></span> <span class='ocrx_word' id='word_1_45' title='bbox 380 822 612 880; x_wconf 88' lang='lat' dir='ltr'><strong>tanquam</strong></span> <span class='ocrx_word' id='word_1_46' title='bbox 636 815 931 864; x_wconf 77' lang='lat' dir='ltr'><strong>certissimis</strong></span> <span class='ocrx_word' id='word_1_47' title='bbox 958 814 1273 872; x_wconf 82' lang='lat' dir='ltr'><strong>testimoniis,</strong></span> <span class='ocrx_word' id='word_1_48' title='bbox 1311 829 1614 879; x_wconf 83' lang='lat' dir='ltr'><strong>cognoscere</strong></span> <span class='ocrx_word' id='word_1_49' title='bbox 1639 812 1773 862; x_wconf 90' lang='lat' dir='ltr'><strong>licet.</strong></span> 
     </span>
     <span class='ocr_line' id='line_1_8' title="bbox 94 893 1778 960; baseline -0.003 -14"><span class='ocrx_word' id='word_1_50' title='bbox 94 897 198 946; x_wconf 87' lang='lat' dir='ltr'><strong>Sed</strong></span> <span class='ocrx_word' id='word_1_51' title='bbox 232 896 295 946; x_wconf 84' lang='lat' dir='ltr'><strong>ad</strong></span> <span class='ocrx_word' id='word_1_52' title='bbox 330 895 600 944; x_wconf 79' lang='lat' dir='ltr'><strong>carminum</strong></span> <span class='ocrx_word' id='word_1_53' title='bbox 650 910 847 958; x_wconf 89' lang='lat' dir='ltr'><strong>quoque</strong></span> <span class='ocrx_word' id='word_1_54' title='bbox 878 895 1098 960; x_wconf 89' lang='lat' dir='ltr'><strong>ipsorum</strong></span> <span class='ocrx_word' id='word_1_55' title='bbox 1131 894 1231 942; x_wconf 85' lang='lat' dir='ltr'><strong>vim</strong></span> <span class='ocrx_word' id='word_1_56' title='bbox 1265 894 1598 958; x_wconf 85' lang='lat' dir='ltr'><strong>virtutemque</strong></span> <span class='ocrx_word' id='word_1_57' title='bbox 1630 893 1778 943; x_wconf 89' lang='lat' dir='ltr'><strong>aesti-</strong></span> 
     </span>
     <span class='ocr_line' id='line_1_9' title="bbox 92 970 1777 1040; baseline -0.001 -15"><span class='ocrx_word' id='word_1_58' title='bbox 92 975 352 1035; x_wconf 78' lang='lat' dir='ltr'><strong>mandam,</strong></span> <span class='ocrx_word' id='word_1_59' title='bbox 386 974 449 1022; x_wconf 89' lang='lat' dir='ltr'><strong>ad</strong></span> <span class='ocrx_word' id='word_1_60' title='bbox 483 973 1189 1025; x_wconf 75' lang='lat' dir='ltr'><strong>caussas‘conformandorum</strong></span> <span class='ocrx_word' id='word_1_61' title='bbox 1224 970 1653 1040; x_wconf 86' lang='lat' dir='ltr'><strong>argumentorum,</strong></span> <span class='ocrx_word' id='word_1_62' title='bbox 1701 974 1777 1024; x_wconf 81' lang='lat' dir='ltr'><strong>ef-</strong></span> 
     </span>
     <span class='ocr_line' id='line_1_10' title="bbox 92 1054 1778 1120; baseline -0.001 -16"><span class='ocrx_word' id='word_1_63' title='bbox 92 1054 436 1120; x_wconf 84' lang='lat' dir='ltr'><strong>fingeudarum</strong></span> <span class='ocrx_word' id='word_1_64' title='bbox 478 1069 800 1119; x_wconf 89' lang='lat' dir='ltr'><strong>personarum</strong></span> <span class='ocrx_word' id='word_1_65' title='bbox 817 1091 830 1113; x_wconf 91' lang='lat'>‚</span> <span class='ocrx_word' id='word_1_66' title='bbox 869 1054 1243 1102; x_wconf 87' lang='lat' dir='ltr'><strong>inserendarum</strong></span> <span class='ocrx_word' id='word_1_67' title='bbox 1288 1054 1646 1103; x_wconf 88' lang='lat' dir='ltr'><strong>sententiarum</strong></span> <span class='ocrx_word' id='word_1_68' title='bbox 1693 1070 1778 1103; x_wconf 92' lang='lat' dir='ltr'><strong>co-</strong></span> 
     </span>
     <span class='ocr_line' id='line_1_11' title="bbox 91 1133 1780 1201; baseline 0 -18"><span class='ocrx_word' id='word_1_69' title='bbox 91 1134 406 1199; x_wconf 86' lang='lat' dir='ltr'><strong>gnoscendas</strong></span> <span class='ocrx_word' id='word_1_70' title='bbox 440 1133 642 1182; x_wconf 82' lang='lat' dir='ltr'><strong>maximi</strong></span> <span class='ocrx_word' id='word_1_71' title='bbox 674 1133 759 1188; x_wconf 87' lang='lat' dir='ltr'><strong>illa</strong></span> <span class='ocrx_word' id='word_1_72' title='bbox 791 1134 1101 1198; x_wconf 88' lang='lat' dir='ltr'><strong>investigatio</strong></span> <span class='ocrx_word' id='word_1_73' title='bbox 1132 1134 1373 1201; x_wconf 86' lang='lat' dir='ltr'><strong>momenti</strong></span> <span class='ocrx_word' id='word_1_74' title='bbox 1399 1140 1491 1182; x_wconf 88' lang='lat' dir='ltr'><strong>est.</strong></span> <span class='ocrx_word' id='word_1_75' title='bbox 1558 1133 1780 1197; x_wconf 90' lang='lat' dir='ltr'><strong>Denique</strong></span> 
     </span>
     <span class='ocr_line' id='line_1_12' title="bbox 92 1212 1779 1280; baseline 0 -17"><span class='ocrx_word' id='word_1_76' title='bbox 92 1214 243 1264; x_wconf 87' lang='lat' dir='ltr'><strong>etiam</strong></span> <span class='ocrx_word' id='word_1_77' title='bbox 276 1213 356 1274; x_wconf 83' lang='lat' dir='ltr'><strong>iis,</strong></span> <span class='ocrx_word' id='word_1_78' title='bbox 391 1213 477 1276; x_wconf 90' lang='lat' dir='ltr'><strong>qui</strong></span> <span class='ocrx_word' id='word_1_79' title='bbox 511 1212 576 1262; x_wconf 91' lang='lat' dir='ltr'><strong>de</strong></span> <span class='ocrx_word' id='word_1_80' title='bbox 608 1214 757 1263; x_wconf 88' lang='lat' dir='ltr'><strong>rebus</strong></span> <span class='ocrx_word' id='word_1_81' title='bbox 781 1213 1004 1264; x_wconf 87' lang='lat' dir='ltr'><strong>iudicare</strong></span> <span class='ocrx_word' id='word_1_82' title='bbox 1026 1213 1183 1280; x_wconf 89' lang='lat' dir='ltr'><strong>gestis</strong></span> <span class='ocrx_word' id='word_1_83' title='bbox 1206 1213 1389 1274; x_wconf 85' lang='lat' dir='ltr'><strong>volent,</strong></span> <span class='ocrx_word' id='word_1_84' title='bbox 1426 1214 1779 1263; x_wconf 82' lang='lat' dir='ltr'><strong>adminiculum</strong></span> 
     </span>
     <span class='ocr_line' id='line_1_13' title="bbox 90 1292 1780 1360; baseline -0.001 -16"><span class='ocrx_word' id='word_1_85' title='bbox 90 1292 228 1344; x_wconf 83' lang='lat' dir='ltr'><strong>haud</strong></span> <span class='ocrx_word' id='word_1_86' title='bbox 277 1308 398 1342; x_wconf 82' lang='lat' dir='ltr'><strong>sane</strong></span> <span class='ocrx_word' id='word_1_87' title='bbox 444 1294 859 1343; x_wconf 89' lang='lat' dir='ltr'><strong>contemnendum</strong></span> <span class='ocrx_word' id='word_1_88' title='bbox 895 1293 1150 1352; x_wconf 87' lang='lat' dir='ltr'><strong>obfertur,</strong></span> <span class='ocrx_word' id='word_1_89' title='bbox 1203 1295 1283 1344; x_wconf 91' lang='lat' dir='ltr'><strong>cui</strong></span> <span class='ocrx_word' id='word_1_90' title='bbox 1318 1310 1373 1343; x_wconf 88' lang='lat' dir='ltr'><strong>se</strong></span> <span class='ocrx_word' id='word_1_91' title='bbox 1408 1294 1684 1360; x_wconf 80' lang='lat' dir='ltr'><strong>applicent,</strong></span> <span class='ocrx_word' id='word_1_92' title='bbox 1735 1293 1780 1343; x_wconf 91' lang='lat' dir='ltr'><strong>si</strong></span> 
     </span>
     <span class='ocr_line' id='line_1_14' title="bbox 93 1372 1777 1438; baseline 0.001 -15"><span class='ocrx_word' id='word_1_93' title='bbox 93 1390 190 1438; x_wconf 89' lang='lat' dir='ltr'><strong>qua</strong></span> <span class='ocrx_word' id='word_1_94' title='bbox 223 1373 276 1422; x_wconf 91' lang='lat' dir='ltr'><strong>in</strong></span> <span class='ocrx_word' id='word_1_95' title='bbox 310 1388 367 1421; x_wconf 88' lang='lat' dir='ltr'><strong>re</strong></span> <span class='ocrx_word' id='word_1_96' title='bbox 398 1372 753 1422; x_wconf 85' lang='lat' dir='ltr'><strong>historicorum</strong></span> <span class='ocrx_word' id='word_1_97' title='bbox 787 1378 1023 1423; x_wconf 82' lang='lat' dir='ltr'><strong>censeant</strong></span> <span class='ocrx_word' id='word_1_98' title='bbox 1056 1373 1210 1424; x_wconf 86' lang='lat' dir='ltr'><strong>fidem</strong></span> <span class='ocrx_word' id='word_1_99' title='bbox 1234 1374 1624 1424; x_wconf 89' lang='lat' dir='ltr'><strong>addubitandam</strong></span> <span class='ocrx_word' id='word_1_100' title='bbox 1645 1389 1777 1426; x_wconf 87' lang='lat' dir='ltr'><strong>esse.</strong></span> 
     </span>
     <span class='ocr_line' id='line_1_15' title="bbox 92 1453 1778 1520; baseline 0.001 -17"><span class='ocrx_word' id='word_1_101' title='bbox 92 1453 244 1503; x_wconf 86' lang='lat' dir='ltr'><strong>Certe</strong></span> <span class='ocrx_word' id='word_1_102' title='bbox 277 1453 410 1503; x_wconf 91' lang='lat' dir='ltr'><strong>enim</strong></span> <span class='ocrx_word' id='word_1_103' title='bbox 443 1459 501 1503; x_wconf 94' lang='lat' dir='ltr'><strong>ut</strong></span> <span class='ocrx_word' id='word_1_104' title='bbox 532 1453 776 1504; x_wconf 81' lang='lat' dir='ltr'><strong>factorum</strong></span> <span class='ocrx_word' id='word_1_105' title='bbox 811 1455 1058 1515; x_wconf 77' lang='lat' dir='ltr'><strong>rationes,</strong></span> <span class='ocrx_word' id='word_1_106' title='bbox 1110 1460 1165 1505; x_wconf 93' lang='lat' dir='ltr'><strong>ut</strong></span> <span class='ocrx_word' id='word_1_107' title='bbox 1210 1454 1464 1505; x_wconf 90' lang='lat' dir='ltr'><strong>hominum</strong></span> <span class='ocrx_word' id='word_1_108' title='bbox 1499 1454 1778 1520; x_wconf 87' lang='lat' dir='ltr'><strong>principum</strong></span> 
     </span>
     <span class='ocr_line' id='line_1_16' title="bbox 91 1532 1778 1600; baseline 0.001 -17"><span class='ocrx_word' id='word_1_109' title='bbox 91 1532 295 1583; x_wconf 88' lang='lat' dir='ltr'><strong>consilia</strong></span> <span class='ocrx_word' id='word_1_110' title='bbox 329 1538 383 1583; x_wconf 89' lang='lat' dir='ltr'><strong>et</strong></span> <span class='ocrx_word' id='word_1_111' title='bbox 415 1533 722 1597; x_wconf 78' lang='lat' dir='ltr'><strong>voluntateS‚</strong></span> <span class='ocrx_word' id='word_1_112' title='bbox 770 1539 825 1584; x_wconf 93' lang='lat' dir='ltr'><strong>ut</strong></span> <span class='ocrx_word' id='word_1_113' title='bbox 857 1535 1157 1600; x_wconf 90' lang='lat' dir='ltr'><strong>populorum</strong></span> <span class='ocrx_word' id='word_1_114' title='bbox 1194 1535 1361 1584; x_wconf 88' lang='lat' dir='ltr'><strong>studia</strong></span> <span class='ocrx_word' id='word_1_115' title='bbox 1395 1541 1448 1584; x_wconf 89' lang='lat' dir='ltr'><strong>et</strong></span> <span class='ocrx_word' id='word_1_116' title='bbox 1478 1534 1661 1583; x_wconf 89' lang='lat' dir='ltr'><strong>iudicia</strong></span> <span class='ocrx_word' id='word_1_117' title='bbox 1693 1549 1778 1584; x_wconf 94' lang='lat' dir='ltr'><strong>co-</strong></span> 
     </span>
     <span class='ocr_line' id='line_1_17' title="bbox 89 1615 1777 1680; baseline 0.001 -19"><span class='ocrx_word' id='word_1_118' title='bbox 89 1629 319 1680; x_wconf 79' lang='lat' dir='ltr'><strong>gnoscas,</strong></span> <span class='ocrx_word' id='word_1_119' title='bbox 358 1630 455 1663; x_wconf 91' lang='lat' dir='ltr'><strong>non</strong></span> <span class='ocrx_word' id='word_1_120' title='bbox 489 1615 652 1664; x_wconf 89' lang='lat' dir='ltr'><strong>minus</strong></span> <span class='ocrx_word' id='word_1_121' title='bbox 687 1615 889 1666; x_wconf 89' lang='lat' dir='ltr'><strong>fabulae</strong></span> <span class='ocrx_word' id='word_1_122' title='bbox 920 1620 1196 1679; x_wconf 77' lang='lat' dir='ltr'><strong>poetarum,</strong></span> <span class='ocrx_word' id='word_1_123' title='bbox 1232 1632 1377 1680; x_wconf 89' lang='lat' dir='ltr'><strong>quam</strong></span> <span class='ocrx_word' id='word_1_124' title='bbox 1410 1615 1657 1664; x_wconf 90' lang='lat' dir='ltr'><strong>orationes</strong></span> <span class='ocrx_word' id='word_1_125' title='bbox 1691 1629 1777 1663; x_wconf 89' lang='lat' dir='ltr'><strong>eo-</strong></span> 
     </span>
     <span class='ocr_line' id='line_1_18' title="bbox 87 1693 1777 1760; baseline 0 -18"><span class='ocrx_word' id='word_1_126' title='bbox 87 1710 231 1756; x_wconf 88' lang='lat' dir='ltr'><strong>rum,</strong></span> <span class='ocrx_word' id='word_1_127' title='bbox 282 1693 367 1758; x_wconf 89' lang='lat' dir='ltr'><strong>qui</strong></span> <span class='ocrx_word' id='word_1_128' title='bbox 399 1710 482 1743; x_wconf 91' lang='lat' dir='ltr'><strong>res</strong></span> <span class='ocrx_word' id='word_1_129' title='bbox 516 1695 745 1745; x_wconf 87' lang='lat' dir='ltr'><strong>forenses</strong></span> <span class='ocrx_word' id='word_1_130' title='bbox 780 1696 1017 1759; x_wconf 82' lang='lat' dir='ltr'><strong>agebant,</strong></span> <span class='ocrx_word' id='word_1_131' title='bbox 1054 1694 1263 1760; x_wconf 84' lang='lat' dir='ltr'><strong>dignae,</strong></span> <span class='ocrx_word' id='word_1_132' title='bbox 1312 1695 1373 1742; x_wconf 88' lang='lat' dir='ltr'><strong>ad</strong></span> <span class='ocrx_word' id='word_1_133' title='bbox 1406 1710 1526 1758; x_wconf 88' lang='lat' dir='ltr'><strong>quas</strong></span> <span class='ocrx_word' id='word_1_134' title='bbox 1561 1694 1777 1743; x_wconf 89' lang='lat' dir='ltr'><strong>animum</strong></span> 
     </span>
     <span class='ocr_line' id='line_1_19' title="bbox 91 1773 1777 1834; baseline 0 -13"><span class='ocrx_word' id='word_1_135' title='bbox 91 1774 337 1834; x_wconf 60' lang='lat' dir='ltr'><strong>advorte-³3,</strong></span> <span class='ocrx_word' id='word_1_136' title='bbox 373 1789 487 1823; x_wconf 90' lang='lat' dir='ltr'><strong>esse</strong></span> <span class='ocrx_word' id='word_1_137' title='bbox 519 1775 766 1824; x_wconf 86' lang='lat' dir='ltr'><strong>videntur.</strong></span> <span class='ocrx_word' id='word_1_138' title='bbox 821 1774 990 1824; x_wconf 86' lang='lat' dir='ltr'><strong>Insunt</strong></span> <span class='ocrx_word' id='word_1_139' title='bbox 1024 1774 1156 1823; x_wconf 92' lang='lat' dir='ltr'><strong>enim</strong></span> <span class='ocrx_word' id='word_1_140' title='bbox 1189 1775 1286 1823; x_wconf 89' lang='lat' dir='ltr'><strong>illis</strong></span> <span class='ocrx_word' id='word_1_141' title='bbox 1320 1774 1604 1824; x_wconf 87' lang='lat' dir='ltr'><strong>testimonia</strong></span> <span class='ocrx_word' id='word_1_142' title='bbox 1646 1773 1777 1823; x_wconf 87' lang='lat' dir='ltr'><strong>iudi-</strong></span> 
     </span>
     <span class='ocr_line' id='line_1_20' title="bbox 91 1854 1777 1918; baseline 0 -17"><span class='ocrx_word' id='word_1_143' title='bbox 91 1854 311 1910; x_wconf 89' lang='lat' dir='ltr'><strong>ciorum,</strong></span> <span class='ocrx_word' id='word_1_144' title='bbox 360 1869 486 1916; x_wconf 91' lang='lat' dir='ltr'><strong>quae</strong></span> <span class='ocrx_word' id='word_1_145' title='bbox 530 1854 594 1903; x_wconf 91' lang='lat' dir='ltr'><strong>de</strong></span> <span class='ocrx_word' id='word_1_146' title='bbox 627 1855 779 1904; x_wconf 91' lang='lat' dir='ltr'><strong>rebus</strong></span> <span class='ocrx_word' id='word_1_147' title='bbox 811 1854 1191 1918; x_wconf 89' lang='lat' dir='ltr'><strong>hominibusque</strong></span> <span class='ocrx_word' id='word_1_148' title='bbox 1224 1855 1414 1904; x_wconf 88' lang='lat' dir='ltr'><strong>faceret</strong></span> <span class='ocrx_word' id='word_1_149' title='bbox 1448 1854 1627 1903; x_wconf 88' lang='lat' dir='ltr'><strong>civium</strong></span> <span class='ocrx_word' id='word_1_150' title='bbox 1660 1868 1777 1918; x_wconf 88' lang='lat' dir='ltr'><strong>pars</strong></span> 
     </span>
     <span class='ocr_line' id='line_1_21' title="bbox 90 1932 1775 2000; baseline 0.001 -20"><span class='ocrx_word' id='word_1_151' title='bbox 90 1932 170 1980; x_wconf 84' lang='lat' dir='ltr'><strong>vel</strong></span> <span class='ocrx_word' id='word_1_152' title='bbox 205 1932 461 1980; x_wconf 88' lang='lat' dir='ltr'><strong>sanissima</strong></span> <span class='ocrx_word' id='word_1_153' title='bbox 493 1933 571 1982; x_wconf 87' lang='lat' dir='ltr'><strong>vel</strong></span> <span class='ocrx_word' id='word_1_154' title='bbox 606 1940 747 1984; x_wconf 92' lang='lat' dir='ltr'><strong>certe</strong></span> <span class='ocrx_word' id='word_1_155' title='bbox 779 1950 876 1984; x_wconf 92' lang='lat' dir='ltr'><strong>non</strong></span> <span class='ocrx_word' id='word_1_156' title='bbox 911 1935 1168 1996; x_wconf 80' lang='lat' dir='ltr'><strong>vilissima,</strong></span> <span class='ocrx_word' id='word_1_157' title='bbox 1197 1952 1324 2000; x_wconf 89' lang='lat' dir='ltr'><strong>quae</strong></span> <span class='ocrx_word' id='word_1_158' title='bbox 1347 1935 1531 1984; x_wconf 89' lang='lat' dir='ltr'><strong>iudicia</strong></span> <span class='ocrx_word' id='word_1_159' title='bbox 1553 1934 1640 1983; x_wconf 91' lang='lat' dir='ltr'><strong>ubi</strong></span> <span class='ocrx_word' id='word_1_160' title='bbox 1663 1949 1775 1983; x_wconf 90' lang='lat' dir='ltr'><strong>cum</strong></span> 
     </span>
     <span class='ocr_line' id='line_1_22' title="bbox 88 2012 1777 2080; baseline 0.001 -18"><span class='ocrx_word' id='word_1_161' title='bbox 88 2012 447 2062; x_wconf 84' lang='lat' dir='ltr'><strong>narrationibus</strong></span> <span class='ocrx_word' id='word_1_162' title='bbox 482 2029 681 2076; x_wconf 85' lang='lat' dir='ltr'><strong>eorum,</strong></span> <span class='ocrx_word' id='word_1_163' title='bbox 718 2016 800 2078; x_wconf 88' lang='lat' dir='ltr'><strong>qui</strong></span> <span class='ocrx_word' id='word_1_164' title='bbox 833 2031 916 2064; x_wconf 90' lang='lat' dir='ltr'><strong>res</strong></span> <span class='ocrx_word' id='word_1_165' title='bbox 951 2015 1273 2080; x_wconf 86' lang='lat' dir='ltr'><strong>scripserunt,</strong></span> <span class='ocrx_word' id='word_1_166' title='bbox 1309 2015 1677 2074; x_wconf 80' lang='lat' dir='ltr'><strong>contulerimuS,</strong></span> <span class='ocrx_word' id='word_1_167' title='bbox 1712 2013 1777 2063; x_wconf 89' lang='lat' dir='ltr'><strong>de</strong></span> 
     </span>
     <span class='ocr_line' id='line_1_23' title="bbox 89 2091 1775 2162; baseline 0.002 -23"><span class='ocrx_word' id='word_1_168' title='bbox 89 2091 193 2140; x_wconf 88' lang='lat' dir='ltr'><strong>fide</strong></span> <span class='ocrx_word' id='word_1_169' title='bbox 225 2091 404 2140; x_wconf 89' lang='lat' dir='ltr'><strong>horum</strong></span> <span class='ocrx_word' id='word_1_170' title='bbox 437 2092 656 2142; x_wconf 88' lang='lat' dir='ltr'><strong>iudicare</strong></span> <span class='ocrx_word' id='word_1_171' title='bbox 688 2095 842 2143; x_wconf 89' lang='lat' dir='ltr'><strong>tutius</strong></span> <span class='ocrx_word' id='word_1_172' title='bbox 878 2095 1064 2147; x_wconf 91' lang='lat' dir='ltr'><strong>licebit.</strong></span> <span class='ocrx_word' id='word_1_173' title='bbox 1142 2095 1321 2162; x_wconf 87' lang='lat' dir='ltr'><strong>Neque</strong></span> <span class='ocrx_word' id='word_1_174' title='bbox 1365 2111 1580 2159; x_wconf 89' lang='lat' dir='ltr'><strong>unquam</strong></span> <span class='ocrx_word' id='word_1_175' title='bbox 1631 2094 1775 2143; x_wconf 88' lang='lat' dir='ltr'><strong>unius</strong></span> 
     </span>
     <span class='ocr_line' id='line_1_24' title="bbox 87 2170 1776 2240; baseline 0.001 -20"><span class='ocrx_word' id='word_1_176' title='bbox 87 2170 298 2221; x_wconf 88' lang='lat' dir='ltr'><strong>hominis</strong></span> <span class='ocrx_word' id='word_1_177' title='bbox 333 2172 628 2221; x_wconf 88' lang='lat' dir='ltr'><strong>auctoritate</strong></span> <span class='ocrx_word' id='word_1_178' title='bbox 661 2175 1078 2238; x_wconf 89' lang='lat' dir='ltr'><strong>acquiescendum</strong></span> <span class='ocrx_word' id='word_1_179' title='bbox 1112 2182 1214 2238; x_wconf 79' lang='lat' dir='ltr'><strong>est,</strong></span> <span class='ocrx_word' id='word_1_180' title='bbox 1249 2177 1434 2240; x_wconf 87' lang='lat' dir='ltr'><strong>quippe</strong></span> <span class='ocrx_word' id='word_1_181' title='bbox 1468 2176 1568 2239; x_wconf 88' lang='lat' dir='ltr'><strong>qui,</strong></span> <span class='ocrx_word' id='word_1_182' title='bbox 1603 2190 1776 2238; x_wconf 89' lang='lat' dir='ltr'><strong>quam-</strong></span> 
     </span>
     <span class='ocr_line' id='line_1_25' title="bbox 88 2251 1776 2321; baseline 0.002 -22"><span class='ocrx_word' id='word_1_183' title='bbox 88 2251 165 2300; x_wconf 85' lang='lat' dir='ltr'><strong>vis</strong></span> <span class='ocrx_word' id='word_1_184' title='bbox 189 2251 345 2301; x_wconf 80' lang='lat' dir='ltr'><strong>fuerit</strong></span> <span class='ocrx_word' id='word_1_185' title='bbox 368 2252 444 2300; x_wconf 89' lang='lat' dir='ltr'><strong>ira</strong></span> <span class='ocrx_word' id='word_1_186' title='bbox 470 2253 738 2319; x_wconf 87' lang='lat' dir='ltr'><strong>studioque</strong></span> <span class='ocrx_word' id='word_1_187' title='bbox 763 2271 964 2317; x_wconf 79' lang='lat' dir='ltr'><strong>vacuus,</strong></span> <span class='ocrx_word' id='word_1_188' title='bbox 1006 2256 1229 2319; x_wconf 86' lang='lat' dir='ltr'><strong>quamvis</strong></span> <span class='ocrx_word' id='word_1_189' title='bbox 1252 2256 1522 2321; x_wconf 75' lang='lat' dir='ltr'><strong>diligentia,</strong></span> <span class='ocrx_word' id='word_1_190' title='bbox 1550 2255 1776 2305; x_wconf 88' lang='lat' dir='ltr'><strong>acumine</strong></span> 
     </span>
     <span class='ocr_line' id='line_1_26' title="bbox 89 2330 1777 2400; baseline 0.002 -21"><span class='ocrx_word' id='word_1_191' title='bbox 89 2330 373 2396; x_wconf 86' lang='lat' dir='ltr'><strong>iudicioque</strong></span> <span class='ocrx_word' id='word_1_192' title='bbox 406 2333 729 2397; x_wconf 75' lang='lat' dir='ltr'><strong>praestiterit,</strong></span> <span class='ocrx_word' id='word_1_193' title='bbox 762 2340 930 2384; x_wconf 90' lang='lat' dir='ltr'><strong>tamen</strong></span> <span class='ocrx_word' id='word_1_194' title='bbox 962 2335 1115 2385; x_wconf 91' lang='lat' dir='ltr'><strong>homo</strong></span> <span class='ocrx_word' id='word_1_195' title='bbox 1147 2336 1271 2397; x_wconf 78' lang='lat' dir='ltr'><strong>fuit,</strong></span> <span class='ocrx_word' id='word_1_196' title='bbox 1304 2337 1355 2385; x_wconf 90' lang='lat' dir='ltr'><strong>in</strong></span> <span class='ocrx_word' id='word_1_197' title='bbox 1391 2330 1540 2400; x_wconf 74' lang='lat' dir='ltr'><strong>que&#39;m</strong></span> <span class='ocrx_word' id='word_1_198' title='bbox 1573 2334 1777 2384; x_wconf 88' lang='lat' dir='ltr'><strong>caderet</strong></span> 
     </span>
     <span class='ocr_line' id='line_1_27' title="bbox 89 2413 1774 2482; baseline 0.001 -22"><span class='ocrx_word' id='word_1_199' title='bbox 89 2427 260 2475; x_wconf 89' lang='lat' dir='ltr'><strong>error,</strong></span> <span class='ocrx_word' id='word_1_200' title='bbox 294 2417 350 2461; x_wconf 91' lang='lat' dir='ltr'><strong>ut</strong></span> <span class='ocrx_word' id='word_1_201' title='bbox 388 2428 536 2477; x_wconf 86' lang='lat' dir='ltr'><strong>supra</strong></span> <span class='ocrx_word' id='word_1_202' title='bbox 567 2420 792 2464; x_wconf 88' lang='lat' dir='ltr'><strong>naturam</strong></span> <span class='ocrx_word' id='word_1_203' title='bbox 825 2415 1090 2465; x_wconf 87' lang='lat' dir='ltr'><strong>humanam</strong></span> <span class='ocrx_word' id='word_1_204' title='bbox 1114 2416 1308 2482; x_wconf 84' lang='lat' dir='ltr'><strong>ingenii</strong></span> <span class='ocrx_word' id='word_1_205' title='bbox 1342 2417 1449 2465; x_wconf 91' lang='lat' dir='ltr'><strong>eius</strong></span> <span class='ocrx_word' id='word_1_206' title='bbox 1482 2417 1579 2465; x_wconf 82' lang='lat' dir='ltr'><strong>vim</strong></span> <span class='ocrx_word' id='word_1_207' title='bbox 1615 2413 1774 2464; x_wconf 82' lang='lat' dir='ltr'><strong>extol-</strong></span> 
     </span>
     <span class='ocr_line' id='line_1_28' title="bbox 90 2490 1773 2560; baseline 0.001 -20"><span class='ocrx_word' id='word_1_208' title='bbox 90 2490 198 2540; x_wconf 90' lang='lat' dir='ltr'><strong>lere</strong></span> <span class='ocrx_word' id='word_1_209' title='bbox 229 2492 487 2541; x_wconf 84' lang='lat' dir='ltr'><strong>videantur</strong></span> <span class='ocrx_word' id='word_1_210' title='bbox 521 2493 605 2556; x_wconf 88' lang='lat' dir='ltr'><strong>qui</strong></span> <span class='ocrx_word' id='word_1_211' title='bbox 639 2495 871 2559; x_wconf 90' lang='lat' dir='ltr'><strong>quicquid</strong></span> <span class='ocrx_word' id='word_1_212' title='bbox 911 2497 1095 2558; x_wconf 78' lang='lat' dir='ltr'><strong>retulit,</strong></span> <span class='ocrx_word' id='word_1_213' title='bbox 1130 2495 1366 2560; x_wconf 88' lang='lat' dir='ltr'><strong>quicquid</strong></span> <span class='ocrx_word' id='word_1_214' title='bbox 1403 2495 1657 2555; x_wconf 88' lang='lat' dir='ltr'><strong>iudicavit,</strong></span> <span class='ocrx_word' id='word_1_215' title='bbox 1694 2499 1773 2543; x_wconf 87' lang='lat' dir='ltr'><strong>se-</strong></span> 
     </span>
     <span class='ocr_line' id='line_1_29' title="bbox 89 2571 1773 2641; baseline 0.002 -22"><span class='ocrx_word' id='word_1_216' title='bbox 89 2586 210 2620; x_wconf 88' lang='lat' dir='ltr'><strong>cure</strong></span> <span class='ocrx_word' id='word_1_217' title='bbox 242 2571 537 2622; x_wconf 90' lang='lat' dir='ltr'><strong>adsciscunt.</strong></span> <span class='ocrx_word' id='word_1_218' title='bbox 604 2574 938 2637; x_wconf 79' lang='lat' dir='ltr'><strong>Quamobrem</strong></span> <span class='ocrx_word' id='word_1_219' title='bbox 972 2592 1156 2641; x_wconf 88' lang='lat' dir='ltr'><strong>operae</strong></span> <span class='ocrx_word' id='word_1_220' title='bbox 1187 2577 1399 2641; x_wconf 85' lang='lat' dir='ltr'><strong>pretium</strong></span> <span class='ocrx_word' id='word_1_221' title='bbox 1424 2581 1503 2624; x_wconf 88' lang='lat' dir='ltr'><strong>est</strong></span> <span class='ocrx_word' id='word_1_222' title='bbox 1524 2575 1773 2638; x_wconf 77' lang='lat' dir='ltr'><strong>indagare,</strong></span> 
     </span>
     <span class='ocr_line' id='line_1_30' title="bbox 89 2650 1775 2721; baseline 0.002 -23"><span class='ocrx_word' id='word_1_223' title='bbox 89 2650 208 2714; x_wconf 86' lang='lat' dir='ltr'><strong>quid</strong></span> <span class='ocrx_word' id='word_1_224' title='bbox 244 2651 308 2700; x_wconf 92' lang='lat' dir='ltr'><strong>de</strong></span> <span class='ocrx_word' id='word_1_225' title='bbox 342 2652 614 2716; x_wconf 87' lang='lat' dir='ltr'><strong>principum</strong></span> <span class='ocrx_word' id='word_1_226' title='bbox 647 2655 862 2704; x_wconf 82' lang='lat' dir='ltr'><strong>virorum</strong></span> <span class='ocrx_word' id='word_1_227' title='bbox 896 2657 1123 2721; x_wconf 90' lang='lat' dir='ltr'><strong>personis</strong></span> <span class='ocrx_word' id='word_1_228' title='bbox 1160 2656 1377 2706; x_wconf 89' lang='lat' dir='ltr'><strong>senserit</strong></span> <span class='ocrx_word' id='word_1_229' title='bbox 1408 2655 1674 2720; x_wconf 82' lang='lat' dir='ltr'><strong>Euripides</strong></span> <span class='ocrx_word' id='word_1_230' title='bbox 1723 2657 1775 2703; x_wconf 90' lang='lat' dir='ltr'><strong>et</strong></span> 
     </span>
     <span class='ocr_line' id='line_1_31' title="bbox 89 2731 1772 2799; baseline 0.002 -21"><span class='ocrx_word' id='word_1_231' title='bbox 89 2746 216 2795; x_wconf 87' lang='lat' dir='ltr'><strong>quae</strong></span> <span class='ocrx_word' id='word_1_232' title='bbox 249 2731 315 2780; x_wconf 87' lang='lat' dir='ltr'><strong>de</strong></span> <span class='ocrx_word' id='word_1_233' title='bbox 347 2731 410 2780; x_wconf 88' lang='lat' dir='ltr'><strong>iis</strong></span> <span class='ocrx_word' id='word_1_234' title='bbox 444 2738 578 2781; x_wconf 91' lang='lat' dir='ltr'><strong>tecte</strong></span> <span class='ocrx_word' id='word_1_235' title='bbox 622 2733 854 2786; x_wconf 87' lang='lat' dir='ltr'><strong>innuerit.</strong></span> <span class='ocrx_word' id='word_1_236' title='bbox 924 2735 1277 2786; x_wconf 87' lang='lat' dir='ltr'><strong>Themistoclis</strong></span> <span class='ocrx_word' id='word_1_237' title='bbox 1323 2752 1406 2785; x_wconf 91' lang='lat' dir='ltr'><strong>res</strong></span> <span class='ocrx_word' id='word_1_238' title='bbox 1452 2741 1638 2799; x_wconf 85' lang='lat' dir='ltr'><strong>gestae·</strong></span> <span class='ocrx_word' id='word_1_239' title='bbox 1666 2750 1772 2781; x_wconf 91' lang='lat' dir='ltr'><strong>ma-</strong></span> 
     </span>
     <span class='ocr_line' id='line_1_32' title="bbox 88 2809 1772 2880; baseline 0.01 -25"><span class='ocrx_word' id='word_1_240' title='bbox 88 2825 216 2876; x_wconf 83' lang='lat' dir='ltr'><strong>gnae</strong></span> <span class='ocrx_word' id='word_1_241' title='bbox 250 2809 556 2862; x_wconf 87' lang='lat' dir='ltr'><strong>adolescenti</strong></span> <span class='ocrx_word' id='word_1_242' title='bbox 602 2813 911 2865; x_wconf 88' lang='lat' dir='ltr'><strong>admirationi</strong></span> <span class='ocrx_word' id='word_1_243' title='bbox 955 2816 1186 2880; x_wconf 84' lang='lat' dir='ltr'><strong>fuerunt,</strong></span> <span class='ocrx_word' id='word_1_244' title='bbox 1233 2822 1286 2866; x_wconf 92' lang='lat' dir='ltr'><strong>et</strong></span> <span class='ocrx_word' id='word_1_245' title='bbox 1331 2815 1551 2876; x_wconf 81' lang='lat' dir='ltr'><strong>videtur,</strong></span> <span class='ocrx_word' id='word_1_246' title='bbox 1602 2830 1772 2879; x_wconf 74' lang='lat' dir='ltr'><strong>quem·</strong></span> 
     </span>
     <span class='ocr_line' id='line_1_33' title="bbox 89 2890 1773 2961; baseline 0.002 -23"><span class='ocrx_word' id='word_1_247' title='bbox 89 2890 358 2939; x_wconf 88' lang='lat' dir='ltr'><strong>admodum</strong></span> <span class='ocrx_word' id='word_1_248' title='bbox 406 2890 492 2939; x_wconf 91' lang='lat' dir='ltr'><strong>ille</strong></span> <span class='ocrx_word' id='word_1_249' title='bbox 537 2890 779 2943; x_wconf 85' lang='lat' dir='ltr'><strong>Miltiadis</strong></span> <span class='ocrx_word' id='word_1_250' title='bbox 825 2896 1042 2961; x_wconf 90' lang='lat' dir='ltr'><strong>tropaeis</strong></span> <span class='ocrx_word' id='word_1_251' title='bbox 1085 2897 1149 2946; x_wconf 90' lang='lat' dir='ltr'><strong>ad</strong></span> <span class='ocrx_word' id='word_1_252' title='bbox 1182 2895 1524 2947; x_wconf 90' lang='lat' dir='ltr'><strong>aemulandam</strong></span> <span class='ocrx_word' id='word_1_253' title='bbox 1567 2895 1773 2960; x_wconf 85' lang='lat' dir='ltr'><strong>gloriam</strong></span> 
     </span>
     <span class='ocr_line' id='line_1_34' title="bbox 90 2969 1773 3042; baseline 0.002 -24"><span class='ocrx_word' id='word_1_254' title='bbox 90 2969 338 3020; x_wconf 80' lang='lat' dir='ltr'><strong>factorum</strong></span> <span class='ocrx_word' id='word_1_255' title='bbox 374 2970 618 3021; x_wconf 83' lang='lat' dir='ltr'><strong>excitatus</strong></span> <span class='ocrx_word' id='word_1_256' title='bbox 653 2977 759 3034; x_wconf 81' lang='lat' dir='ltr'><strong>est,</strong></span> <span class='ocrx_word' id='word_1_257' title='bbox 793 2975 865 3024; x_wconf 89' lang='lat' dir='ltr'><strong>sic</strong></span> <span class='ocrx_word' id='word_1_258' title='bbox 899 2977 1008 3041; x_wconf 92' lang='lat' dir='ltr'><strong>ipse</strong></span> <span class='ocrx_word' id='word_1_259' title='bbox 1042 2975 1461 3042; x_wconf 87' lang='lat' dir='ltr'><strong>praestantissimi</strong></span> <span class='ocrx_word' id='word_1_260' title='bbox 1491 2975 1585 3023; x_wconf 82' lang='lat' dir='ltr'><strong>viri</strong></span> <span class='ocrx_word' id='word_1_261' title='bbox 1618 2974 1773 3023; x_wconf 87' lang='lat' dir='ltr'><strong>virtu-</strong></span> 
     </span>
     <span class='ocr_line' id='line_1_35' title="bbox 92 3049 1770 3120; baseline 0.002 -21"><span class='ocrx_word' id='word_1_262' title='bbox 92 3049 227 3099; x_wconf 84' lang='lat' dir='ltr'><strong>tibus</strong></span> <span class='ocrx_word' id='word_1_263' title='bbox 261 3050 656 3115; x_wconf 88' lang='lat' dir='ltr'><strong>contemplandis</strong></span> <span class='ocrx_word' id='word_1_264' title='bbox 689 3053 919 3106; x_wconf 88' lang='lat' dir='ltr'><strong>incensus</strong></span> <span class='ocrx_word' id='word_1_265' title='bbox 955 3073 1070 3106; x_wconf 90' lang='lat' dir='ltr'><strong>esse</strong></span> <span class='ocrx_word' id='word_1_266' title='bbox 1103 3058 1268 3107; x_wconf 88' lang='lat' dir='ltr'><strong>studio</strong></span> <span class='ocrx_word' id='word_1_267' title='bbox 1311 3055 1552 3120; x_wconf 88' lang='lat' dir='ltr'><strong>imagines</strong></span> <span class='ocrx_word' id='word_1_268' title='bbox 1596 3054 1770 3103; x_wconf 85' lang='lat' dir='ltr'><strong>fortis-</strong></span> 
     </span>
     <span class='ocr_line' id='line_1_36' title="bbox 92 3130 1772 3203; baseline 0.001 -25"><span class='ocrx_word' id='word_1_269' title='bbox 92 3130 330 3180; x_wconf 86' lang='lat' dir='ltr'><strong>simorum</strong></span> <span class='ocrx_word' id='word_1_270' title='bbox 363 3130 621 3181; x_wconf 89' lang='lat' dir='ltr'><strong>hominum</strong></span> <span class='ocrx_word' id='word_1_271' title='bbox 655 3135 953 3185; x_wconf 87' lang='lat' dir='ltr'><strong>carminibus</strong></span> <span class='ocrx_word' id='word_1_272' title='bbox 988 3136 1315 3203; x_wconf 84' lang='lat' dir='ltr'><strong>exprimendi.</strong></span> <span class='ocrx_word' id='word_1_273' title='bbox 1383 3136 1558 3200; x_wconf 88' lang='lat' dir='ltr'><strong>Itaque</strong></span> <span class='ocrx_word' id='word_1_274' title='bbox 1582 3132 1772 3183; x_wconf 87' lang='lat' dir='ltr'><strong>Thesei</strong></span> 
     </span>
     <span class='ocr_line' id='line_1_37' title="bbox 90 3210 1774 3283; baseline 0.001 -25"><span class='ocrx_word' id='word_1_275' title='bbox 90 3214 309 3259; x_wconf 89' lang='lat' dir='ltr'><strong>mentem</strong></span> <span class='ocrx_word' id='word_1_276' title='bbox 342 3211 407 3260; x_wconf 87' lang='lat' dir='ltr'><strong>ad</strong></span> <span class='ocrx_word' id='word_1_277' title='bbox 438 3210 793 3263; x_wconf 87' lang='lat' dir='ltr'><strong>Themistoclis</strong></span> <span class='ocrx_word' id='word_1_278' title='bbox 828 3218 1111 3283; x_wconf 83' lang='lat' dir='ltr'><strong>exemplum</strong></span> <span class='ocrx_word' id='word_1_279' title='bbox 1145 3216 1218 3265; x_wconf 90' lang='lat' dir='ltr'><strong>sic</strong></span> <span class='ocrx_word' id='word_1_280' title='bbox 1252 3215 1600 3275; x_wconf 83' lang='lat' dir='ltr'><strong>conformavit,</strong></span> <span class='ocrx_word' id='word_1_281' title='bbox 1635 3218 1689 3262; x_wconf 91' lang='lat' dir='ltr'><strong>ut</strong></span> <span class='ocrx_word' id='word_1_282' title='bbox 1723 3218 1774 3260; x_wconf 87' lang='lat' dir='ltr'><strong>et</strong></span> 
     </span>
     <span class='ocr_line' id='line_1_38' title="bbox 89 3289 1773 3364; baseline -0.002 -24"><span class='ocrx_word' id='word_1_283' title='bbox 89 3289 239 3340; x_wconf 82' lang='lat' dir='ltr'><strong>verba</strong></span> <span class='ocrx_word' id='word_1_284' title='bbox 288 3294 342 3339; x_wconf 91' lang='lat' dir='ltr'><strong>et</strong></span> <span class='ocrx_word' id='word_1_285' title='bbox 387 3291 524 3341; x_wconf 83' lang='lat' dir='ltr'><strong>facta</strong></span> <span class='ocrx_word' id='word_1_286' title='bbox 567 3292 747 3343; x_wconf 86' lang='lat' dir='ltr'><strong>similia</strong></span> <span class='ocrx_word' id='word_1_287' title='bbox 791 3294 1068 3364; x_wconf 83' lang='lat' dir='ltr'><strong>effingeret.</strong></span> <span class='ocrx_word' id='word_1_288' title='bbox 1135 3296 1390 3346; x_wconf 85' lang='lat' dir='ltr'><strong>Extremis</strong></span> <span class='ocrx_word' id='word_1_289' title='bbox 1422 3294 1646 3345; x_wconf 89' lang='lat' dir='ltr'><strong>eiusdem</strong></span> <span class='ocrx_word' id='word_1_290' title='bbox 1681 3291 1773 3339; x_wconf 84' lang='lat' dir='ltr'><strong>viri</strong></span> 
     </span>
     <span class='ocr_line' id='line_1_39' title="bbox 90 3368 1770 3441; baseline -0.001 -22"><span class='ocrx_word' id='word_1_291' title='bbox 90 3368 288 3419; x_wconf 79' lang='lat' dir='ltr'><strong>casibus</strong></span> <span class='ocrx_word' id='word_1_292' title='bbox 323 3369 451 3421; x_wconf 91' lang='lat' dir='ltr'><strong>ultra</strong></span> <span class='ocrx_word' id='word_1_293' title='bbox 484 3373 686 3423; x_wconf 86' lang='lat' dir='ltr'><strong>modum</strong></span> <span class='ocrx_word' id='word_1_294' title='bbox 718 3375 971 3441; x_wconf 87' lang='lat' dir='ltr'><strong>vulgarem</strong></span> <span class='ocrx_word' id='word_1_295' title='bbox 1002 3376 1215 3427; x_wconf 86' lang='lat' dir='ltr'><strong>affectus</strong></span> <span class='ocrx_word' id='word_1_296' title='bbox 1252 3375 1360 3426; x_wconf 83' lang='lat' dir='ltr'><strong>fere</strong></span> <span class='ocrx_word' id='word_1_297' title='bbox 1393 3389 1565 3425; x_wconf 90' lang='lat' dir='ltr'><strong>omnes</strong></span> <span class='ocrx_word' id='word_1_298' title='bbox 1600 3373 1650 3421; x_wconf 88' lang='lat' dir='ltr'><strong>in</strong></span> <span class='ocrx_word' id='word_1_299' title='bbox 1669 3369 1770 3419; x_wconf 92' lang='lat' dir='ltr'><strong>Te-</strong></span> 
     </span>
    </p>
   </div>
   <div class='ocr_carea' id='block_1_3' title="bbox 8 3446 1770 3521">
    <p class='ocr_par' dir='ltr' id='par_1_3' title="bbox 8 3446 1770 3521">
     <span class='ocr_line' id='line_1_40' title="bbox 8 3446 1770 3521; baseline 0 -23"><span class='ocrx_word' id='word_1_300' title='bbox 8 3467 19 3476; x_wconf 88' lang='lat'><strong>·</strong></span> <span class='ocrx_word' id='word_1_301' title='bbox 88 3446 230 3516; x_wconf 84' lang='lat' dir='ltr'><strong>lepbi</strong></span> <span class='ocrx_word' id='word_1_302' title='bbox 266 3465 530 3516; x_wconf 85' lang='lat' dir='ltr'><strong>personam</strong></span> <span class='ocrx_word' id='word_1_303' title='bbox 563 3453 834 3515; x_wconf 86' lang='lat' dir='ltr'><strong>transtulit,</strong></span> <span class='ocrx_word' id='word_1_304' title='bbox 868 3471 965 3521; x_wconf 87' lang='lat' dir='ltr'><strong>qua</strong></span> <span class='ocrx_word' id='word_1_305' title='bbox 990 3456 1041 3508; x_wconf 92' lang='lat' dir='ltr'><strong>in</strong></span> <span class='ocrx_word' id='word_1_306' title='bbox 1066 3472 1139 3518; x_wconf 89' lang='lat' dir='ltr'><strong>re,</strong></span> <span class='ocrx_word' id='word_1_307' title='bbox 1175 3455 1305 3521; x_wconf 90' lang='lat' dir='ltr'><strong>quod</strong></span> <span class='ocrx_word' id='word_1_308' title='bbox 1338 3456 1402 3507; x_wconf 88' lang='lat' dir='ltr'><strong>ad</strong></span> <span class='ocrx_word' id='word_1_309' title='bbox 1435 3454 1608 3505; x_wconf 89' lang='lat' dir='ltr'><strong>hostes</strong></span> <span class='ocrx_word' id='word_1_310' title='bbox 1635 3448 1770 3499; x_wconf 85' lang='lat' dir='ltr'><strong>The-</strong></span> 
     </span>
    </p>
   </div>
  </div>
 </body>
</html>
