<?xml version="1.0" encoding="UTF-8"?>
<!DOCTYPE html PUBLIC "-//W3C//DTD XHTML 1.0 Transitional//EN"
    "http://www.w3.org/TR/xhtml1/DTD/xhtml1-transitional.dtd">
<html xmlns="http://www.w3.org/1999/xhtml" xml:lang="en" lang="en">
 <head>
  <title>
</title>
<meta http-equiv="Content-Type" content="text/html;charset=utf-8" />
  <meta name='ocr-system' content='tesseract 3.04.00' />
  <meta name='ocr-capabilities' content='ocr_page ocr_carea ocr_par ocr_line ocrx_word'/>
</head>
<body>
  <div class='ocr_page' id='page_1' title='image "./euripidesrestitu02hartuoft_0332.png"; bbox 0 0 2124 3860; ppageno 0'>
   <div class='ocr_carea' id='block_1_1' title="bbox 1085 271 1207 329">
    <p class='ocr_par' dir='ltr' id='par_1_1' title="bbox 1085 271 1207 329">
     <span class='ocr_line' id='line_1_1' title="bbox 1085 271 1207 329; baseline 0.016 -2"><span class='ocrx_word' id='word_1_1' title='bbox 1085 271 1207 329; x_wconf 84' lang='lat'>320</span> 
     </span>
    </p>
   </div>
   <div class='ocr_carea' id='block_1_2' title="bbox 298 413 1990 2641">
    <p class='ocr_par' dir='ltr' id='par_1_2' title="bbox 298 413 1990 2641">
     <span class='ocr_line' id='line_1_2' title="bbox 317 413 1990 488; baseline 0.006 -21"><span class='ocrx_word' id='word_1_2' title='bbox 317 414 576 467; x_wconf 72' lang='lat' dir='ltr'><strong>mulierum</strong></span> <span class='ocrx_word' id='word_1_3' title='bbox 624 413 862 474; x_wconf 77' lang='lat' dir='ltr'><strong>ostendit,</strong></span> <span class='ocrx_word' id='word_1_4' title='bbox 909 415 994 465; x_wconf 87' lang='lat' dir='ltr'>ubi</span> <span class='ocrx_word' id='word_1_5' title='bbox 1028 417 1188 482; x_wconf 87' lang='lat' dir='ltr'>pietas</span> <span class='ocrx_word' id='word_1_6' title='bbox 1221 418 1320 468; x_wconf 83' lang='lat' dir='ltr'>fuit</span> <span class='ocrx_word' id='word_1_7' title='bbox 1351 419 1674 488; x_wconf 82' lang='lat' dir='ltr'>depingenda.</span> <span class='ocrx_word' id='word_1_8' title='bbox 1740 424 1818 476; x_wconf 82' lang='lat' dir='ltr'>Ex</span> <span class='ocrx_word' id='word_1_9' title='bbox 1850 441 1990 476; x_wconf 86' lang='lat' dir='ltr'>more</span> 
     </span>
     <span class='ocr_line' id='line_1_3' title="bbox 319 495 1990 571; baseline 0.007 -27"><span class='ocrx_word' id='word_1_10' title='bbox 319 510 627 560; x_wconf 86' lang='lat' dir='ltr'>cauponum,</span> <span class='ocrx_word' id='word_1_11' title='bbox 673 495 837 543; x_wconf 87' lang='lat' dir='ltr'>oleum</span> <span class='ocrx_word' id='word_1_12' title='bbox 870 503 1164 561; x_wconf 83' lang='lat' dir='ltr'>acetumque</span> <span class='ocrx_word' id='word_1_13' title='bbox 1199 500 1418 549; x_wconf 89' lang='lat' dir='ltr'>caulibus</span> <span class='ocrx_word' id='word_1_14' title='bbox 1453 502 1729 554; x_wconf 86' lang='lat' dir='ltr'>instillanda</span> <span class='ocrx_word' id='word_1_15' title='bbox 1762 512 1990 571; x_wconf 79' lang='lat' dir='ltr'>separata</span> 
     </span>
     <span class='ocr_line' id='line_1_4' title="bbox 314 575 1988 651; baseline 0.008 -30"><span class='ocrx_word' id='word_1_16' title='bbox 314 575 698 640; x_wconf 73' lang='lat' dir='ltr'>porrigentium,</span> <span class='ocrx_word' id='word_1_17' title='bbox 750 575 1026 642; x_wconf 71' lang='lat' dir='ltr'>Antigonen</span> <span class='ocrx_word' id='word_1_18' title='bbox 1081 578 1432 643; x_wconf 80' lang='lat' dir='ltr'>lsmenenque,</span> <span class='ocrx_word' id='word_1_19' title='bbox 1478 580 1724 632; x_wconf 75' lang='lat' dir='ltr'><strong>Electram</strong></span> <span class='ocrx_word' id='word_1_20' title='bbox 1770 585 1988 651; x_wconf 82' lang='lat' dir='ltr'>Chryso-</span> 
     </span>
     <span class='ocr_line' id='line_1_5' title="bbox 314 655 1986 727; baseline 0.007 -25"><span class='ocrx_word' id='word_1_21' title='bbox 314 655 625 719; x_wconf 87' lang='lat' dir='ltr'>theminque,</span> <span class='ocrx_word' id='word_1_22' title='bbox 674 655 850 705; x_wconf 86' lang='lat' dir='ltr'>alteras</span> <span class='ocrx_word' id='word_1_23' title='bbox 883 658 1187 708; x_wconf 82' lang='lat' dir='ltr'>fortitudinis</span> <span class='ocrx_word' id='word_1_24' title='bbox 1222 661 1487 725; x_wconf 75' lang='lat' dir='ltr'>imagines,</span> <span class='ocrx_word' id='word_1_25' title='bbox 1536 661 1715 711; x_wconf 88' lang='lat' dir='ltr'>alteras</span> <span class='ocrx_word' id='word_1_26' title='bbox 1749 665 1986 727; x_wconf 89' lang='lat' dir='ltr'>mollitiei,</span> 
     </span>
     <span class='ocr_line' id='line_1_6' title="bbox 316 735 1988 806; baseline 0.007 -23"><span class='ocrx_word' id='word_1_27' title='bbox 316 742 572 798; x_wconf 85' lang='lat' dir='ltr'>separatas</span> <span class='ocrx_word' id='word_1_28' title='bbox 609 735 804 784; x_wconf 87' lang='lat' dir='ltr'>theatro</span> <span class='ocrx_word' id='word_1_29' title='bbox 846 739 1132 801; x_wconf 79' lang='lat' dir='ltr'>propinavit,</span> <span class='ocrx_word' id='word_1_30' title='bbox 1172 740 1333 788; x_wconf 90' lang='lat' dir='ltr'>solere</span> <span class='ocrx_word' id='word_1_31' title='bbox 1368 748 1631 806; x_wconf 87' lang='lat' dir='ltr'>utrumque</span> <span class='ocrx_word' id='word_1_32' title='bbox 1667 744 1812 792; x_wconf 88' lang='lat' dir='ltr'>animi</span> <span class='ocrx_word' id='word_1_33' title='bbox 1846 745 1988 794; x_wconf 90' lang='lat' dir='ltr'>habi—</span> 
     </span>
     <span class='ocr_line' id='line_1_7' title="bbox 313 815 1986 888; baseline 0.005 -25"><span class='ocrx_word' id='word_1_34' title='bbox 313 820 415 864; x_wconf 90' lang='lat' dir='ltr'>tum</span> <span class='ocrx_word' id='word_1_35' title='bbox 465 816 514 863; x_wconf 90' lang='lat' dir='ltr'>in</span> <span class='ocrx_word' id='word_1_36' title='bbox 572 815 864 864; x_wconf 87' lang='lat' dir='ltr'>feminarum</span> <span class='ocrx_word' id='word_1_37' title='bbox 922 818 1124 881; x_wconf 82' lang='lat' dir='ltr'>ingeniis</span> <span class='ocrx_word' id='word_1_38' title='bbox 1178 821 1487 868; x_wconf 91' lang='lat' dir='ltr'>coniunctum</span> <span class='ocrx_word' id='word_1_39' title='bbox 1534 821 1698 871; x_wconf 87' lang='lat' dir='ltr'>inesse</span> <span class='ocrx_word' id='word_1_40' title='bbox 1742 823 1986 888; x_wconf 82' lang='lat' dir='ltr'>ignorans.</span> 
     </span>
     <span class='ocr_line' id='line_1_8' title="bbox 313 896 1986 962; baseline 0.004 -17"><span class='ocrx_word' id='word_1_41' title='bbox 313 897 471 958; x_wconf 81' lang='lat' dir='ltr'>Quid,</span> <span class='ocrx_word' id='word_1_42' title='bbox 518 896 644 960; x_wconf 86' lang='lat' dir='ltr'>quod</span> <span class='ocrx_word' id='word_1_43' title='bbox 682 897 852 944; x_wconf 87' lang='lat' dir='ltr'>matris</span> <span class='ocrx_word' id='word_1_44' title='bbox 893 899 1128 962; x_wconf 84' lang='lat' dir='ltr'>sanguine</span> <span class='ocrx_word' id='word_1_45' title='bbox 1173 899 1312 947; x_wconf 74' lang='lat' dir='ltr'>avide</span> <span class='ocrx_word' id='word_1_46' title='bbox 1346 901 1521 949; x_wconf 86' lang='lat' dir='ltr'>hausto</span> <span class='ocrx_word' id='word_1_47' title='bbox 1555 903 1790 950; x_wconf 77' lang='lat' dir='ltr'>vomitum</span> <span class='ocrx_word' id='word_1_48' title='bbox 1837 903 1986 951; x_wconf 91' lang='lat' dir='ltr'>etiam</span> 
     </span>
     <span class='ocr_line' id='line_1_9' title="bbox 310 977 1985 1044; baseline 0.003 -19"><span class='ocrx_word' id='word_1_49' title='bbox 310 977 605 1025; x_wconf 86' lang='lat' dir='ltr'>firmissimis</span> <span class='ocrx_word' id='word_1_50' title='bbox 655 977 925 1025; x_wconf 73' lang='lat' dir='ltr'>stomachis</span> <span class='ocrx_word' id='word_1_51' title='bbox 970 979 1136 1027; x_wconf 87' lang='lat' dir='ltr'>statim</span> <span class='ocrx_word' id='word_1_52' title='bbox 1184 980 1369 1040; x_wconf 87' lang='lat' dir='ltr'>excuti,</span> <span class='ocrx_word' id='word_1_53' title='bbox 1425 978 1541 1044; x_wconf 85' lang='lat' dir='ltr'>quin</span> <span class='ocrx_word' id='word_1_54' title='bbox 1576 983 1721 1030; x_wconf 88' lang='lat' dir='ltr'>etiam</span> <span class='ocrx_word' id='word_1_55' title='bbox 1767 982 1985 1031; x_wconf 86' lang='lat' dir='ltr'>taedium</span> 
     </span>
     <span class='ocr_line' id='line_1_10' title="bbox 311 1057 1987 1121; baseline 0.002 -14"><span class='ocrx_word' id='word_1_56' title='bbox 311 1057 559 1121; x_wconf 73' lang='lat' dir='ltr'>sanguinis</span> <span class='ocrx_word' id='word_1_57' title='bbox 594 1063 886 1121; x_wconf 86' lang='lat' dir='ltr'>perpetuum</span> <span class='ocrx_word' id='word_1_58' title='bbox 923 1059 1094 1106; x_wconf 88' lang='lat' dir='ltr'>animis</span> <span class='ocrx_word' id='word_1_59' title='bbox 1129 1059 1313 1107; x_wconf 78' lang='lat' dir='ltr'>innasci</span> <span class='ocrx_word' id='word_1_60' title='bbox 1345 1060 1468 1108; x_wconf 86' lang='lat' dir='ltr'>adeo</span> <span class='ocrx_word' id='word_1_61' title='bbox 1503 1076 1599 1109; x_wconf 91' lang='lat' dir='ltr'>non</span> <span class='ocrx_word' id='word_1_62' title='bbox 1634 1060 1892 1120; x_wconf 77' lang='lat' dir='ltr'>intellexit,</span> <span class='ocrx_word' id='word_1_63' title='bbox 1929 1067 1987 1110; x_wconf 85' lang='lat' dir='ltr'>ut</span> 
     </span>
     <span class='ocr_line' id='line_1_11' title="bbox 309 1136 1984 1200; baseline -0.001 -11"><span class='ocrx_word' id='word_1_64' title='bbox 309 1156 338 1189; x_wconf 84' lang='lat' dir='ltr'>a</span> <span class='ocrx_word' id='word_1_65' title='bbox 383 1138 554 1187; x_wconf 87' lang='lat' dir='ltr'>talium</span> <span class='ocrx_word' id='word_1_66' title='bbox 605 1136 857 1200; x_wconf 87' lang='lat' dir='ltr'>epularum</span> <span class='ocrx_word' id='word_1_67' title='bbox 902 1137 1208 1188; x_wconf 81' lang='lat' dir='ltr'>immanitate</span> <span class='ocrx_word' id='word_1_68' title='bbox 1251 1140 1313 1188; x_wconf 91' lang='lat' dir='ltr'>ad</span> <span class='ocrx_word' id='word_1_69' title='bbox 1349 1140 1562 1188; x_wconf 88' lang='lat' dir='ltr'>eundem</span> <span class='ocrx_word' id='word_1_70' title='bbox 1609 1141 1767 1189; x_wconf 88' lang='lat' dir='ltr'>cibum</span> <span class='ocrx_word' id='word_1_71' title='bbox 1804 1140 1984 1188; x_wconf 89' lang='lat' dir='ltr'>iterum</span> 
     </span>
     <span class='ocr_line' id='line_1_12' title="bbox 308 1217 1984 1284; baseline -0.001 -15"><span class='ocrx_word' id='word_1_72' title='bbox 308 1219 601 1269; x_wconf 87' lang='lat' dir='ltr'>sumendum</span> <span class='ocrx_word' id='word_1_73' title='bbox 649 1217 877 1266; x_wconf 89' lang='lat' dir='ltr'>continuo</span> <span class='ocrx_word' id='word_1_74' title='bbox 924 1218 1138 1278; x_wconf 90' lang='lat' dir='ltr'>belluas,</span> <span class='ocrx_word' id='word_1_75' title='bbox 1188 1235 1309 1282; x_wconf 86' lang='lat' dir='ltr'>quas</span> <span class='ocrx_word' id='word_1_76' title='bbox 1346 1219 1540 1268; x_wconf 81' lang='lat' dir='ltr'>effinxit</span> <span class='ocrx_word' id='word_1_77' title='bbox 1574 1218 1694 1284; x_wconf 90' lang='lat' dir='ltr'>(non</span> <span class='ocrx_word' id='word_1_78' title='bbox 1726 1221 1856 1269; x_wconf 88' lang='lat' dir='ltr'>enim</span> <span class='ocrx_word' id='word_1_79' title='bbox 1892 1220 1984 1268; x_wconf 88' lang='lat' dir='ltr'>ho-</span> 
     </span>
     <span class='ocr_line' id='line_1_13' title="bbox 306 1296 1984 1364; baseline 0 -16"><span class='ocrx_word' id='word_1_80' title='bbox 306 1300 465 1349; x_wconf 90' lang='lat' dir='ltr'>mines</span> <span class='ocrx_word' id='word_1_81' title='bbox 499 1296 780 1362; x_wconf 87' lang='lat' dir='ltr'>appellandi</span> <span class='ocrx_word' id='word_1_82' title='bbox 822 1303 935 1346; x_wconf 90' lang='lat' dir='ltr'>sunt</span> <span class='ocrx_word' id='word_1_83' title='bbox 969 1300 1049 1361; x_wconf 84' lang='lat' dir='ltr'>qui</span> <span class='ocrx_word' id='word_1_84' title='bbox 1084 1299 1196 1347; x_wconf 85' lang='lat' dir='ltr'>talia</span> <span class='ocrx_word' id='word_1_85' title='bbox 1232 1300 1639 1364; x_wconf 80' lang='lat' dir='ltr'>concupiscunt),</span> <span class='ocrx_word' id='word_1_86' title='bbox 1674 1300 1984 1349; x_wconf 63' lang='lat' dir='ltr'>traduxerit?</span> 
     </span>
     <span class='ocr_line' id='line_1_14' title="bbox 307 1376 1984 1444; baseline -0.001 -15"><span class='ocrx_word' id='word_1_87' title='bbox 307 1380 391 1429; x_wconf 91' lang='lat' dir='ltr'>Sic</span> <span class='ocrx_word' id='word_1_88' title='bbox 419 1379 546 1427; x_wconf 85' lang='lat' dir='ltr'>bona</span> <span class='ocrx_word' id='word_1_89' title='bbox 580 1393 667 1424; x_wconf 90' lang='lat' dir='ltr'>sua</span> <span class='ocrx_word' id='word_1_90' title='bbox 691 1376 963 1441; x_wconf 89' lang='lat' dir='ltr'>Sophocles</span> <span class='ocrx_word' id='word_1_91' title='bbox 987 1377 1265 1443; x_wconf 81' lang='lat' dir='ltr'>ingentibus</span> <span class='ocrx_word' id='word_1_92' title='bbox 1294 1379 1423 1426; x_wconf 72' lang='lat' dir='ltr'>vitiis</span> <span class='ocrx_word' id='word_1_93' title='bbox 1452 1381 1800 1444; x_wconf 83' lang='lat' dir='ltr'>compensavit.</span> <span class='ocrx_word' id='word_1_94' title='bbox 1853 1376 1984 1429; x_wconf 85' lang='lat' dir='ltr'>Con-</span> 
     </span>
     <span class='ocr_line' id='line_1_15' title="bbox 304 1457 1983 1521; baseline -0.002 -12"><span class='ocrx_word' id='word_1_95' title='bbox 304 1465 382 1509; x_wconf 86' lang='lat' dir='ltr'>tra</span> <span class='ocrx_word' id='word_1_96' title='bbox 417 1458 536 1507; x_wconf 86' lang='lat' dir='ltr'>nihil</span> <span class='ocrx_word' id='word_1_97' title='bbox 571 1457 827 1513; x_wconf 81' lang='lat' dir='ltr'>bonorum,</span> <span class='ocrx_word' id='word_1_98' title='bbox 864 1473 989 1521; x_wconf 89' lang='lat' dir='ltr'>quae</span> <span class='ocrx_word' id='word_1_99' title='bbox 1024 1457 1299 1521; x_wconf 79' lang='lat' dir='ltr'>Aeschylus</span> <span class='ocrx_word' id='word_1_100' title='bbox 1335 1458 1603 1520; x_wconf 82' lang='lat' dir='ltr'>invenerat,</span> <span class='ocrx_word' id='word_1_101' title='bbox 1639 1459 1804 1508; x_wconf 83' lang='lat' dir='ltr'>omisit</span> <span class='ocrx_word' id='word_1_102' title='bbox 1836 1458 1983 1507; x_wconf 86' lang='lat' dir='ltr'>Euri-</span> 
     </span>
     <span class='ocr_line' id='line_1_16' title="bbox 303 1537 1983 1606; baseline -0.001 -19"><span class='ocrx_word' id='word_1_103' title='bbox 303 1540 446 1606; x_wconf 86' lang='lat' dir='ltr'>pides</span> <span class='ocrx_word' id='word_1_104' title='bbox 479 1537 721 1600; x_wconf 86' lang='lat' dir='ltr'>simulque</span> <span class='ocrx_word' id='word_1_105' title='bbox 764 1537 882 1584; x_wconf 77' lang='lat' dir='ltr'>vitia</span> <span class='ocrx_word' id='word_1_106' title='bbox 917 1537 1023 1585; x_wconf 82' lang='lat' dir='ltr'>eius</span> <span class='ocrx_word' id='word_1_107' title='bbox 1059 1537 1216 1585; x_wconf 84' lang='lat' dir='ltr'>omnia</span> <span class='ocrx_word' id='word_1_108' title='bbox 1252 1537 1543 1587; x_wconf 84' lang='lat' dir='ltr'>felicissime</span> <span class='ocrx_word' id='word_1_109' title='bbox 1583 1538 1766 1588; x_wconf 82' lang='lat' dir='ltr'>vitavit.</span> <span class='ocrx_word' id='word_1_110' title='bbox 1834 1538 1983 1602; x_wconf 82' lang='lat' dir='ltr'>Aegi-</span> 
     </span>
     <span class='ocr_line' id='line_1_17' title="bbox 305 1617 1982 1684; baseline -0.001 -16"><span class='ocrx_word' id='word_1_111' title='bbox 305 1620 406 1669; x_wconf 88' lang='lat' dir='ltr'>sthi</span> <span class='ocrx_word' id='word_1_112' title='bbox 442 1617 644 1665; x_wconf 90' lang='lat' dir='ltr'>caedem</span> <span class='ocrx_word' id='word_1_113' title='bbox 682 1632 711 1664; x_wconf 91' lang='lat' dir='ltr'>e</span> <span class='ocrx_word' id='word_1_114' title='bbox 735 1623 1005 1679; x_wconf 86' lang='lat' dir='ltr'>conspectu</span> <span class='ocrx_word' id='word_1_115' title='bbox 1031 1618 1257 1674; x_wconf 89' lang='lat' dir='ltr'>removit,</span> <span class='ocrx_word' id='word_1_116' title='bbox 1292 1633 1354 1666; x_wconf 90' lang='lat' dir='ltr'>ne</span> <span class='ocrx_word' id='word_1_117' title='bbox 1383 1618 1577 1667; x_wconf 86' lang='lat' dir='ltr'>iteratis</span> <span class='ocrx_word' id='word_1_118' title='bbox 1605 1619 1838 1668; x_wconf 87' lang='lat' dir='ltr'>caedibus</span> <span class='ocrx_word' id='word_1_119' title='bbox 1866 1634 1982 1684; x_wconf 85' lang='lat' dir='ltr'>spe-</span> 
     </span>
     <span class='ocr_line' id='line_1_18' title="bbox 303 1695 1982 1763; baseline -0.001 -15"><span class='ocrx_word' id='word_1_120' title='bbox 303 1697 497 1748; x_wconf 88' lang='lat' dir='ltr'>ctandis</span> <span class='ocrx_word' id='word_1_121' title='bbox 532 1696 781 1745; x_wconf 81' lang='lat' dir='ltr'>theatrum</span> <span class='ocrx_word' id='word_1_122' title='bbox 816 1695 1134 1761; x_wconf 79' lang='lat' dir='ltr'>fatigaretur3</span> <span class='ocrx_word' id='word_1_123' title='bbox 1166 1697 1215 1745; x_wconf 89' lang='lat' dir='ltr'>in</span> <span class='ocrx_word' id='word_1_124' title='bbox 1250 1698 1424 1745; x_wconf 85' lang='lat' dir='ltr'>matris</span> <span class='ocrx_word' id='word_1_125' title='bbox 1459 1697 1610 1746; x_wconf 89' lang='lat' dir='ltr'>caede</span> <span class='ocrx_word' id='word_1_126' title='bbox 1640 1698 1982 1763; x_wconf 76' lang='lat' dir='ltr'>persequenda</span> 
     </span>
     <span class='ocr_line' id='line_1_19' title="bbox 305 1775 1980 1844; baseline -0.001 -16"><span class='ocrx_word' id='word_1_127' title='bbox 305 1777 713 1844; x_wconf 77' lang='lat' dir='ltr'>depingendaque</span> <span class='ocrx_word' id='word_1_128' title='bbox 731 1775 803 1823; x_wconf 90' lang='lat' dir='ltr'>sic</span> <span class='ocrx_word' id='word_1_129' title='bbox 828 1776 1113 1825; x_wconf 85' lang='lat' dir='ltr'>immoratus</span> <span class='ocrx_word' id='word_1_130' title='bbox 1134 1783 1226 1836; x_wconf 88' lang='lat' dir='ltr'>est,</span> <span class='ocrx_word' id='word_1_131' title='bbox 1253 1783 1306 1824; x_wconf 88' lang='lat' dir='ltr'>ut</span> <span class='ocrx_word' id='word_1_132' title='bbox 1324 1782 1375 1825; x_wconf 91' lang='lat' dir='ltr'>et</span> <span class='ocrx_word' id='word_1_133' title='bbox 1397 1782 1682 1841; x_wconf 85' lang='lat' dir='ltr'>apparatum</span> <span class='ocrx_word' id='word_1_134' title='bbox 1710 1793 1821 1826; x_wconf 88' lang='lat' dir='ltr'>cum</span> <span class='ocrx_word' id='word_1_135' title='bbox 1841 1793 1980 1827; x_wconf 88' lang='lat' dir='ltr'>caus·</span> 
     </span>
     <span class='ocr_line' id='line_1_20' title="bbox 303 1857 1980 1908; baseline -0.001 0"><span class='ocrx_word' id='word_1_136' title='bbox 303 1875 390 1908; x_wconf 80' lang='lat' dir='ltr'>sae</span> <span class='ocrx_word' id='word_1_137' title='bbox 439 1859 654 1906; x_wconf 81' lang='lat' dir='ltr'>dictione</span> <span class='ocrx_word' id='word_1_138' title='bbox 701 1860 753 1903; x_wconf 88' lang='lat' dir='ltr'>et</span> <span class='ocrx_word' id='word_1_139' title='bbox 799 1863 1025 1905; x_wconf 80' lang='lat' dir='ltr'>eventum</span> <span class='ocrx_word' id='word_1_140' title='bbox 1072 1873 1180 1905; x_wconf 92' lang='lat' dir='ltr'>cum</span> <span class='ocrx_word' id='word_1_141' title='bbox 1218 1858 1546 1906; x_wconf 89' lang='lat' dir='ltr'>conscientiae</span> <span class='ocrx_word' id='word_1_142' title='bbox 1581 1857 1792 1905; x_wconf 87' lang='lat' dir='ltr'>stimulis</span> <span class='ocrx_word' id='word_1_143' title='bbox 1824 1858 1980 1906; x_wconf 87' lang='lat' dir='ltr'>veris-</span> 
     </span>
     <span class='ocr_line' id='line_1_21' title="bbox 304 1936 1980 2002; baseline -0.001 -14"><span class='ocrx_word' id='word_1_144' title='bbox 304 1940 430 1988; x_wconf 87' lang='lat' dir='ltr'>sime</span> <span class='ocrx_word' id='word_1_145' title='bbox 478 1936 921 1999; x_wconf 83' lang='lat' dir='ltr'>copiosissimeque</span> <span class='ocrx_word' id='word_1_146' title='bbox 968 1942 1252 2001; x_wconf 83' lang='lat' dir='ltr'>exponeret.</span> <span class='ocrx_word' id='word_1_147' title='bbox 1333 1939 1511 1987; x_wconf 85' lang='lat' dir='ltr'>Manus</span> <span class='ocrx_word' id='word_1_148' title='bbox 1558 1952 1904 2002; x_wconf 84' lang='lat' dir='ltr'>percussorum</span> <span class='ocrx_word' id='word_1_149' title='bbox 1951 1954 1980 1987; x_wconf 84' lang='lat' dir='ltr'>a</span> 
     </span>
     <span class='ocr_line' id='line_1_22' title="bbox 301 2016 1979 2082; baseline -0.001 -15"><span class='ocrx_word' id='word_1_150' title='bbox 301 2020 396 2068; x_wconf 91' lang='lat' dir='ltr'>diis</span> <span class='ocrx_word' id='word_1_151' title='bbox 445 2016 785 2082; x_wconf 85' lang='lat' dir='ltr'>praesentibus</span> <span class='ocrx_word' id='word_1_152' title='bbox 830 2016 971 2081; x_wconf 79' lang='lat' dir='ltr'>dirigi</span> <span class='ocrx_word' id='word_1_153' title='bbox 1019 2023 1070 2065; x_wconf 88' lang='lat' dir='ltr'>et</span> <span class='ocrx_word' id='word_1_154' title='bbox 1116 2034 1287 2066; x_wconf 88' lang='lat' dir='ltr'>omnes</span> <span class='ocrx_word' id='word_1_155' title='bbox 1331 2018 1526 2067; x_wconf 88' lang='lat' dir='ltr'>illorum</span> <span class='ocrx_word' id='word_1_156' title='bbox 1576 2023 1776 2065; x_wconf 85' lang='lat' dir='ltr'>conatus</span> <span class='ocrx_word' id='word_1_157' title='bbox 1826 2034 1854 2065; x_wconf 91' lang='lat' dir='ltr'>a</span> <span class='ocrx_word' id='word_1_158' title='bbox 1888 2033 1979 2066; x_wconf 90' lang='lat' dir='ltr'>nu-</span> 
     </span>
     <span class='ocr_line' id='line_1_23' title="bbox 301 2095 1979 2162; baseline -0.001 -15"><span class='ocrx_word' id='word_1_159' title='bbox 301 2100 432 2148; x_wconf 90' lang='lat' dir='ltr'>mine</span> <span class='ocrx_word' id='word_1_160' title='bbox 479 2098 637 2144; x_wconf 77' lang='lat' dir='ltr'>divino</span> <span class='ocrx_word' id='word_1_161' title='bbox 672 2095 890 2144; x_wconf 81' lang='lat' dir='ltr'>adiuvari</span> <span class='ocrx_word' id='word_1_162' title='bbox 937 2113 1030 2145; x_wconf 92' lang='lat' dir='ltr'>non</span> <span class='ocrx_word' id='word_1_163' title='bbox 1066 2098 1351 2158; x_wconf 83' lang='lat' dir='ltr'>fastidiose,</span> <span class='ocrx_word' id='word_1_164' title='bbox 1387 2098 1473 2145; x_wconf 88' lang='lat' dir='ltr'>sed</span> <span class='ocrx_word' id='word_1_165' title='bbox 1512 2098 1775 2162; x_wconf 84' lang='lat' dir='ltr'>perspicue</span> <span class='ocrx_word' id='word_1_166' title='bbox 1810 2103 1979 2146; x_wconf 87' lang='lat' dir='ltr'>osten-</span> 
     </span>
     <span class='ocr_line' id='line_1_24' title="bbox 300 2176 1976 2242; baseline -0.002 -15"><span class='ocrx_word' id='word_1_167' title='bbox 300 2180 384 2227; x_wconf 85' lang='lat' dir='ltr'>dit.</span> <span class='ocrx_word' id='word_1_168' title='bbox 438 2176 667 2231; x_wconf 54' lang='lat' dir='ltr'>lubidini,</span> <span class='ocrx_word' id='word_1_169' title='bbox 705 2191 766 2223; x_wconf 84' lang='lat' dir='ltr'>ex</span> <span class='ocrx_word' id='word_1_170' title='bbox 802 2193 895 2239; x_wconf 85' lang='lat' dir='ltr'>qua</span> <span class='ocrx_word' id='word_1_171' title='bbox 929 2177 1013 2225; x_wconf 90' lang='lat' dir='ltr'>illa</span> <span class='ocrx_word' id='word_1_172' title='bbox 1047 2178 1309 2238; x_wconf 84' lang='lat' dir='ltr'>scelerum,</span> <span class='ocrx_word' id='word_1_173' title='bbox 1347 2194 1470 2241; x_wconf 87' lang='lat' dir='ltr'>quae</span> <span class='ocrx_word' id='word_1_174' title='bbox 1495 2179 1776 2242; x_wconf 83' lang='lat' dir='ltr'>puniuntur,</span> <span class='ocrx_word' id='word_1_175' title='bbox 1801 2178 1976 2224; x_wconf 85' lang='lat' dir='ltr'>imma-</span> 
     </span>
     <span class='ocr_line' id='line_1_25' title="bbox 299 2254 1974 2320; baseline -0.002 -14"><span class='ocrx_word' id='word_1_176' title='bbox 299 2259 423 2307; x_wconf 84' lang='lat' dir='ltr'>nitas</span> <span class='ocrx_word' id='word_1_177' title='bbox 459 2254 741 2320; x_wconf 81' lang='lat' dir='ltr'>pullulavit,</span> <span class='ocrx_word' id='word_1_178' title='bbox 790 2271 851 2303; x_wconf 87' lang='lat' dir='ltr'>ex</span> <span class='ocrx_word' id='word_1_179' title='bbox 898 2255 1105 2304; x_wconf 73' lang='lat' dir='ltr'>adverso</span> <span class='ocrx_word' id='word_1_180' title='bbox 1147 2257 1313 2320; x_wconf 85' lang='lat' dir='ltr'>posuit</span> <span class='ocrx_word' id='word_1_181' title='bbox 1348 2257 1691 2303; x_wconf 55' lang='lat' dir='ltr'>abstiu’entiam‘</span> <span class='ocrx_word' id='word_1_182' title='bbox 1725 2256 1974 2303; x_wconf 89' lang='lat' dir='ltr'>hominum</span> 
     </span>
     <span class='ocr_line' id='line_1_26' title="bbox 298 2333 1976 2399; baseline -0.003 -12"><span class='ocrx_word' id='word_1_183' title='bbox 298 2337 634 2393; x_wconf 78' lang='lat' dir='ltr'>candidorum,</span> <span class='ocrx_word' id='word_1_184' title='bbox 668 2333 962 2398; x_wconf 81' lang='lat' dir='ltr'>frugalium,</span> <span class='ocrx_word' id='word_1_185' title='bbox 998 2336 1310 2399; x_wconf 80' lang='lat' dir='ltr'>simplicium,</span> <span class='ocrx_word' id='word_1_186' title='bbox 1347 2334 1550 2394; x_wconf 78' lang='lat' dir='ltr'>divitiis,</span> <span class='ocrx_word' id='word_1_187' title='bbox 1586 2335 1856 2384; x_wconf 88' lang='lat' dir='ltr'>honoribus</span> <span class='ocrx_word' id='word_1_188' title='bbox 1890 2351 1976 2383; x_wconf 86' lang='lat' dir='ltr'>vo·-</span> 
     </span>
     <span class='ocr_line' id='line_1_27' title="bbox 301 2414 1974 2482; baseline -0.004 -15"><span class='ocrx_word' id='word_1_189' title='bbox 301 2417 669 2482; x_wconf 85' lang='lat' dir='ltr'>luptatibusque</span> <span class='ocrx_word' id='word_1_190' title='bbox 715 2430 872 2478; x_wconf 90' lang='lat' dir='ltr'>aequo</span> <span class='ocrx_word' id='word_1_191' title='bbox 919 2415 1081 2464; x_wconf 88' lang='lat' dir='ltr'>animo</span> <span class='ocrx_word' id='word_1_192' title='bbox 1123 2416 1406 2463; x_wconf 89' lang='lat' dir='ltr'>carentium.</span> <span class='ocrx_word' id='word_1_193' title='bbox 1490 2414 1759 2462; x_wconf 85' lang='lat' dir='ltr'>Horrorem</span> <span class='ocrx_word' id='word_1_194' title='bbox 1810 2419 1974 2462; x_wconf 89' lang='lat' dir='ltr'>autem</span> 
     </span>
     <span class='ocr_line' id='line_1_28' title="bbox 298 2494 1972 2559; baseline -0.001 -14"><span class='ocrx_word' id='word_1_195' title='bbox 298 2497 599 2552; x_wconf 76' lang='lat' dir='ltr'>facinorum,</span> <span class='ocrx_word' id='word_1_196' title='bbox 635 2511 760 2557; x_wconf 86' lang='lat' dir='ltr'>quae</span> <span class='ocrx_word' id='word_1_197' title='bbox 796 2500 1081 2559; x_wconf 83' lang='lat' dir='ltr'>patrantur,</span> <span class='ocrx_word' id='word_1_198' title='bbox 1119 2512 1214 2543; x_wconf 91' lang='lat' dir='ltr'>non</span> <span class='ocrx_word' id='word_1_199' title='bbox 1249 2495 1509 2544; x_wconf 87' lang='lat' dir='ltr'>verborum</span> <span class='ocrx_word' id='word_1_200' title='bbox 1536 2510 1732 2558; x_wconf 89' lang='lat' dir='ltr'>pompa,</span> <span class='ocrx_word' id='word_1_201' title='bbox 1768 2494 1856 2542; x_wconf 88' lang='lat' dir='ltr'>sed</span> <span class='ocrx_word' id='word_1_202' title='bbox 1893 2509 1972 2543; x_wconf 88' lang='lat' dir='ltr'>re-</span> 
     </span>
     <span class='ocr_line' id='line_1_29' title="bbox 299 2574 1972 2641; baseline -0.002 -15"><span class='ocrx_word' id='word_1_203' title='bbox 299 2594 408 2626; x_wconf 87' lang='lat' dir='ltr'>rum</span> <span class='ocrx_word' id='word_1_204' title='bbox 459 2577 819 2638; x_wconf 85' lang='lat' dir='ltr'>temperatione</span> <span class='ocrx_word' id='word_1_205' title='bbox 868 2581 919 2624; x_wconf 92' lang='lat' dir='ltr'>et</span> <span class='ocrx_word' id='word_1_206' title='bbox 962 2575 1265 2641; x_wconf 86' lang='lat' dir='ltr'>placidorum</span> <span class='ocrx_word' id='word_1_207' title='bbox 1320 2591 1378 2624; x_wconf 90' lang='lat' dir='ltr'>ac</span> <span class='ocrx_word' id='word_1_208' title='bbox 1423 2574 1788 2625; x_wconf 83' lang='lat' dir='ltr'>vehementium</span> <span class='ocrx_word' id='word_1_209' title='bbox 1836 2589 1972 2623; x_wconf 85' lang='lat' dir='ltr'>com-</span> 
     </span>
    </p>
   </div>
   <div class='ocr_carea' id='block_1_3' title="bbox 299 2656 909 2722">
    <p class='ocr_par' dir='ltr' id='par_1_3' title="bbox 299 2656 909 2722">
     <span class='ocr_line' id='line_1_30' title="bbox 299 2656 909 2722; baseline 0.003 -18"><span class='ocrx_word' id='word_1_210' title='bbox 299 2656 541 2707; x_wconf 86' lang='lat' dir='ltr'>dositione</span> <span class='ocrx_word' id='word_1_211' title='bbox 585 2656 909 2722; x_wconf 80' lang='lat' dir='ltr'>exaggeravit.</span> 
     </span>
    </p>
   </div>
   <div class='ocr_carea' id='block_1_4' title="bbox 833 2997 1427 3053">
    <p class='ocr_par' dir='ltr' id='par_1_4' title="bbox 833 2997 1427 3053">
     <span class='ocr_line' id='line_1_31' title="bbox 833 2997 1427 3053; baseline 0 0"><span class='ocrx_word' id='word_1_212' title='bbox 833 2997 901 3053; x_wconf 92' lang='grc' dir='ltr'>Β.</span> <span class='ocrx_word' id='word_1_213' title='bbox 986 2997 1427 3053; x_wconf 87' lang='lat' dir='ltr'>Helena.</span> 
     </span>
    </p>
   </div>
   <div class='ocr_carea' id='block_1_5' title="bbox 295 3140 1966 3533">
    <p class='ocr_par' dir='ltr' id='par_1_5' title="bbox 295 3140 1966 3533">
     <span class='ocr_line' id='line_1_32' title="bbox 426 3140 1966 3213; baseline -0.003 -19"><span class='ocrx_word' id='word_1_214' title='bbox 426 3143 699 3210; x_wconf 51' lang='lat' dir='ltr'>Memphi&amp;</span> <span class='ocrx_word' id='word_1_215' title='bbox 728 3147 864 3197; x_wconf 89' lang='lat' dir='ltr'>urbis</span> <span class='ocrx_word' id='word_1_216' title='bbox 887 3145 1120 3213; x_wconf 79' lang='lat' dir='ltr'>Aegypti,</span> <span class='ocrx_word' id='word_1_217' title='bbox 1145 3146 1280 3195; x_wconf 86' lang='lat' dir='ltr'>vicus</span> <span class='ocrx_word' id='word_1_218' title='bbox 1306 3145 1503 3212; x_wconf 88' lang='lat' dir='ltr'>quidam</span> <span class='ocrx_word' id='word_1_219' title='bbox 1524 3148 1684 3193; x_wconf 87' lang='lat' dir='ltr'>castra</span> <span class='ocrx_word' id='word_1_220' title='bbox 1703 3140 1966 3192; x_wconf 83' lang='lat' dir='ltr'>vocabatur</span> 
     </span>
     <span class='ocr_line' id='line_1_33' title="bbox 295 3221 1964 3292; baseline -0.002 -18"><span class='ocrx_word' id='word_1_221' title='bbox 295 3225 579 3290; x_wconf 85' lang='lat' dir='ltr'>Tyriorum,</span> <span class='ocrx_word' id='word_1_222' title='bbox 614 3227 663 3276; x_wconf 88' lang='lat' dir='ltr'>in</span> <span class='ocrx_word' id='word_1_223' title='bbox 701 3245 794 3292; x_wconf 89' lang='lat' dir='ltr'>quo</span> <span class='ocrx_word' id='word_1_224' title='bbox 830 3235 933 3277; x_wconf 89' lang='lat' dir='ltr'>erat</span> <span class='ocrx_word' id='word_1_225' title='bbox 967 3227 1221 3277; x_wconf 88' lang='lat' dir='ltr'>delubrum</span> <span class='ocrx_word' id='word_1_226' title='bbox 1246 3227 1377 3290; x_wconf 82' lang='lat' dir='ltr'>regis</span> <span class='ocrx_word' id='word_1_227' title='bbox 1402 3225 1671 3283; x_wconf 89' lang='lat' dir='ltr'>cuiusdam,</span> <span class='ocrx_word' id='word_1_228' title='bbox 1702 3224 1783 3287; x_wconf 84' lang='lat' dir='ltr'>qui</span> <span class='ocrx_word' id='word_1_229' title='bbox 1807 3221 1964 3271; x_wconf 87' lang='lat' dir='ltr'>Grae-</span> 
     </span>
     <span class='ocr_line' id='line_1_34' title="bbox 298 3302 1964 3372; baseline -0.004 -18"><span class='ocrx_word' id='word_1_230' title='bbox 298 3322 465 3355; x_wconf 87' lang='lat' dir='ltr'>corum</span> <span class='ocrx_word' id='word_1_231' title='bbox 512 3323 739 3356; x_wconf 82' lang='lat' dir='ltr'>sermone</span> <span class='ocrx_word' id='word_1_232' title='bbox 788 3307 993 3358; x_wconf 87' lang='lat' dir='ltr'>Proteus</span> <span class='ocrx_word' id='word_1_233' title='bbox 1039 3307 1402 3372; x_wconf 86' lang='lat' dir='ltr'>appellabatur,</span> <span class='ocrx_word' id='word_1_234' title='bbox 1455 3321 1613 3370; x_wconf 87' lang='lat' dir='ltr'>eoque</span> <span class='ocrx_word' id='word_1_235' title='bbox 1660 3304 1710 3352; x_wconf 92' lang='lat' dir='ltr'>in</span> <span class='ocrx_word' id='word_1_236' title='bbox 1758 3302 1964 3350; x_wconf 87' lang='lat' dir='ltr'>delubro</span> 
     </span>
     <span class='ocr_line' id='line_1_35' title="bbox 298 3381 1964 3454; baseline -0.002 -21"><span class='ocrx_word' id='word_1_237' title='bbox 298 3386 532 3434; x_wconf 87' lang='lat' dir='ltr'>sacellum</span> <span class='ocrx_word' id='word_1_238' title='bbox 558 3385 770 3435; x_wconf 85' lang='lat' dir='ltr'>Veneris</span> <span class='ocrx_word' id='word_1_239' title='bbox 794 3387 1105 3454; x_wconf 76' lang='lat' dir='ltr'>Perengnae,</span> <span class='ocrx_word' id='word_1_240' title='bbox 1142 3404 1285 3451; x_wconf 88' lang='lat' dir='ltr'>quam</span> <span class='ocrx_word' id='word_1_241' title='bbox 1319 3384 1522 3434; x_wconf 87' lang='lat' dir='ltr'>eandem</span> <span class='ocrx_word' id='word_1_242' title='bbox 1558 3383 1797 3439; x_wconf 89' lang='lat' dir='ltr'>Helenen,</span> <span class='ocrx_word' id='word_1_243' title='bbox 1827 3381 1964 3445; x_wconf 78' lang='lat' dir='ltr'>Tyn-</span> 
     </span>
     <span class='ocr_line' id='line_1_36' title="bbox 297 3462 1962 3533; baseline -0.002 -20"><span class='ocrx_word' id='word_1_244' title='bbox 297 3465 435 3513; x_wconf 87' lang='lat' dir='ltr'>darei</span> <span class='ocrx_word' id='word_1_245' title='bbox 459 3465 629 3528; x_wconf 85' lang='lat' dir='ltr'>filiam,</span> <span class='ocrx_word' id='word_1_246' title='bbox 655 3483 766 3516; x_wconf 88' lang='lat' dir='ltr'>esse</span> <span class='ocrx_word' id='word_1_247' title='bbox 788 3466 967 3517; x_wconf 88' lang='lat' dir='ltr'>Graeci</span> <span class='ocrx_word' id='word_1_248' title='bbox 991 3468 1084 3517; x_wconf 89' lang='lat' dir='ltr'>sibi</span> <span class='ocrx_word' id='word_1_249' title='bbox 1106 3471 1485 3533; x_wconf 85' lang='lat' dir='ltr'>persuaserant:</span> <span class='ocrx_word' id='word_1_250' title='bbox 1518 3480 1661 3528; x_wconf 86' lang='lat' dir='ltr'>quam</span> <span class='ocrx_word' id='word_1_251' title='bbox 1683 3462 1962 3528; x_wconf 79' lang='lat' dir='ltr'>opinionem</span> 
     </span>
    </p>
   </div>
  </div>
 </body>
</html>
