2202 3892
1166 277 1291 335 260
1306 306 1308 309 r

405 431 631 495 pulturae
674 424 979 476 mandasset.
1041 424 1183 474 Haec
1228 428 1394 474 autem
1438 423 1805 488 Agamemnone
1843 426 2086 486 edicente,

405 510 527 558 Aiax
551 506 724 565 maior,
760 507 978 555 cumin
1013 510 1323 554 mortuum
1352 504 1738 580 incidis-set,
1772 506 1948 555 multas
1976 507 2085 571 qui-

404 589 516 638 dem
552 587 777 635 lacrimas
821 587 948 634 circa
984 578 1145 648 ipsum
1185 584 1436 648 profudit,
1481 584 1661 633 tollens
1696 603 1812 634 vero
1847 604 1959 636 eum
1996 588 2086 635 de-

403 668 585 717 nudato
632 673 779 731 atque
825 665 1058 730 expedito
1094 665 1257 727 gladio
1303 681 1390 728 per
1437 664 1799 714 multitudinem
1836 663 2083 716 transiit-’²

402 747 513 797 Non
548 746 687 804 Aiax,
724 746 812 793 sed
851 745 1002 804 Oeax,
1038 745 1197 794 frater
1229 745 1523 800 Palamedis,
1561 750 1810 793 mortuum
1838 745 1978 808 luxit,
2012 751 2085 795 te-

408 832 484 875 ste
522 825 819 885 scholiasta,
857 841 1001 887 quem
1039 841 1186 888 supra
1224 826 1743 885 commemoravimus,
1795 825 2087 887 quibuscum

405 911 684 969 congruunt
719 921 846 967 quae
885 904 1152 969 Euripides
1187 906 1295 969 ipse
1330 904 1377 952 in
1403 904 1597 952 Orestis
1634 904 1732 951 fab.
1757 920 1800 954 v.
1828 906 1928 951 432
1951 919 2088 968 seqq.

403 984 619 1049 exponit.
683 983 819 1032 Oeax
855 991 1035 1043 autem,
1070 985 1117 1031 id
1142 984 1271 1046 quod
1303 989 1438 1031 recte
1465 984 1794 1032 Philostratus
1823 984 2089 1032 memoriae

405 1063 655 1130 prodidit,
690 1079 749 1111 eo
785 1064 894 1128 ipso
931 1070 1214 1121 momento,
1258 1079 1354 1127 quo
1391 1063 1677 1111 Palamedes
1713 1063 1929 1128 lapidum
1966 1080 2088 1124 con-

401 1146 533 1193 iectu
567 1143 992 1204 interficiebatur,
1045 1145 1346 1208 supervenit.
1428 1142 1480 1190 ld
1529 1144 1658 1190 enim
1704 1143 1992 1206 intelligitur
2026 1159 2089 1193 ex

404 1222 684 1286 fragmento
724 1239 800 1281 eo,
842 1223 971 1286 quod
1010 1239 1166 1287 nuper
1201 1222 1563 1271 Schneidewin.
1600 1222 1848 1287 (Coniect.
1891 1225 1995 1274 crit.
2036 1241 2087 1288 p.

407 1303 550 1366 108.)
588 1303 636 1351 in
675 1301 895 1350 Crameri
930 1303 1056 1351 Ann.
1084 1302 1141 1350 lI.
1170 1319 1215 1366 p.
1246 1305 1360 1364 258,
1385 1304 1431 1352 2.
1467 1302 1715 1352 inventum
1751 1303 1869 1352 huic
1892 1310 2087 1370 tragoe-

403 1383 516 1432 diae
553 1381 846 1430 vindicavit:
1410 1447 1411 1451 Ἰ

533 1459 610 1520 τίς
645 1457 757 1511 ἔσθ’
794 1459 824 1511 ὁ
858 1458 1062 1526 μέλλων
1097 1460 1359 1521 σκόλοπος
1391 1453 1424 1527 ἢ
1459 1462 1694 1525 λευσμοῦ
1727 1463 1906 1527 τυχεῖν
1918 1481 1934 1522 3

401 1543 536 1592 ldem
588 1542 781 1591 sublato
827 1542 1080 1591 interfecti
1131 1559 1339 1606 corpore
1389 1544 1584 1590 naenias
1620 1543 1722 1591 sive
1757 1545 1967 1609 θρῆνον
2001 1558 2086 1592 ce-

403 1622 522 1672 cinit
558 1621 714 1681 inum,
752 1623 888 1670 cuius
926 1623 1256 1673 Philostratus
1294 1623 1412 1670 Her.
1433 1621 1496 1681 X,
1523 1624 1598 1669 12.
1621 1622 2086 1679 mentionemfecit:

537 1696 751 1759 ἐκάνεθ,
788 1698 993 1752 ἐκάνετε
1026 1700 1126 1752 τὰν
1158 1700 1460 1765 πάνσοφον,
1499 1693 1540 1750 ὦ
1577 1701 1872 1768 Δαναοί*),

535 1779 633 1831 τὰν
668 1779 845 1831 οὐδέν’
881 1781 1222 1846 ἀλγύνουσαν
1257 1781 1462 1847 ἀηδόνα
1497 1783 1750 1846 Μουσᾶν,

532 1859 839 1922 πεισθέντες
873 1861 1031 1928 ἀνδρὶ
1066 1863 1221 1928 δεινῷ
1256 1880 1310 1913 τε
1344 1860 1513 1928 λέγειν
1545 1861 1635 1913 καὶ
1668 1861 1890 1914 ἀναιδεῖ.

401 1941 559 1991 Simul
603 1959 664 1992 ex
709 1944 787 1990 his
836 1960 932 1992 non
986 1952 1231 1994 narratam
1268 1961 1380 1993 esse
1416 1945 1693 1993 Palamedis
1729 1948 1960 2004 mortem,
1996 1942 2087 1991 sed

400 2021 451 2070 in
487 2038 633 2071 scena
668 2024 936 2072 exhibitam
962 2025 1266 2087 intelligitur.
1338 2024 1513 2090 Cogita
1557 2010 1709 2090 igitur
1743 2023 2088 2088 lapidationem

400 2101 530 2149 inter
564 2104 725 2167 ipsum
762 2104 902 2151 chori
937 2110 1151 2163 cantum,
1186 2104 1449 2153 Palamede
1484 2122 1512 2153 e
1548 2111 1816 2170 conspectu
1852 2104 2087 2163 abeunte,

399 2180 585 2228 factam
622 2198 748 2232 esse.
819 2183 1053 2232 Ceterum
1090 2201 1184 2233 non
1220 2186 1380 2248 potuit
1415 2184 1581 2232 drama
1618 2186 1721 2232 sine
1767 2184 1846 2231 dei
1879 2182 2086 2231 alicuine

400 2258 678 2308 interventu
721 2263 879 2325 finiri,
930 2279 1021 2311 nec
1065 2264 1237 2311 iniuria
1271 2264 1563 2311 welckerus
1599 2281 1646 2327 p.
1676 2266 1786 2310 509.
1821 2278 1912 2326 per
1947 2261 2086 2310 Mer-

402 2340 591 2389 curium
643 2358 722 2390 rcs
772 2343 1074 2407 compositas
1132 2358 1245 2390 esse
1297 2342 1576 2406 suspicatus
1625 2349 1718 2392 est.
1788 2341 1949 2390 Huius
1983 2343 2088 2389 erat

402 2425 454 2469 et
508 2421 714 2469 Achillis
760 2421 884 2471 iram
919 2422 1121 2471 Achivis
1156 2421 1481 2486 perniciosam
1499 2420 1578 2484 **)
1616 2428 1668 2471 et
1713 2421 2088 2484 diuturnitatem

400 2499 520 2549 belli
568 2504 620 2549 et
654 2500 854 2567 Nauplii
903 2502 1135 2550 ultionem
1186 2501 1600 2564 praedicere***)
1648 2500 1893 2564 simulque
1927 2500 2086 2567 impe-

399 2593 541 2640 rare,
591 2584 647 2628 ut
687 2597 785 2630 non
819 2587 1007 2631 tantum
1042 2581 1338 2646 sepeliretur
1370 2583 1417 2630 in
1451 2582 1771 2630 Aeolensium
1819 2585 1951 2628 terra
1987 2578 2086 2627 Pa-

400 2658 652 2720 lamedes,
706 2661 794 2709 sed
832 2663 979 2710 etiam
1017 2661 1186 2709 divinis
1220 2661 1489 2711 honoribus
1525 2662 1810 2711 afficeretur
1843 2664 1991 2724 atque
2024 2656 2086 2706 ab

399 2738 643 2788 universo·
664 2741 851 2806 populo
886 2741 1140 2807 lugeretur
1156 2738 1234 2804 †).

455 2905 504 2960 ⁹⁶)
533 2906 782 2950 Articulum
811 2909 954 2952 deleri
981 2909 1105 2951 iubet
1133 2908 1301 2965 Bergk.
1333 2923 1407 2965 ap.
1432 2909 1606 2953 Welck.
1626 2923 1671 2964 p.
1692 2905 1820 2952 1585.
1872 2906 1926 2950 In
1954 2904 2084 2949 tertio

540 2991 672 3019 versu
701 2981 909 3021 voculam
938 2978 986 3022 τὲ
1014 2979 1192 3021 inserui.

429 3045 507 3099 ἶἧς)
540 3047 609 3088 Cf.
640 3049 854 3091 Philostr.
888 3065 931 3104 p.
965 3049 1064 3091 688.
1615 3070 1618 3077 ·

399 3114 507 3168 ⁹⁹⁶⁵)
540 3116 609 3157 Cf.
640 3118 810 3174 Hygin.
842 3135 879 3160 c.
914 3120 1010 3161 116.
1042 3120 1196 3174 Eurip.
1227 3120 1331 3162 Hel.
1364 3119 1488 3161 1126.
1523 3119 1685 3162 Troad.
1715 3114 1785 3158 90.
1850 3108 1853 3110 ’

451 3183 505 3239 †)
535 3186 748 3229 Philostr.
782 3190 833 3242 X,
863 3189 933 3230 11.
964 3190 1085 3246 Virg.
1115 3191 1221 3231 Aen.
1247 3191 1304 3243 11,
1326 3189 1400 3232 85:
1447 3203 1589 3231 nunc
1620 3199 1839 3229 cassum
1868 3183 2083 3227 lumine

534 3257 751 3312 lugent.
812 3260 955 3302 Dares
976 3261 1147 3315 Phryg.
1179 3274 1216 3301 c.
1233 3260 1307 3302 28:
1343 3260 1532 3316 „Argivi
1559 3255 1810 3300 Palamedis
1835 3254 2083 3310 scientiam,

534 3327 830 3382 aequitatem,
882 3331 1148 3381 bonitatem,
1202 3322 1488 3372 clementiam
1528 3325 1865 3370 lamentantur-’⁹
1929 3325 2084 3380 Dictys

534 3396 651 3438 Cret.
684 3398 738 3450 ΙΙ,
771 3398 851 3440 15:
884 3401 1115 3456 „Igitura
1145 3400 1311 3441 cunctis
1339 3399 1538 3451 Graecis,
1569 3397 1704 3441 veluti
1734 3396 1979 3451 publicum,
2010 3394 2084 3436 fu-

530 3480 613 3507 nus
634 3467 728 3518 eius
754 3475 999 3512 crematum
1020 3469 1116 3526 igni
1143 3483 1281 3511 aureo
1306 3472 1488 3513 vasculo
1517 3470 1737 3523 sepultum
1757 3466 1865 3508 est.''
1921 3466 1989 3506 De
2008 3477 2083 3506 sa-

531 3528 919 3583 cello'Palamedis
942 3540 999 3583 cf.
1022 3540 1110 3584 ott.
1130 3540 1257 3583 Ialnn.
1289 3556 1333 3595 p.
1354 3539 1424 3583 22.
1454 3541 1605 3584 Tzetz.
1637 3539 1693 3582 ad
1721 3536 1948 3593 Lycophr.
1978 3532 2078 3577 384.
