2170 3848
1142 253 1258 310 162

377 407 603 462 mortem,
637 399 794 448 amico
828 399 1075 449 utiliorem
1111 415 1223 448 esse
1256 403 1504 464 appareat.
1574 400 1648 450 Ac
1680 401 1892 466 primum
1926 399 2037 465 qui-

377 484 491 532 dem
526 480 817 546 probrosum
855 495 950 528 non
984 481 1140 528 minus
1178 479 1301 537 sibi,
1338 495 1483 541 quam
1519 479 1720 544 Pyladi,
1767 480 1879 529 fore
1925 486 2038 544 p‘er·

377 562 482 610 dito
517 561 671 608 amico
708 559 925 621 redisse,
962 560 1189 608 ostendit.
1261 557 1388 607 Tum
1426 559 1546 618 sibi,
1595 575 1691 623 qua
1724 560 1790 609 sit
1823 561 2039 620 fortuna,

375 644 587 690 mortem
631 639 999 688 detrectandam
1051 655 1162 687 esse
1196 643 1371 702 negat;
1419 638 1651 703 Pyladem
1687 646 1882 698 contra,
1927 656 2038 689 cum

375 719 520 768 nullis
569 719 635 768 sit
683 718 896 783 pollutus
943 718 1180 783 piaculis,
1238 719 1408 767 liberis
1457 734 1517 767 ex
1563 718 1766 767 Electra
1821 719 2038 778 sublatiS‚

375 799 689 858 effecturum,
725 814 788 846 ne
823 799 1059 846 memoria
1093 815 1179 847 sua
1215 814 1338 847 neve
1375 799 1548 846 domus
1576 802 1782 862 paterna
1801 797 2038 848 deleatur.

374 878 606 935 Proinde,
642 878 818 941 inquit,
853 878 1170 941 proficiscere
1205 883 1256 927 et
1290 879 1396 927 vive
1432 883 1483 926 et
1517 878 1717 925 domum
1752 877 1918 926 habita
1953 891 2039 940 pa-

373 958 495 1018 tris3
555 972 781 1005 reversus
842 963 1006 1005 autem
1053 958 1212 1022 Argos
1260 958 1499 1007 tumulum
1549 957 1671 1005 mihi
1716 954 1944 1006 e‘xstrues
1990 958 2042 1004 et

371 1043 740 1087 monumentum
787 1036 1034 1101 impones,
1081 1053 1223 1085 soror
1272 1053 1388 1086 vero
1426 1038 1584 1086 crines
1631 1037 1861 1100 sepulcro
1895 1034 2041 1084 lacri-

371 1131 576 1179 masque
624 1115 777 1164 dabit.
846 1115 1135 1165 Obtestatur
1182 1117 1419 1175 amicum,
1466 1133 1529 1165 ne
1571 1131 1782 1179 unquam
1817 1130 2042 1164 sororem

370 1195 566 1263 prodita
601 1194 744 1243 domo
779 1202 983 1258 paterna
1019 1197 1232 1256 deserat,
1269 1201 1320 1245 et
1353 1196 1516 1244 valere
1549 1196 1685 1243 iubet
1719 1195 1924 1252 socium,
1958 1209 2041 1242 so-

370 1275 560 1334 dalem,
597 1275 810 1322 amicum
846 1275 1215 1335 fidelissimum,
1265 1275 1347 1339 qui
1383 1275 1527 1323 amici
1563 1290 1738 1323 caussa
1772 1274 1932 1322 omnia
1966 1278 2040 1321 to·

370 1354 614 1403 leraverit.
680 1353 774 1401 His
810 1353 956 1403 editis
990 1355 1262 1414 mandatis,
1298 1371 1352 1402 se
1387 1355 1448 1401 ab
1484 1354 1737 1418 Apolline,
1787 1353 1865 1400 cui
1898 1352 2040 1401 unice

371 1433 635 1484 confiderit
657 1448 842 1495 suaque
868 1434 1027 1482 omnia
1055 1435 1351 1498 permiserit,
1392 1433 1639 1497 proditum
1666 1447 1779 1480 esse
1798 1431 2038 1494 queritur.

370 1513 604 1578 Pylades,
641 1513 683 1560 si
718 1513 916 1576 quidem
951 1528 1046 1561 non
1081 1514 1246 1572 vivus,
1297 1514 1384 1561 sed
1436 1519 1658 1561 mortuus
1704 1511 1941 1560 colendus
1975 1510 2041 1559 sit

371 1592 587 1653 amicus,
634 1591 927 1641 effecturum
978 1608 1033 1640 se
1085 1594 1312 1640 mandata
1355 1592 1573 1640 fideliter
1617 1591 1905 1656 pollicetur3
1953 1582 2038 1639 ce-

371 1679 560 1732 terum,
614 1672 830 1735 quamvis
865 1687 1021 1734 prope
1056 1672 1256 1720 caedem
1293 1672 1629 1732 constiterint,
1679 1669 2038 1734 desperandum

371 1767 485 1801 esse
519 1757 689 1815 negat:
738 1766 848 1799 nam
885 1751 1194 1799 atrocissima
1229 1766 1378 1814 saepe
1413 1750 1696 1798 discrimina
1727 1748 2036 1798 felicissimas

371 1832 597 1895 accipere
651 1846 818 1878 rerum
867 1826 1181 1881 mutationes
1268 1830 1412 1878 Nulla
1458 1830 1570 1877 huic
1622 1828 1862 1891 colloquio
1911 1828 2039 1876 inest

370 1910 539 1976 putida
571 1910 917 1974 generositatis
953 1909 1250 1973 pietatisque
1283 1909 1550 1965 affectatio,
1586 1925 1680 1972 qua
1712 1909 1763 1957 in
1797 1905 2039 1957 eiusmodi

371 1989 767 2039 contentionibus
799 1988 908 2036 fere
941 2004 1182 2052 nunquam
1218 1990 1463 2038 abstinent
1504 1989 1808 2037 recentiores
1841 1994 2036 2053 poetae,

371 2070 504 2120 nulla
535 2068 801 2116 voluntatis
835 2067 1175 2127 dissimulatio,
1211 2068 1339 2115 nulla
1374 2075 1540 2116 mutua
1584 2067 1743 2115 laudis
1779 2067 2039 2132 praedica-

371 2151 468 2208 tio,
503 2147 637 2196 nulla
672 2147 942 2194 animorum
978 2147 1237 2209 mollities,
1281 2147 1414 2195 nulla
1449 2147 1756 2194 lacrimarum
1790 2133 2036 2194 excitatio.

370 2228 484 2277 Huc
516 2225 781 2282 accedant,
827 2225 951 2273 haec
985 2226 1266 2275 intueantur
1312 2227 1680 2285 adolescentes,
1723 2225 1835 2288 qni,
1881 2224 2036 2289 qualis

373 2307 441 2356 sit
489 2320 603 2354 vera
648 2305 802 2353 virtus
848 2310 898 2352 et
945 2310 1176 2369 quantum
1228 2306 1381 2354 distet
1415 2323 1443 2354 a
1477 2305 1708 2354 Selmaris
1743 2304 2038 2368 Selmaeque

370 2386 595 2445 miseria,
646 2399 947 2449 cognoscere
981 2383 1161 2432 volent.
1230 2384 1421 2434 Orestis
1455 2384 1756 2449 Pyladisque
1801 2384 2036 2447 simplici-

369 2470 555 2527 tatem,
614 2464 983 2526 ingenuitatem,
1030 2464 1455 2527 tranquillitatem,
1509 2464 1831 2513 constantiam
1875 2463 2038 2512 animo

369 2548 678 2611 proponant,
731 2544 1004 2606 quicunque
1039 2559 1154 2591 vera
1187 2560 1214 2591 a
1262 2544 1420 2605 fictis,
1472 2559 1677 2608 quorum
1711 2542 2038 2592 admiratione

369 2623 568 2688 decepti
615 2623 839 2687 plerique
886 2638 1056 2671 somno
1103 2639 1158 2671 se
1192 2624 1546 2687 socordiaeque
1579 2623 1804 2684 tradunt,
1848 2623 2036 2672 discer-

370 2719 490 2753 nere
523 2703 716 2762 volent3
752 2702 874 2750 haec
910 2702 1229 2761 admirentur,
1266 2705 1346 2766 qui
1379 2705 1562 2752 veteris
1597 2702 1884 2767 disciplinae
1905 2703 2037 2751 lacte

369 2782 687 2831 saluberrimo
722 2797 778 2830 se
812 2783 1115 2831 corroborari
1150 2787 1202 2831 et
1221 2783 1429 2831 »virtutis
1481 2782 1867 2847 exemplaribus,
1911 2797 2036 2845 quae

369 2867 565 2910 veteres
599 2865 778 2925 poetae
812 2862 1124 2925 artificesque
1170 2868 1557 2927 proposuerunt,
1610 2861 1670 2910 ad
1717 2862 1851 2926 paris
1890 2877 2034 2926 prae-

369 2940 579 2989 stantiae
637 2939 1013 2990 aemulationem
1074 2941 1263 2990 animos
1313 2943 1515 2992 excitari
1557 2946 1706 3005 atque
1748 2941 2034 2989 inflammari

369 3020 584 3084 cupient.

494 3098 646 3148 Redit
680 3115 741 3148 ex
774 3099 976 3150 aedibus
1012 3099 1266 3164 Iphigenia
1299 3101 1431 3150 nullo
1468 3100 1684 3150 carmine
1726 3097 1890 3157 chori,
1935 3113 2032 3161 quo

366 3182 507 3226 actus
542 3178 900 3244 disiungantur,
938 3180 1259 3245 interposit03
1308 3188 1411 3230 tum
1449 3180 1741 3230 satellitibus
1775 3193 1947 3226 rursus
1981 3177 2031 3226 iu

366 3257 603 3322 templum
650 3259 711 3307 ad
759 3260 1064 3324 expedienda
1113 3261 1387 3308 necessaria
1435 3259 1700 3324 ablegatis,
1745 3257 2031 3321 priusquam

365 3336 557 3386 litteras
593 3335 767 3401 Pyladi
803 3340 990 3399 tradat,
1026 3338 1293 3388 cavendum
1329 3356 1441 3389 esse
1475 3344 1662 3396 censet,
1697 3351 1760 3385 ne
1791 3337 1874 3385 hie
1905 3336 2031 3385 libe-

363 3419 498 3466 ratus
531 3416 752 3481 periculo
785 3419 1014 3468 mandata
1044 3418 1274 3483 negligat.
1344 3419 1687 3482 Quamobrem,
1724 3432 1819 3481 quo
1846 3415 2030 3466 certius
