<?xml version="1.0" encoding="UTF-8"?>
<!DOCTYPE html PUBLIC "-//W3C//DTD XHTML 1.0 Transitional//EN"
    "http://www.w3.org/TR/xhtml1/DTD/xhtml1-transitional.dtd">
<html xmlns="http://www.w3.org/1999/xhtml" xml:lang="en" lang="en">
 <head>
  <title>
</title>
<meta http-equiv="Content-Type" content="text/html;charset=utf-8" />
  <meta name='ocr-system' content='tesseract 3.04.00' />
  <meta name='ocr-capabilities' content='ocr_page ocr_carea ocr_par ocr_line ocrx_word'/>
</head>
<body>
  <div class='ocr_page' id='page_1' title='image "./euripidesrestitu02hartuoft_0263.png"; bbox 0 0 2202 3892; ppageno 0'>
   <div class='ocr_carea' id='block_1_1' title="bbox 981 283 1098 342">
    <p class='ocr_par' dir='ltr' id='par_1_1' title="bbox 981 283 1098 342">
     <span class='ocr_line' id='line_1_1' title="bbox 981 283 1098 342; baseline 0 0"><span class='ocrx_word' id='word_1_1' title='bbox 981 283 1098 342; x_wconf 81' lang='lat'><strong>251</strong></span> 
     </span>
    </p>
   </div>
   <div class='ocr_carea' id='block_1_2' title="bbox 205 430 1932 3539">
    <p class='ocr_par' dir='ltr' id='par_1_2' title="bbox 205 430 1932 3539">
     <span class='ocr_line' id='line_1_2' title="bbox 209 430 1874 497; baseline -0.007 -5"><span class='ocrx_word' id='word_1_2' title='bbox 209 439 456 492; x_wconf 87' lang='lat' dir='ltr'><strong>communi</strong></span> <span class='ocrx_word' id='word_1_3' title='bbox 501 437 669 494; x_wconf 88' lang='lat' dir='ltr'><strong>fonte,</strong></span> <span class='ocrx_word' id='word_1_4' title='bbox 719 434 969 494; x_wconf 75' lang='lat' dir='ltr'>dramate,</span> <span class='ocrx_word' id='word_1_5' title='bbox 1017 436 1169 497; x_wconf 90' lang='lat' dir='ltr'><strong>puto,</strong></span> <span class='ocrx_word' id='word_1_6' title='bbox 1217 430 1503 495; x_wconf 85' lang='lat' dir='ltr'><strong>Euripidis,</strong></span> <span class='ocrx_word' id='word_1_7' title='bbox 1551 431 1874 480; x_wconf 78' lang='lat' dir='ltr'><strong>narrationem</strong></span> 
     </span>
     <span class='ocr_line' id='line_1_3' title="bbox 208 511 1877 586; baseline -0.007 -14"><span class='ocrx_word' id='word_1_8' title='bbox 208 523 466 586; x_wconf 89' lang='lat' dir='ltr'><strong>utriusque</strong></span> <span class='ocrx_word' id='word_1_9' title='bbox 499 518 717 567; x_wconf 86' lang='lat' dir='ltr'><strong>fluxisse.</strong></span> <span class='ocrx_word' id='word_1_10' title='bbox 771 514 1118 577; x_wconf 78' lang='lat' dir='ltr'><strong>Quamobrem,</strong></span> <span class='ocrx_word' id='word_1_11' title='bbox 1152 515 1410 575; x_wconf 79' lang='lat' dir='ltr'><strong>antequam</strong></span> <span class='ocrx_word' id='word_1_12' title='bbox 1432 511 1496 559; x_wconf 89' lang='lat' dir='ltr'><strong>de</strong></span> <span class='ocrx_word' id='word_1_13' title='bbox 1517 512 1877 577; x_wconf 75' lang='lat' dir='ltr'><strong>compositione</strong></span> 
     </span>
     <span class='ocr_line' id='line_1_4' title="bbox 207 591 1876 667; baseline -0.007 -15"><span class='ocrx_word' id='word_1_14' title='bbox 207 604 472 667; x_wconf 87' lang='lat' dir='ltr'><strong>quicquam</strong></span> <span class='ocrx_word' id='word_1_15' title='bbox 523 597 864 661; x_wconf 87' lang='lat' dir='ltr'><strong>suspicemur,</strong></span> <span class='ocrx_word' id='word_1_16' title='bbox 927 593 1165 642; x_wconf 88' lang='lat' dir='ltr'><strong>vertenda</strong></span> <span class='ocrx_word' id='word_1_17' title='bbox 1213 606 1324 640; x_wconf 89' lang='lat' dir='ltr'><strong>esse</strong></span> <span class='ocrx_word' id='word_1_18' title='bbox 1367 591 1597 640; x_wconf 88' lang='lat' dir='ltr'><strong>videntur</strong></span> <span class='ocrx_word' id='word_1_19' title='bbox 1645 608 1773 655; x_wconf 88' lang='lat' dir='ltr'><strong>quae</strong></span> <span class='ocrx_word' id='word_1_20' title='bbox 1813 591 1876 641; x_wconf 90' lang='lat' dir='ltr'><strong>de</strong></span> 
     </span>
     <span class='ocr_line' id='line_1_5' title="bbox 207 671 1882 740; baseline -0.007 -8"><span class='ocrx_word' id='word_1_21' title='bbox 207 699 383 732; x_wconf 85' lang='lat' dir='ltr'><strong>caussa</strong></span> <span class='ocrx_word' id='word_1_22' title='bbox 417 678 696 738; x_wconf 73' lang='lat' dir='ltr'><strong>simultatis,</strong></span> <span class='ocrx_word' id='word_1_23' title='bbox 732 691 879 740; x_wconf 92' lang='lat' dir='ltr'><strong>quam</strong></span> <span class='ocrx_word' id='word_1_24' title='bbox 903 671 1114 737; x_wconf 84' lang='lat' dir='ltr'><strong>Ulysses</strong></span> <span class='ocrx_word' id='word_1_25' title='bbox 1150 689 1260 721; x_wconf 92' lang='lat' dir='ltr'><strong>cum</strong></span> <span class='ocrx_word' id='word_1_26' title='bbox 1289 671 1556 720; x_wconf 82' lang='lat' dir='ltr'><strong>Palamede</strong></span> <span class='ocrx_word' id='word_1_27' title='bbox 1587 673 1882 734; x_wconf 85' lang='lat' dir='ltr'><strong>exercuerit,</strong></span> 
     </span>
     <span class='ocr_line' id='line_1_6' title="bbox 207 752 1932 821; baseline -0.006 -9"><span class='ocrx_word' id='word_1_28' title='bbox 207 762 544 812; x_wconf 82' lang='lat' dir='ltr'><strong>Philostratus</strong></span> <span class='ocrx_word' id='word_1_29' title='bbox 579 756 833 821; x_wconf 85' lang='lat' dir='ltr'><strong>exposuit:</strong></span> <span class='ocrx_word' id='word_1_30' title='bbox 870 752 1174 816; x_wconf 89' lang='lat' dir='ltr'><strong>„Dissidium</strong></span> <span class='ocrx_word' id='word_1_31' title='bbox 1207 753 1336 802; x_wconf 91' lang='lat' dir='ltr'><strong>inter</strong></span> <span class='ocrx_word' id='word_1_32' title='bbox 1370 752 1604 817; x_wconf 83' lang='lat' dir='ltr'><strong>Ulyssem</strong></span> <span class='ocrx_word' id='word_1_33' title='bbox 1639 768 1697 801; x_wconf 94' lang='lat' dir='ltr'><strong>ac</strong></span> <span class='ocrx_word' id='word_1_34' title='bbox 1735 752 1877 801; x_wconf 87' lang='lat' dir='ltr'><strong>Pala-</strong></span> <span class='ocrx_word' id='word_1_35' title='bbox 1916 759 1932 783; x_wconf 61' lang='lat' dir='ltr'><em>z</em></span> 
     </span>
     <span class='ocr_line' id='line_1_7' title="bbox 207 831 1878 892; baseline -0.006 0"><span class='ocrx_word' id='word_1_36' title='bbox 207 843 403 892; x_wconf 84' lang='lat' dir='ltr'><strong>medem</strong></span> <span class='ocrx_word' id='word_1_37' title='bbox 449 841 565 889; x_wconf 89' lang='lat' dir='ltr'><strong>hinc</strong></span> <span class='ocrx_word' id='word_1_38' title='bbox 609 843 770 885; x_wconf 90' lang='lat' dir='ltr'><strong>ortum</strong></span> <span class='ocrx_word' id='word_1_39' title='bbox 817 840 910 883; x_wconf 88' lang='lat' dir='ltr'><strong>est.</strong></span> <span class='ocrx_word' id='word_1_40' title='bbox 987 833 1116 882; x_wconf 90' lang='lat' dir='ltr'><strong>Solis</strong></span> <span class='ocrx_word' id='word_1_41' title='bbox 1165 834 1392 882; x_wconf 85' lang='lat' dir='ltr'><strong>defectus</strong></span> <span class='ocrx_word' id='word_1_42' title='bbox 1438 833 1488 880; x_wconf 90' lang='lat' dir='ltr'><strong>in</strong></span> <span class='ocrx_word' id='word_1_43' title='bbox 1523 831 1673 881; x_wconf 87' lang='lat' dir='ltr'><strong>Troia</strong></span> <span class='ocrx_word' id='word_1_44' title='bbox 1716 832 1878 882; x_wconf 89' lang='lat' dir='ltr'><strong>factus</strong></span> 
     </span>
     <span class='ocr_line' id='line_1_8' title="bbox 208 914 1880 979; baseline -0.006 -8"><span class='ocrx_word' id='word_1_45' title='bbox 208 928 312 979; x_wconf 85' lang='lat' dir='ltr'><strong>est,</strong></span> <span class='ocrx_word' id='word_1_46' title='bbox 358 926 408 969; x_wconf 90' lang='lat' dir='ltr'><strong>et</strong></span> <span class='ocrx_word' id='word_1_47' title='bbox 448 923 668 967; x_wconf 85' lang='lat' dir='ltr'><strong>moestus</strong></span> <span class='ocrx_word' id='word_1_48' title='bbox 703 922 809 963; x_wconf 90' lang='lat' dir='ltr'><strong>erat</strong></span> <span class='ocrx_word' id='word_1_49' title='bbox 842 914 1110 975; x_wconf 86' lang='lat' dir='ltr'><strong>exercitus,</strong></span> <span class='ocrx_word' id='word_1_50' title='bbox 1147 916 1208 963; x_wconf 88' lang='lat' dir='ltr'><strong>ad</strong></span> <span class='ocrx_word' id='word_1_51' title='bbox 1243 915 1413 963; x_wconf 87' lang='lat' dir='ltr'><strong>futura</strong></span> <span class='ocrx_word' id='word_1_52' title='bbox 1446 919 1691 963; x_wconf 87' lang='lat' dir='ltr'><strong>ostentum</strong></span> <span class='ocrx_word' id='word_1_53' title='bbox 1728 914 1880 977; x_wconf 89' lang='lat' dir='ltr'><strong>perti-</strong></span> 
     </span>
     <span class='ocr_line' id='line_1_9' title="bbox 207 993 1880 1065; baseline -0.004 -15"><span class='ocrx_word' id='word_1_54' title='bbox 207 1017 327 1051; x_wconf 90' lang='lat' dir='ltr'><strong>nere</strong></span> <span class='ocrx_word' id='word_1_55' title='bbox 360 1006 550 1065; x_wconf 89' lang='lat' dir='ltr'><strong>putans.</strong></span> <span class='ocrx_word' id='word_1_56' title='bbox 617 996 804 1045; x_wconf 89' lang='lat' dir='ltr'><strong>Prodiit</strong></span> <span class='ocrx_word' id='word_1_57' title='bbox 847 996 996 1059; x_wconf 84' lang='lat' dir='ltr'><strong>igitur</strong></span> <span class='ocrx_word' id='word_1_58' title='bbox 1030 996 1080 1044; x_wconf 89' lang='lat' dir='ltr'><strong>in</strong></span> <span class='ocrx_word' id='word_1_59' title='bbox 1124 996 1338 1043; x_wconf 91' lang='lat' dir='ltr'><strong>medium</strong></span> <span class='ocrx_word' id='word_1_60' title='bbox 1375 995 1663 1043; x_wconf 87' lang='lat' dir='ltr'><strong>Palamedes</strong></span> <span class='ocrx_word' id='word_1_61' title='bbox 1707 1001 1759 1043; x_wconf 90' lang='lat' dir='ltr'><strong>et</strong></span> <span class='ocrx_word' id='word_1_62' title='bbox 1793 993 1880 1043; x_wconf 91' lang='lat' dir='ltr'><strong>de-</strong></span> 
     </span>
     <span class='ocr_line' id='line_1_10' title="bbox 209 1076 1884 1142; baseline -0.003 -13"><span class='ocrx_word' id='word_1_63' title='bbox 209 1080 396 1129; x_wconf 84' lang='lat' dir='ltr'><strong>fectum</strong></span> <span class='ocrx_word' id='word_1_64' title='bbox 432 1079 552 1127; x_wconf 91' lang='lat' dir='ltr'><strong>solis</strong></span> <span class='ocrx_word' id='word_1_65' title='bbox 587 1077 866 1142; x_wconf 85' lang='lat' dir='ltr'><strong>explicavit,</strong></span> <span class='ocrx_word' id='word_1_66' title='bbox 902 1076 1158 1125; x_wconf 87' lang='lat' dir='ltr'><strong>obscurari</strong></span> <span class='ocrx_word' id='word_1_67' title='bbox 1192 1092 1306 1124; x_wconf 90' lang='lat' dir='ltr'><strong>eum</strong></span> <span class='ocrx_word' id='word_1_68' title='bbox 1339 1076 1454 1125; x_wconf 91' lang='lat' dir='ltr'><strong>luna</strong></span> <span class='ocrx_word' id='word_1_69' title='bbox 1482 1078 1884 1124; x_wconf 87' lang='lat' dir='ltr'><strong>subtercurrente</strong></span> 
     </span>
     <span class='ocr_line' id='line_1_11' title="bbox 209 1157 1883 1222; baseline -0.004 -12"><span class='ocrx_word' id='word_1_70' title='bbox 209 1177 268 1210; x_wconf 84' lang='lat' dir='ltr'><strong>ae</strong></span> <span class='ocrx_word' id='word_1_71' title='bbox 311 1160 512 1209; x_wconf 85' lang='lat' dir='ltr'><strong>trahere</strong></span> <span class='ocrx_word' id='word_1_72' title='bbox 557 1158 846 1221; x_wconf 83' lang='lat' dir='ltr'><strong>caliginem:</strong></span> <span class='ocrx_word' id='word_1_73' title='bbox 891 1157 1019 1221; x_wconf 86' lang='lat' dir='ltr'><strong>quod</strong></span> <span class='ocrx_word' id='word_1_74' title='bbox 1066 1158 1107 1205; x_wconf 90' lang='lat' dir='ltr'><strong>si</strong></span> <span class='ocrx_word' id='word_1_75' title='bbox 1142 1173 1235 1222; x_wconf 86' lang='lat' dir='ltr'><strong>qua</strong></span> <span class='ocrx_word' id='word_1_76' title='bbox 1269 1157 1426 1217; x_wconf 88' lang='lat' dir='ltr'><strong>mala,</strong></span> <span class='ocrx_word' id='word_1_77' title='bbox 1462 1157 1646 1221; x_wconf 90' lang='lat' dir='ltr'><strong>inquit,</strong></span> <span class='ocrx_word' id='word_1_78' title='bbox 1679 1161 1883 1221; x_wconf 91' lang='lat' dir='ltr'><strong>porten-</strong></span> 
     </span>
     <span class='ocr_line' id='line_1_12' title="bbox 207 1230 1883 1302; baseline -0.004 -12"><span class='ocrx_word' id='word_1_79' title='bbox 207 1240 460 1301; x_wconf 87' lang='lat' dir='ltr'><strong>derentur,</strong></span> <span class='ocrx_word' id='word_1_80' title='bbox 493 1237 713 1299; x_wconf 88' lang='lat' dir='ltr'><strong>Troiani,</strong></span> <span class='ocrx_word' id='word_1_81' title='bbox 749 1244 888 1302; x_wconf 89' lang='lat' dir='ltr'><strong>puto,</strong></span> <span class='ocrx_word' id='word_1_82' title='bbox 924 1254 982 1286; x_wconf 91' lang='lat' dir='ltr'><strong>ea</strong></span> <span class='ocrx_word' id='word_1_83' title='bbox 1016 1238 1208 1301; x_wconf 88' lang='lat' dir='ltr'><strong>passuri</strong></span> <span class='ocrx_word' id='word_1_84' title='bbox 1242 1230 1370 1298; x_wconf 86' lang='lat' dir='ltr'><strong>sunt,</strong></span> <span class='ocrx_word' id='word_1_85' title='bbox 1406 1237 1491 1300; x_wconf 88' lang='lat' dir='ltr'><strong>qui</strong></span> <span class='ocrx_word' id='word_1_86' title='bbox 1523 1235 1792 1285; x_wconf 87' lang='lat' dir='ltr'><strong>intulerunt</strong></span> <span class='ocrx_word' id='word_1_87' title='bbox 1808 1237 1883 1284; x_wconf 91' lang='lat' dir='ltr'><strong>in-</strong></span> 
     </span>
     <span class='ocr_line' id='line_1_13' title="bbox 208 1315 1881 1382; baseline -0.003 -13"><span class='ocrx_word' id='word_1_88' title='bbox 208 1321 412 1382; x_wconf 88' lang='lat' dir='ltr'><strong>iuriam,</strong></span> <span class='ocrx_word' id='word_1_89' title='bbox 458 1335 554 1368; x_wconf 89' lang='lat' dir='ltr'><strong>non</strong></span> <span class='ocrx_word' id='word_1_90' title='bbox 601 1334 716 1378; x_wconf 88' lang='lat' dir='ltr'><strong>nos,</strong></span> <span class='ocrx_word' id='word_1_91' title='bbox 763 1319 844 1382; x_wconf 89' lang='lat' dir='ltr'><strong>qui</strong></span> <span class='ocrx_word' id='word_1_92' title='bbox 890 1318 1074 1366; x_wconf 86' lang='lat' dir='ltr'><strong>illatam</strong></span> <span class='ocrx_word' id='word_1_93' title='bbox 1121 1315 1453 1365; x_wconf 83' lang='lat' dir='ltr'><strong>defendimus.</strong></span> <span class='ocrx_word' id='word_1_94' title='bbox 1522 1316 1679 1365; x_wconf 89' lang='lat' dir='ltr'><strong>Decet</strong></span> <span class='ocrx_word' id='word_1_95' title='bbox 1718 1323 1881 1364; x_wconf 85' lang='lat' dir='ltr'><strong>autem</strong></span> 
     </span>
     <span class='ocr_line' id='line_1_14' title="bbox 208 1397 1883 1463; baseline -0.002 -14"><span class='ocrx_word' id='word_1_96' title='bbox 208 1401 385 1449; x_wconf 86' lang='lat' dir='ltr'><strong>orienti</strong></span> <span class='ocrx_word' id='word_1_97' title='bbox 431 1400 522 1448; x_wconf 90' lang='lat' dir='ltr'><strong>soli</strong></span> <span class='ocrx_word' id='word_1_98' title='bbox 569 1398 849 1463; x_wconf 88' lang='lat' dir='ltr'><strong>supplicare</strong></span> <span class='ocrx_word' id='word_1_99' title='bbox 883 1404 933 1446; x_wconf 88' lang='lat' dir='ltr'><strong>et</strong></span> <span class='ocrx_word' id='word_1_100' title='bbox 967 1398 1156 1463; x_wconf 90' lang='lat' dir='ltr'><strong>pullum</strong></span> <span class='ocrx_word' id='word_1_101' title='bbox 1191 1398 1238 1446; x_wconf 90' lang='lat' dir='ltr'><strong>ei</strong></span> <span class='ocrx_word' id='word_1_102' title='bbox 1273 1397 1533 1446; x_wconf 88' lang='lat' dir='ltr'><strong>candidum</strong></span> <span class='ocrx_word' id='word_1_103' title='bbox 1567 1397 1883 1446; x_wconf 89' lang='lat' dir='ltr'><strong>indomitum-</strong></span> 
     </span>
     <span class='ocr_line' id='line_1_15' title="bbox 208 1477 1884 1545; baseline -0.002 -16"><span class='ocrx_word' id='word_1_104' title='bbox 208 1496 308 1545; x_wconf 86' lang='lat' dir='ltr'><strong>que</strong></span> <span class='ocrx_word' id='word_1_105' title='bbox 354 1480 625 1528; x_wconf 89' lang='lat' dir='ltr'><strong>immolare.</strong></span> <span class='ocrx_word' id='word_1_106' title='bbox 693 1478 831 1527; x_wconf 88' lang='lat' dir='ltr'><strong>Haec</strong></span> <span class='ocrx_word' id='word_1_107' title='bbox 879 1494 989 1527; x_wconf 92' lang='lat' dir='ltr'><strong>cum</strong></span> <span class='ocrx_word' id='word_1_108' title='bbox 1025 1478 1220 1538; x_wconf 89' lang='lat' dir='ltr'><strong>Achivi,</strong></span> <span class='ocrx_word' id='word_1_109' title='bbox 1270 1478 1390 1528; x_wconf 82' lang='lat' dir='ltr'><strong>victi</strong></span> <span class='ocrx_word' id='word_1_110' title='bbox 1426 1479 1532 1527; x_wconf 91' lang='lat' dir='ltr'><strong>eius</strong></span> <span class='ocrx_word' id='word_1_111' title='bbox 1565 1477 1884 1544; x_wconf 82' lang='lat' dir='ltr'><strong>argumentis,</strong></span> 
     </span>
     <span class='ocr_line' id='line_1_16' title="bbox 206 1558 1885 1624; baseline -0.002 -15"><span class='ocrx_word' id='word_1_112' title='bbox 206 1561 598 1620; x_wconf 82' lang='lat' dir='ltr'><strong>collaudassent,</strong></span> <span class='ocrx_word' id='word_1_113' title='bbox 645 1575 939 1624; x_wconf 81' lang='lat' dir='ltr'><strong>progressus</strong></span> <span class='ocrx_word' id='word_1_114' title='bbox 974 1559 1024 1608; x_wconf 90' lang='lat' dir='ltr'><strong>in</strong></span> <span class='ocrx_word' id='word_1_115' title='bbox 1069 1559 1285 1608; x_wconf 91' lang='lat' dir='ltr'><strong>medium</strong></span> <span class='ocrx_word' id='word_1_116' title='bbox 1321 1558 1556 1623; x_wconf 82' lang='lat' dir='ltr'><strong>Ulysses,</strong></span> <span class='ocrx_word' id='word_1_117' title='bbox 1606 1574 1732 1623; x_wconf 90' lang='lat' dir='ltr'><strong>quae</strong></span> <span class='ocrx_word' id='word_1_118' title='bbox 1768 1558 1885 1623; x_wconf 87' lang='lat' dir='ltr'><strong>qui-</strong></span> 
     </span>
     <span class='ocr_line' id='line_1_17' title="bbox 205 1639 1884 1705; baseline -0.002 -16"><span class='ocrx_word' id='word_1_119' title='bbox 205 1640 339 1701; x_wconf 88' lang='lat' dir='ltr'><strong>dem,</strong></span> <span class='ocrx_word' id='word_1_120' title='bbox 374 1641 549 1705; x_wconf 88' lang='lat' dir='ltr'><strong>iuquit,</strong></span> <span class='ocrx_word' id='word_1_121' title='bbox 584 1640 866 1688; x_wconf 89' lang='lat' dir='ltr'><strong>sacrificare</strong></span> <span class='ocrx_word' id='word_1_122' title='bbox 895 1640 1112 1704; x_wconf 90' lang='lat' dir='ltr'><strong>quidque</strong></span> <span class='ocrx_word' id='word_1_123' title='bbox 1145 1639 1341 1704; x_wconf 88' lang='lat' dir='ltr'><strong>precari</strong></span> <span class='ocrx_word' id='word_1_124' title='bbox 1366 1640 1444 1687; x_wconf 88' lang='lat' dir='ltr'><strong>vel</strong></span> <span class='ocrx_word' id='word_1_125' title='bbox 1469 1655 1614 1703; x_wconf 90' lang='lat' dir='ltr'><strong>quem</strong></span> <span class='ocrx_word' id='word_1_126' title='bbox 1642 1643 1884 1702; x_wconf 86' lang='lat' dir='ltr'><strong>oporteat,</strong></span> 
     </span>
     <span class='ocr_line' id='line_1_18' title="bbox 208 1720 1883 1782; baseline -0.002 -12"><span class='ocrx_word' id='word_1_127' title='bbox 208 1720 420 1771; x_wconf 81' lang='lat' dir='ltr'><strong>Calchas</strong></span> <span class='ocrx_word' id='word_1_128' title='bbox 456 1721 681 1769; x_wconf 85' lang='lat' dir='ltr'><strong>docebit:</strong></span> <span class='ocrx_word' id='word_1_129' title='bbox 718 1721 901 1768; x_wconf 90' lang='lat' dir='ltr'><strong>etenim</strong></span> <span class='ocrx_word' id='word_1_130' title='bbox 935 1720 1237 1767; x_wconf 84' lang='lat' dir='ltr'><strong>divinationis</strong></span> <span class='ocrx_word' id='word_1_131' title='bbox 1260 1725 1373 1767; x_wconf 71' lang='lat' dir='ltr'><strong>suut</strong></span> <span class='ocrx_word' id='word_1_132' title='bbox 1397 1720 1538 1778; x_wconf 84' lang='lat' dir='ltr'><strong>talia3</strong></span> <span class='ocrx_word' id='word_1_133' title='bbox 1569 1734 1695 1782; x_wconf 87' lang='lat' dir='ltr'><strong>quae</strong></span> <span class='ocrx_word' id='word_1_134' title='bbox 1718 1724 1883 1767; x_wconf 89' lang='lat' dir='ltr'><strong>autem</strong></span> 
     </span>
     <span class='ocr_line' id='line_1_19' title="bbox 207 1799 1884 1865; baseline 0.001 -17"><span class='ocrx_word' id='word_1_135' title='bbox 207 1801 259 1849; x_wconf 90' lang='lat' dir='ltr'><strong>in</strong></span> <span class='ocrx_word' id='word_1_136' title='bbox 281 1802 422 1850; x_wconf 86' lang='lat' dir='ltr'><strong>coelo</strong></span> <span class='ocrx_word' id='word_1_137' title='bbox 457 1807 691 1865; x_wconf 82' lang='lat' dir='ltr'><strong>gerantur</strong></span> <span class='ocrx_word' id='word_1_138' title='bbox 726 1808 776 1848; x_wconf 86' lang='lat' dir='ltr'><strong>et</strong></span> <span class='ocrx_word' id='word_1_139' title='bbox 811 1799 894 1863; x_wconf 89' lang='lat' dir='ltr'><strong>qui</strong></span> <span class='ocrx_word' id='word_1_140' title='bbox 928 1799 991 1847; x_wconf 86' lang='lat' dir='ltr'><strong>sit</strong></span> <span class='ocrx_word' id='word_1_141' title='bbox 1026 1800 1245 1847; x_wconf 89' lang='lat' dir='ltr'><strong>siderum</strong></span> <span class='ocrx_word' id='word_1_142' title='bbox 1271 1800 1347 1847; x_wconf 87' lang='lat' dir='ltr'><strong>vel</strong></span> <span class='ocrx_word' id='word_1_143' title='bbox 1371 1800 1494 1848; x_wconf 89' lang='lat' dir='ltr'><strong>ordo</strong></span> <span class='ocrx_word' id='word_1_144' title='bbox 1524 1799 1600 1847; x_wconf 86' lang='lat' dir='ltr'><strong>vel</strong></span> <span class='ocrx_word' id='word_1_145' title='bbox 1624 1801 1884 1863; x_wconf 89' lang='lat' dir='ltr'><strong>perturba-</strong></span> 
     </span>
     <span class='ocr_line' id='line_1_20' title="bbox 208 1878 1885 1945; baseline 0.001 -17"><span class='ocrx_word' id='word_1_146' title='bbox 208 1880 296 1941; x_wconf 89' lang='lat' dir='ltr'><strong>tio,</strong></span> <span class='ocrx_word' id='word_1_147' title='bbox 330 1880 516 1945; x_wconf 86' lang='lat' dir='ltr'><strong>Iupiter</strong></span> <span class='ocrx_word' id='word_1_148' title='bbox 541 1881 693 1940; x_wconf 88' lang='lat' dir='ltr'><strong>novit,</strong></span> <span class='ocrx_word' id='word_1_149' title='bbox 729 1896 758 1927; x_wconf 88' lang='lat' dir='ltr'><strong>a</strong></span> <span class='ocrx_word' id='word_1_150' title='bbox 792 1895 889 1942; x_wconf 90' lang='lat' dir='ltr'><strong>quo</strong></span> <span class='ocrx_word' id='word_1_151' title='bbox 920 1878 1044 1927; x_wconf 90' lang='lat' dir='ltr'><strong>haec</strong></span> <span class='ocrx_word' id='word_1_152' title='bbox 1069 1879 1303 1928; x_wconf 89' lang='lat' dir='ltr'><strong>distincta</strong></span> <span class='ocrx_word' id='word_1_153' title='bbox 1325 1886 1378 1928; x_wconf 91' lang='lat' dir='ltr'><strong>et</strong></span> <span class='ocrx_word' id='word_1_154' title='bbox 1402 1881 1600 1928; x_wconf 84' lang='lat' dir='ltr'><strong>inventa</strong></span> <span class='ocrx_word' id='word_1_155' title='bbox 1625 1883 1755 1929; x_wconf 87' lang='lat' dir='ltr'><strong>sunt.</strong></span> <span class='ocrx_word' id='word_1_156' title='bbox 1806 1878 1885 1929; x_wconf 90' lang='lat' dir='ltr'><strong>Tu</strong></span> 
     </span>
     <span class='ocr_line' id='line_1_21' title="bbox 209 1951 1887 2023; baseline 0.001 -15"><span class='ocrx_word' id='word_1_157' title='bbox 209 1976 352 2022; x_wconf 87' lang='lat' dir='ltr'><strong>vero,</strong></span> <span class='ocrx_word' id='word_1_158' title='bbox 388 1959 703 2020; x_wconf 83' lang='lat' dir='ltr'><strong>Palamedes,</strong></span> <span class='ocrx_word' id='word_1_159' title='bbox 740 1960 975 2023; x_wconf 87' lang='lat' dir='ltr'><strong>pauciora</strong></span> <span class='ocrx_word' id='word_1_160' title='bbox 1008 1961 1296 2022; x_wconf 84' lang='lat' dir='ltr'><strong>nugaberis,</strong></span> <span class='ocrx_word' id='word_1_161' title='bbox 1346 1961 1389 2008; x_wconf 90' lang='lat' dir='ltr'><strong>si</strong></span> <span class='ocrx_word' id='word_1_162' title='bbox 1422 1951 1743 2010; x_wconf 86' lang='lat' dir='ltr'><strong>terrestribus</strong></span> <span class='ocrx_word' id='word_1_163' title='bbox 1777 1976 1887 2010; x_wconf 89' lang='lat' dir='ltr'><strong>ma-</strong></span> 
     </span>
     <span class='ocr_line' id='line_1_22' title="bbox 208 2039 1887 2104; baseline 0.002 -17"><span class='ocrx_word' id='word_1_164' title='bbox 208 2039 284 2104; x_wconf 80' lang='lat' dir='ltr'><strong>gis</strong></span> <span class='ocrx_word' id='word_1_165' title='bbox 335 2041 550 2089; x_wconf 90' lang='lat' dir='ltr'><strong>animum</strong></span> <span class='ocrx_word' id='word_1_166' title='bbox 586 2040 889 2101; x_wconf 90' lang='lat' dir='ltr'><strong>intenderis,</strong></span> <span class='ocrx_word' id='word_1_167' title='bbox 943 2055 1088 2102; x_wconf 89' lang='lat' dir='ltr'><strong>quam</strong></span> <span class='ocrx_word' id='word_1_168' title='bbox 1123 2040 1358 2088; x_wconf 89' lang='lat' dir='ltr'><strong>coelestia</strong></span> <span class='ocrx_word' id='word_1_169' title='bbox 1392 2041 1726 2090; x_wconf 87' lang='lat' dir='ltr'><strong>meditaberis.</strong></span> <span class='ocrx_word' id='word_1_170' title='bbox 1794 2040 1887 2090; x_wconf 85' lang='lat' dir='ltr'><strong>Cui</strong></span> 
     </span>
     <span class='ocr_line' id='line_1_23' title="bbox 209 2119 1887 2186; baseline 0.001 -18"><span class='ocrx_word' id='word_1_171' title='bbox 209 2120 515 2184; x_wconf 84' lang='lat' dir='ltr'><strong>respondens</strong></span> <span class='ocrx_word' id='word_1_172' title='bbox 551 2119 871 2179; x_wconf 86' lang='lat' dir='ltr'><strong>Palamedes,</strong></span> <span class='ocrx_word' id='word_1_173' title='bbox 909 2120 980 2178; x_wconf 90' lang='lat' dir='ltr'><strong>si,</strong></span> <span class='ocrx_word' id='word_1_174' title='bbox 1014 2120 1189 2183; x_wconf 90' lang='lat' dir='ltr'><strong>inquit,</strong></span> <span class='ocrx_word' id='word_1_175' title='bbox 1226 2121 1423 2185; x_wconf 83' lang='lat' dir='ltr'><strong>sapiens</strong></span> <span class='ocrx_word' id='word_1_176' title='bbox 1458 2137 1622 2182; x_wconf 76' lang='lat' dir='ltr'><strong>esse8‚</strong></span> <span class='ocrx_word' id='word_1_177' title='bbox 1658 2121 1887 2186; x_wconf 86' lang='lat' dir='ltr'><strong>Ulysses,</strong></span> 
     </span>
     <span class='ocr_line' id='line_1_24' title="bbox 208 2199 1886 2267; baseline 0.002 -20"><span class='ocrx_word' id='word_1_178' title='bbox 208 2199 539 2248; x_wconf 83' lang='lat' dir='ltr'><strong>intellexisses</strong></span> <span class='ocrx_word' id='word_1_179' title='bbox 573 2201 816 2248; x_wconf 89' lang='lat' dir='ltr'><strong>neminem</strong></span> <span class='ocrx_word' id='word_1_180' title='bbox 846 2199 909 2247; x_wconf 90' lang='lat' dir='ltr'><strong>de</strong></span> <span class='ocrx_word' id='word_1_181' title='bbox 934 2200 1235 2249; x_wconf 89' lang='lat' dir='ltr'><strong>coelestibus</strong></span> <span class='ocrx_word' id='word_1_182' title='bbox 1258 2202 1531 2265; x_wconf 86' lang='lat' dir='ltr'><strong>prudenter</strong></span> <span class='ocrx_word' id='word_1_183' title='bbox 1553 2218 1702 2267; x_wconf 89' lang='lat' dir='ltr'><strong>posse</strong></span> <span class='ocrx_word' id='word_1_184' title='bbox 1727 2202 1886 2250; x_wconf 88' lang='lat' dir='ltr'><strong>disse-</strong></span> 
     </span>
     <span class='ocr_line' id='line_1_25' title="bbox 207 2280 1888 2347; baseline 0.001 -19"><span class='ocrx_word' id='word_1_185' title='bbox 207 2295 338 2342; x_wconf 86' lang='lat' dir='ltr'><strong>rere,</strong></span> <span class='ocrx_word' id='word_1_186' title='bbox 375 2281 489 2345; x_wconf 88' lang='lat' dir='ltr'><strong>quin</strong></span> <span class='ocrx_word' id='word_1_187' title='bbox 523 2281 677 2328; x_wconf 88' lang='lat' dir='ltr'><strong>multo</strong></span> <span class='ocrx_word' id='word_1_188' title='bbox 713 2280 854 2344; x_wconf 89' lang='lat' dir='ltr'><strong>plura</strong></span> <span class='ocrx_word' id='word_1_189' title='bbox 889 2280 952 2327; x_wconf 90' lang='lat' dir='ltr'><strong>de</strong></span> <span class='ocrx_word' id='word_1_190' title='bbox 987 2281 1307 2329; x_wconf 87' lang='lat' dir='ltr'><strong>terrestribus</strong></span> <span class='ocrx_word' id='word_1_191' title='bbox 1343 2287 1619 2347; x_wconf 83' lang='lat' dir='ltr'><strong>cognosset.</strong></span> <span class='ocrx_word' id='word_1_192' title='bbox 1690 2281 1767 2330; x_wconf 87' lang='lat' dir='ltr'><strong>Te</strong></span> <span class='ocrx_word' id='word_1_193' title='bbox 1801 2298 1888 2330; x_wconf 90' lang='lat' dir='ltr'><strong>au-</strong></span> 
     </span>
     <span class='ocr_line' id='line_1_26' title="bbox 206 2361 1889 2412; baseline 0.001 -3"><span class='ocrx_word' id='word_1_194' title='bbox 206 2365 309 2409; x_wconf 89' lang='lat' dir='ltr'><strong>tem</strong></span> <span class='ocrx_word' id='word_1_195' title='bbox 342 2361 419 2409; x_wconf 91' lang='lat' dir='ltr'><strong>his</strong></span> <span class='ocrx_word' id='word_1_196' title='bbox 455 2361 673 2409; x_wconf 86' lang='lat' dir='ltr'><strong>deficere</strong></span> <span class='ocrx_word' id='word_1_197' title='bbox 700 2376 796 2409; x_wconf 90' lang='lat' dir='ltr'><strong>non</strong></span> <span class='ocrx_word' id='word_1_198' title='bbox 830 2362 999 2409; x_wconf 88' lang='lat' dir='ltr'><strong>miror.</strong></span> <span class='ocrx_word' id='word_1_199' title='bbox 1057 2361 1206 2409; x_wconf 90' lang='lat' dir='ltr'><strong>Aiunt</strong></span> <span class='ocrx_word' id='word_1_200' title='bbox 1225 2362 1356 2410; x_wconf 90' lang='lat' dir='ltr'><strong>enim</strong></span> <span class='ocrx_word' id='word_1_201' title='bbox 1382 2363 1518 2410; x_wconf 83' lang='lat' dir='ltr'><strong>vobis</strong></span> <span class='ocrx_word' id='word_1_202' title='bbox 1547 2362 1889 2412; x_wconf 89' lang='lat' dir='ltr'><strong>Ithacensibus</strong></span> 
     </span>
     <span class='ocr_line' id='line_1_27' title="bbox 206 2440 1888 2508; baseline 0.001 -18"><span class='ocrx_word' id='word_1_203' title='bbox 206 2456 370 2505; x_wconf 88' lang='lat' dir='ltr'><strong>neque</strong></span> <span class='ocrx_word' id='word_1_204' title='bbox 415 2441 564 2489; x_wconf 89' lang='lat' dir='ltr'><strong>horas</strong></span> <span class='ocrx_word' id='word_1_205' title='bbox 613 2457 730 2489; x_wconf 90' lang='lat' dir='ltr'><strong>esse</strong></span> <span class='ocrx_word' id='word_1_206' title='bbox 777 2457 938 2504; x_wconf 89' lang='lat' dir='ltr'><strong>neque</strong></span> <span class='ocrx_word' id='word_1_207' title='bbox 981 2440 1227 2492; x_wconf 87' lang='lat' dir='ltr'><strong>tellurem.</strong></span> <span class='ocrx_word' id='word_1_208' title='bbox 1297 2442 1416 2491; x_wconf 91' lang='lat' dir='ltr'><strong>Inde</strong></span> <span class='ocrx_word' id='word_1_209' title='bbox 1449 2443 1656 2508; x_wconf 84' lang='lat' dir='ltr'><strong>Ulysses</strong></span> <span class='ocrx_word' id='word_1_210' title='bbox 1691 2444 1888 2508; x_wconf 90' lang='lat' dir='ltr'><strong>quidem</strong></span> 
     </span>
     <span class='ocr_line' id='line_1_28' title="bbox 208 2521 1886 2584; baseline 0 -14"><span class='ocrx_word' id='word_1_211' title='bbox 208 2521 441 2571; x_wconf 87' lang='lat' dir='ltr'><strong>discessit</strong></span> <span class='ocrx_word' id='word_1_212' title='bbox 486 2521 557 2568; x_wconf 89' lang='lat' dir='ltr'><strong>ira</strong></span> <span class='ocrx_word' id='word_1_213' title='bbox 591 2521 795 2584; x_wconf 88' lang='lat' dir='ltr'><strong>plenus,</strong></span> <span class='ocrx_word' id='word_1_214' title='bbox 844 2521 1138 2570; x_wconf 86' lang='lat' dir='ltr'><strong>Palamedes</strong></span> <span class='ocrx_word' id='word_1_215' title='bbox 1172 2527 1367 2582; x_wconf 86' lang='lat' dir='ltr'><strong>autem,</strong></span> <span class='ocrx_word' id='word_1_216' title='bbox 1402 2528 1458 2571; x_wconf 88' lang='lat' dir='ltr'><strong>ut</strong></span> <span class='ocrx_word' id='word_1_217' title='bbox 1491 2524 1728 2573; x_wconf 87' lang='lat' dir='ltr'><strong>adversus</strong></span> <span class='ocrx_word' id='word_1_218' title='bbox 1764 2523 1886 2571; x_wconf 90' lang='lat' dir='ltr'><strong>invi—</strong></span> 
     </span>
     <span class='ocr_line' id='line_1_29' title="bbox 210 2591 1887 2667; baseline 0.001 -18"><span class='ocrx_word' id='word_1_219' title='bbox 210 2601 429 2660; x_wconf 88' lang='lat' dir='ltr'><strong>dentem,</strong></span> <span class='ocrx_word' id='word_1_220' title='bbox 471 2602 566 2649; x_wconf 88' lang='lat' dir='ltr'><strong>iam</strong></span> <span class='ocrx_word' id='word_1_221' title='bbox 603 2618 658 2649; x_wconf 88' lang='lat' dir='ltr'><strong>se</strong></span> <span class='ocrx_word' id='word_1_222' title='bbox 693 2602 859 2666; x_wconf 92' lang='lat' dir='ltr'><strong>ipsum</strong></span> <span class='ocrx_word' id='word_1_223' title='bbox 895 2591 1210 2667; x_wconf 85' lang='lat' dir='ltr'><strong>praeparans.</strong></span> <span class='ocrx_word' id='word_1_224' title='bbox 1282 2603 1478 2651; x_wconf 85' lang='lat' dir='ltr'><strong>Accidit</strong></span> <span class='ocrx_word' id='word_1_225' title='bbox 1510 2611 1692 2664; x_wconf 87' lang='lat' dir='ltr'><strong>autem,</strong></span> <span class='ocrx_word' id='word_1_226' title='bbox 1729 2603 1887 2652; x_wconf 85' lang='lat' dir='ltr'><strong>Grae-</strong></span> 
     </span>
     <span class='ocr_line' id='line_1_30' title="bbox 210 2681 1888 2746; baseline 0.002 -17"><span class='ocrx_word' id='word_1_227' title='bbox 210 2681 283 2729; x_wconf 88' lang='lat' dir='ltr'><strong>cis</strong></span> <span class='ocrx_word' id='word_1_228' title='bbox 328 2682 378 2730; x_wconf 89' lang='lat' dir='ltr'><strong>in</strong></span> <span class='ocrx_word' id='word_1_229' title='bbox 425 2681 709 2730; x_wconf 90' lang='lat' dir='ltr'><strong>concionem</strong></span> <span class='ocrx_word' id='word_1_230' title='bbox 744 2683 959 2742; x_wconf 82' lang='lat' dir='ltr'><strong>vocatis,</strong></span> <span class='ocrx_word' id='word_1_231' title='bbox 1008 2688 1063 2731; x_wconf 89' lang='lat' dir='ltr'><strong>ut</strong></span> <span class='ocrx_word' id='word_1_232' title='bbox 1107 2699 1254 2746; x_wconf 78' lang='lat' dir='ltr'><strong>grues</strong></span> <span class='ocrx_word' id='word_1_233' title='bbox 1303 2684 1444 2732; x_wconf 76' lang='lat' dir='ltr'><strong>solito</strong></span> <span class='ocrx_word' id='word_1_234' title='bbox 1477 2684 1700 2733; x_wconf 88' lang='lat' dir='ltr'><strong>volarent</strong></span> <span class='ocrx_word' id='word_1_235' title='bbox 1734 2698 1888 2733; x_wconf 86' lang='lat' dir='ltr'><strong>more.</strong></span> 
     </span>
     <span class='ocr_line' id='line_1_31' title="bbox 211 2760 1888 2830; baseline 0.002 -21"><span class='ocrx_word' id='word_1_236' title='bbox 211 2760 283 2810; x_wconf 90' lang='lat' dir='ltr'><strong>lbi</strong></span> <span class='ocrx_word' id='word_1_237' title='bbox 317 2761 525 2824; x_wconf 85' lang='lat' dir='ltr'><strong>Ulysses</strong></span> <span class='ocrx_word' id='word_1_238' title='bbox 561 2761 874 2811; x_wconf 88' lang='lat' dir='ltr'><strong>Palamedem</strong></span> <span class='ocrx_word' id='word_1_239' title='bbox 908 2764 1213 2827; x_wconf 82' lang='lat' dir='ltr'><strong>adspiciens,</strong></span> <span class='ocrx_word' id='word_1_240' title='bbox 1248 2780 1423 2830; x_wconf 83' lang='lat' dir='ltr'><strong>grues,</strong></span> <span class='ocrx_word' id='word_1_241' title='bbox 1455 2765 1644 2828; x_wconf 88' lang='lat' dir='ltr'><strong>inquit,</strong></span> <span class='ocrx_word' id='word_1_242' title='bbox 1681 2762 1888 2812; x_wconf 84' lang='lat' dir='ltr'><strong>Graecis</strong></span> 
     </span>
     <span class='ocr_line' id='line_1_32' title="bbox 211 2843 1889 2910; baseline 0.002 -21"><span class='ocrx_word' id='word_1_243' title='bbox 211 2845 454 2889; x_wconf 86' lang='lat' dir='ltr'><strong>testantur</strong></span> <span class='ocrx_word' id='word_1_244' title='bbox 487 2856 561 2902; x_wconf 89' lang='lat' dir='ltr'><strong>se,</strong></span> <span class='ocrx_word' id='word_1_245' title='bbox 598 2857 694 2890; x_wconf 90' lang='lat' dir='ltr'><strong>non</strong></span> <span class='ocrx_word' id='word_1_246' title='bbox 729 2849 795 2905; x_wconf 92' lang='lat' dir='ltr'><strong>te,</strong></span> <span class='ocrx_word' id='word_1_247' title='bbox 831 2843 1018 2892; x_wconf 82' lang='lat' dir='ltr'><strong>litteras</strong></span> <span class='ocrx_word' id='word_1_248' title='bbox 1053 2845 1324 2893; x_wconf 86' lang='lat' dir='ltr'><strong>invenisse:</strong></span> <span class='ocrx_word' id='word_1_249' title='bbox 1361 2851 1410 2893; x_wconf 90' lang='lat' dir='ltr'><strong>et</strong></span> <span class='ocrx_word' id='word_1_250' title='bbox 1436 2843 1741 2906; x_wconf 88' lang='lat' dir='ltr'><strong>Palamedes,</strong></span> <span class='ocrx_word' id='word_1_251' title='bbox 1778 2860 1889 2910; x_wconf 83' lang='lat' dir='ltr'><strong>ego,</strong></span> 
     </span>
     <span class='ocr_line' id='line_1_33' title="bbox 209 2919 1886 2989; baseline 0.003 -21"><span class='ocrx_word' id='word_1_252' title='bbox 209 2921 384 2984; x_wconf 87' lang='lat' dir='ltr'><strong>lnquit,</strong></span> <span class='ocrx_word' id='word_1_253' title='bbox 418 2919 607 2969; x_wconf 89' lang='lat' dir='ltr'><strong>litteras</strong></span> <span class='ocrx_word' id='word_1_254' title='bbox 631 2924 834 2972; x_wconf 87' lang='lat' dir='ltr'><strong>minime</strong></span> <span class='ocrx_word' id='word_1_255' title='bbox 861 2924 1039 2987; x_wconf 84' lang='lat' dir='ltr'><strong>inveni,</strong></span> <span class='ocrx_word' id='word_1_256' title='bbox 1076 2942 1247 2974; x_wconf 87' lang='lat' dir='ltr'><strong>verum</strong></span> <span class='ocrx_word' id='word_1_257' title='bbox 1275 2926 1334 2973; x_wconf 89' lang='lat' dir='ltr'><strong>ab</strong></span> <span class='ocrx_word' id='word_1_258' title='bbox 1357 2925 1481 2989; x_wconf 88' lang='lat' dir='ltr'><strong>ipsis</strong></span> <span class='ocrx_word' id='word_1_259' title='bbox 1507 2926 1730 2974; x_wconf 88' lang='lat' dir='ltr'><strong>inventus</strong></span> <span class='ocrx_word' id='word_1_260' title='bbox 1760 2940 1886 2974; x_wconf 89' lang='lat' dir='ltr'><strong>sum.</strong></span> 
     </span>
     <span class='ocr_line' id='line_1_34' title="bbox 210 3000 1888 3055; baseline 0.003 -6"><span class='ocrx_word' id='word_1_261' title='bbox 210 3000 410 3049; x_wconf 90' lang='lat' dir='ltr'><strong>Pridem</strong></span> <span class='ocrx_word' id='word_1_262' title='bbox 447 3002 575 3048; x_wconf 86' lang='lat' dir='ltr'><strong>enim</strong></span> <span class='ocrx_word' id='word_1_263' title='bbox 611 3003 660 3049; x_wconf 90' lang='lat' dir='ltr'><strong>in</strong></span> <span class='ocrx_word' id='word_1_264' title='bbox 690 3003 944 3053; x_wconf 87' lang='lat' dir='ltr'><strong>Musarum</strong></span> <span class='ocrx_word' id='word_1_265' title='bbox 980 3007 1229 3054; x_wconf 90' lang='lat' dir='ltr'><strong>domicilio</strong></span> <span class='ocrx_word' id='word_1_266' title='bbox 1266 3006 1390 3054; x_wconf 91' lang='lat' dir='ltr'><strong>sitae</strong></span> <span class='ocrx_word' id='word_1_267' title='bbox 1417 3005 1696 3055; x_wconf 89' lang='lat' dir='ltr'><strong>huiusmodi</strong></span> <span class='ocrx_word' id='word_1_268' title='bbox 1728 3005 1888 3054; x_wconf 87' lang='lat' dir='ltr'><strong>virum</strong></span> 
     </span>
     <span class='ocr_line' id='line_1_35' title="bbox 210 3081 1886 3150; baseline 0.004 -21"><span class='ocrx_word' id='word_1_269' title='bbox 210 3081 582 3140; x_wconf 81' lang='lat' dir='ltr'><strong>desiderabant3</strong></span> <span class='ocrx_word' id='word_1_270' title='bbox 618 3083 687 3129; x_wconf 91' lang='lat' dir='ltr'><strong>dii</strong></span> <span class='ocrx_word' id='word_1_271' title='bbox 722 3090 886 3132; x_wconf 91' lang='lat' dir='ltr'><strong>autem</strong></span> <span class='ocrx_word' id='word_1_272' title='bbox 919 3087 1032 3133; x_wconf 86' lang='lat' dir='ltr'><strong>talia</strong></span> <span class='ocrx_word' id='word_1_273' title='bbox 1067 3104 1158 3150; x_wconf 89' lang='lat' dir='ltr'><strong>per</strong></span> <span class='ocrx_word' id='word_1_274' title='bbox 1193 3086 1326 3134; x_wconf 87' lang='lat' dir='ltr'><strong>viros</strong></span> <span class='ocrx_word' id='word_1_275' title='bbox 1362 3088 1613 3150; x_wconf 86' lang='lat' dir='ltr'><strong>sapientes</strong></span> <span class='ocrx_word' id='word_1_276' title='bbox 1644 3087 1694 3135; x_wconf 91' lang='lat' dir='ltr'><strong>in</strong></span> <span class='ocrx_word' id='word_1_277' title='bbox 1725 3086 1886 3135; x_wconf 91' lang='lat' dir='ltr'><strong>lucem</strong></span> 
     </span>
     <span class='ocr_line' id='line_1_36' title="bbox 212 3161 1890 3231; baseline 0.002 -22"><span class='ocrx_word' id='word_1_278' title='bbox 212 3161 378 3209; x_wconf 88' lang='lat' dir='ltr'><strong>edunt.</strong></span> <span class='ocrx_word' id='word_1_279' title='bbox 437 3162 610 3225; x_wconf 86' lang='lat' dir='ltr'><strong>Neque</strong></span> <span class='ocrx_word' id='word_1_280' title='bbox 647 3179 764 3211; x_wconf 87' lang='lat' dir='ltr'><strong>vero</strong></span> <span class='ocrx_word' id='word_1_281' title='bbox 798 3164 987 3215; x_wconf 86' lang='lat' dir='ltr'><strong>litteras</strong></span> <span class='ocrx_word' id='word_1_282' title='bbox 1023 3167 1118 3214; x_wconf 90' lang='lat' dir='ltr'><strong>sibi</strong></span> <span class='ocrx_word' id='word_1_283' title='bbox 1151 3183 1299 3231; x_wconf 82' lang='lat' dir='ltr'><strong>grues</strong></span> <span class='ocrx_word' id='word_1_284' title='bbox 1335 3167 1598 3227; x_wconf 80' lang='lat' dir='ltr'><strong>vindicant,</strong></span> <span class='ocrx_word' id='word_1_285' title='bbox 1635 3167 1721 3215; x_wconf 85' lang='lat' dir='ltr'><strong>sed</strong></span> <span class='ocrx_word' id='word_1_286' title='bbox 1758 3165 1890 3214; x_wconf 90' lang='lat' dir='ltr'><strong>ordi-</strong></span> 
     </span>
     <span class='ocr_line' id='line_1_37' title="bbox 214 3242 1887 3312; baseline 0.003 -25"><span class='ocrx_word' id='word_1_287' title='bbox 214 3255 325 3288; x_wconf 89' lang='lat' dir='ltr'><strong>nem</strong></span> <span class='ocrx_word' id='word_1_288' title='bbox 377 3242 720 3292; x_wconf 89' lang='lat' dir='ltr'><strong>commendant</strong></span> <span class='ocrx_word' id='word_1_289' title='bbox 754 3244 928 3293; x_wconf 81' lang='lat' dir='ltr'><strong>volatu.</strong></span> <span class='ocrx_word' id='word_1_290' title='bbox 998 3247 1051 3294; x_wconf 92' lang='lat' dir='ltr'><strong>In</strong></span> <span class='ocrx_word' id='word_1_291' title='bbox 1090 3247 1293 3310; x_wconf 84' lang='lat' dir='ltr'><strong>Libyam</strong></span> <span class='ocrx_word' id='word_1_292' title='bbox 1330 3249 1457 3296; x_wconf 90' lang='lat' dir='ltr'><strong>enim</strong></span> <span class='ocrx_word' id='word_1_293' title='bbox 1492 3248 1887 3312; x_wconf 85' lang='lat' dir='ltr'><strong>proficiscuntur,</strong></span> 
     </span>
     <span class='ocr_line' id='line_1_38' title="bbox 214 3320 1888 3386; baseline 0.004 -20"><span class='ocrx_word' id='word_1_294' title='bbox 214 3320 395 3368; x_wconf 93' lang='lat' dir='ltr'><strong>bellum</strong></span> <span class='ocrx_word' id='word_1_295' title='bbox 462 3323 623 3386; x_wconf 90' lang='lat' dir='ltr'><strong>parvis</strong></span> <span class='ocrx_word' id='word_1_296' title='bbox 690 3324 969 3374; x_wconf 87' lang='lat' dir='ltr'><strong>bominibus</strong></span> <span class='ocrx_word' id='word_1_297' title='bbox 1031 3328 1270 3375; x_wconf 89' lang='lat' dir='ltr'><strong>illaturae.</strong></span> <span class='ocrx_word' id='word_1_298' title='bbox 1349 3327 1429 3376; x_wconf 88' lang='lat' dir='ltr'><strong>Tu</strong></span> <span class='ocrx_word' id='word_1_299' title='bbox 1484 3334 1649 3377; x_wconf 90' lang='lat' dir='ltr'><strong>autem</strong></span> <span class='ocrx_word' id='word_1_300' title='bbox 1703 3325 1888 3374; x_wconf 91' lang='lat' dir='ltr'><strong>ordinis</strong></span> 
     </span>
     <span class='ocr_line' id='line_1_39' title="bbox 215 3399 1890 3472; baseline 0.002 -25"><span class='ocrx_word' id='word_1_301' title='bbox 215 3399 348 3449; x_wconf 89' lang='lat' dir='ltr'><strong>haud</strong></span> <span class='ocrx_word' id='word_1_302' title='bbox 382 3401 530 3450; x_wconf 88' lang='lat' dir='ltr'><strong>facile</strong></span> <span class='ocrx_word' id='word_1_303' title='bbox 565 3404 860 3453; x_wconf 90' lang='lat' dir='ltr'><strong>mentionem</strong></span> <span class='ocrx_word' id='word_1_304' title='bbox 895 3406 1078 3455; x_wconf 85' lang='lat' dir='ltr'><strong>feceris</strong></span> <span class='ocrx_word' id='word_1_305' title='bbox 1114 3415 1404 3472; x_wconf 88' lang='lat' dir='ltr'><strong>propterea,</strong></span> <span class='ocrx_word' id='word_1_306' title='bbox 1454 3408 1585 3472; x_wconf 90' lang='lat' dir='ltr'><strong>quod</strong></span> <span class='ocrx_word' id='word_1_307' title='bbox 1620 3406 1805 3455; x_wconf 91' lang='lat' dir='ltr'><strong>nullum</strong></span> <span class='ocrx_word' id='word_1_308' title='bbox 1838 3404 1890 3452; x_wconf 91' lang='lat' dir='ltr'><strong>in</strong></span> 
     </span>
     <span class='ocr_line' id='line_1_40' title="bbox 218 3480 1889 3539; baseline 0.003 -12"><span class='ocrx_word' id='word_1_309' title='bbox 218 3480 323 3529; x_wconf 88' lang='lat' dir='ltr'><strong>acie</strong></span> <span class='ocrx_word' id='word_1_310' title='bbox 358 3481 579 3532; x_wconf 88' lang='lat' dir='ltr'><strong>ordinem</strong></span> <span class='ocrx_word' id='word_1_311' title='bbox 614 3482 829 3534; x_wconf 79' lang='lat' dir='ltr'><strong>servas-’⁷</strong></span> <span class='ocrx_word' id='word_1_312' title='bbox 897 3485 1112 3537; x_wconf 83' lang='lat' dir='ltr'><strong>Easdem</strong></span> <span class='ocrx_word' id='word_1_313' title='bbox 1150 3488 1425 3539; x_wconf 90' lang='lat' dir='ltr'><strong>discordiae</strong></span> <span class='ocrx_word' id='word_1_314' title='bbox 1451 3502 1651 3539; x_wconf 83' lang='lat' dir='ltr'><strong>caussas</strong></span> <span class='ocrx_word' id='word_1_315' title='bbox 1675 3484 1889 3535; x_wconf 86' lang='lat' dir='ltr'><strong>Tzetzes</strong></span> 
     </span>
    </p>
   </div>
  </div>
 </body>
</html>
