2170 3866
1081 216 1207 277 504

290 379 617 430 respuamuS‚
666 364 848 431 quibus
892 363 1076 415 fabulis
1127 365 1236 416 sine
1283 366 1435 419 dubio
1481 367 1639 434 magis
1687 370 1990 424 comicorum

292 445 574 510 malignitas
609 461 758 510 quam
789 444 949 495 fatum
984 445 1238 512 Euripidis
1279 447 1605 512 significatur.
1672 448 1865 501 Locum
1899 460 1990 503 au-

289 529 392 574 tem
416 525 636 590 sepulcri
664 526 949 575 accuratius
974 526 1248 592 descripsit
1274 526 1535 577 Vitruvius
1562 527 1696 589 VIII,
1719 531 1767 580 3.
1789 546 1838 597 p.
1859 533 1958 582 31⁸1
1973 549 1990 583 2

291 604 381 667 „ln
428 604 729 656 Macedonia
787 621 885 670 quo
936 605 1036 656 loci
1085 607 1312 673 sepultus
1361 612 1441 656 est
1473 606 1767 673 Euripides,
1817 611 1990 663 dextra

287 700 347 734 ac
382 685 583 735 sinistra
616 685 952 749 monumenti,
987 687 1308 736 advenientes
1344 686 1445 737 duo
1479 687 1573 736 rivi
1608 695 1908 741 concurrunt
1939 691 1991 743 in

287 780 458 826 unum,
495 765 731 831 (quorum
760 767 928 831 alteri)
965 769 1319 817 accumbentes
1354 767 1574 816 viatores
1601 770 1879 834 pransitare
1907 786 1992 821 so-

288 843 395 894 lent
428 852 638 911 propter
671 863 827 911 aquae
861 847 1165 908 bonitatem3
1203 847 1265 896 ad
1299 848 1457 895 rivum
1492 853 1674 911 autem,
1712 852 1796 915 qui
1831 855 1909 900 est
1941 851 1992 902 iu

287 925 444 974 altera
476 932 621 991 parte
670 927 1008 987 monumenti,
1053 942 1202 976 nemo
1237 928 1464 986 accedit,
1509 929 1641 993 quod
1677 931 1990 982 mortiferam

287 1020 463 1069 aquam
519 1007 704 1057 dicitur
759 1004 998 1056 habere.”
1081 1005 1161 1055 Cf.
1199 1007 1323 1060 Plin.
1360 1007 1424 1056 H.
1460 1007 1522 1057 N.
1563 1007 1759 1071 XXXI,
1807 1013 1863 1074 1,
1909 1013 1990 1061 19.

287 1085 432 1134 Adde
466 1086 708 1136 Ammian.
752 1085 982 1136 Marcell.
1009 1086 1214 1137 XXVII.
1266 1104 1316 1152 p.
1353 1089 1483 1136 458:
1525 1087 1641 1149 „Ex
1686 1090 1867 1156 angulo
1910 1095 1990 1140 ta-

286 1181 402 1215 men
455 1167 683 1216 orientali
731 1165 1077 1216 Macedonicis
1126 1167 1346 1233 iungitur
1395 1167 1664 1218 collimitiis
1714 1185 1807 1234 per
1855 1178 1989 1222 artas

287 1247 692 1312 praecipitesque
725 1248 858 1308 vias,
905 1263 1034 1310 quae
1080 1249 1487 1312 cognominantur
1530 1248 1860 1299 Acontisura:
1911 1252 1990 1301 cui

287 1327 516 1391 proxima
550 1328 806 1377 Arethusa
839 1326 1077 1375 convallis
1114 1332 1165 1375 et
1187 1329 1354 1386 statio,
1389 1328 1440 1377 in
1467 1343 1564 1390 qua
1584 1329 1761 1378 visitur
1783 1330 1989 1397 Euripi-

288 1406 366 1456 dis
403 1407 711 1473 sepulcrum,
747 1407 1116 1470 tragoediarum
1144 1407 1450 1455 sublimitate
1483 1408 1757 1470 conspicui,
1793 1413 1847 1458 et
1871 1409 1988 1460 Sta-

286 1488 413 1553 gira,
448 1484 534 1536 {nbi
567 1487 890 1538 Aristotelem
925 1491 1091 1540 natum
1139 1485 1481 1552 accepimus.''
1549 1486 1666 1536 Sine
1704 1489 1855 1539 dubio
1891 1491 1986 1540 Ar-

288 1567 519 1630 chelaus,
570 1583 683 1616 cum
718 1568 858 1616 illum
894 1565 1129 1631 sepulcro
1166 1565 1329 1615 locum
1380 1565 1653 1631 deligeret,
1697 1569 1988 1622 recordatus

289 1653 371 1698 est
404 1664 636 1697 versuum
674 1647 737 1696 de
771 1645 1026 1696 Alcestide
1061 1646 1361 1711 scriptorum
1399 1646 1470 1711 (v.
1506 1646 1707 1710 1007.):

426 1725 559 1796 μηδὲ
591 1727 798 1794 νεκρῶν
833 1725 904 1787 ὡς
939 1722 1220 1791 φθιμένων
1253 1725 1405 1792 χῶμα
1437 1724 1737 1792 νομιζέσθω

427 1808 635 1875 τύμβος
700 1836 767 1847 ·—
833 1835 916 1871 -,
950 1809 1127 1857 θεοῖσι
1162 1805 1211 1858 δ’
1246 1805 1446 1873 ὁμοίως

423 1889 687 1956 τιμάσθω,
733 1885 939 1954 σέβας
973 1884 1320 1953 ἐμπόρων·

422 1971 515 2023 καί
554 1989 633 2032 τις
669 1968 897 2037 δοχμίαν
929 1966 1193 2021 κέλευθον

422 2050 697 2120 ἐμβαίνων
729 2048 843 2101 τάδ’
878 2045 1015 2116 ἐρεῖ·

425 2124 584 2194 οὗτός
617 2149 745 2184 ποτε
779 2134 889 2184 κτλ.

285 2214 357 2264 Et
403 2231 579 2265 revera
627 2215 770 2264 multi
815 2214 1060 2262 viatorum
1107 2212 1486 2265 admirationem
1533 2215 1629 2266 viri
1663 2220 1716 2264 et
1747 2215 1985 2281 pietatem

289 2311 430 2345 suam
481 2293 742 2344 testificati
779 2298 898 2342 sunt
940 2292 1100 2342 titulis
1134 2293 1184 2342 in
1218 2299 1538 2344 monumento
1574 2294 1804 2359 scriptiS‚
1850 2294 1988 2343 velut

286 2375 476 2426 hocce:

421 2452 488 2506 οὐ
522 2449 620 2504 σὸν
654 2454 841 2520 μνῆμα
874 2450 986 2504 τόδ’
1022 2446 1145 2514 ἔστ’,
1181 2450 1478 2518 Εὐριπίδη,
1528 2451 1661 2506 ἀλλὰ
1695 2446 1763 2504 σὺ
1795 2450 1984 2504 τοῦδε·

485 2539 553 2602 τῇ
588 2539 656 2602 σῇ
691 2532 795 2601 γὰρ
832 2532 959 2601 δόξῃ
995 2535 1179 2601 μνῆμα
1212 2531 1323 2584 τόδ’
1358 2531 1654 2601 ἀμπέχεται.

420 2617 647 2667 Alterum
709 2616 845 2666 Ionis
895 2615 975 2665 vel
1021 2615 1279 2681 lophontis
1330 2616 1636 2681 epigramma
1681 2616 1780 2665 hoc
1827 2613 1988 2665 fuisse

283 2696 448 2763 fertur
467 2715 483 2746 ε
612 2750 625 2756 ⁸

418 2778 586 2840 Χαῖρε
621 2772 1030 2843 μελαμπέπλοις,
1065 2772 1352 2841 Εὐριπίδη,
1388 2772 1448 2826 ἐν
1480 2773 1765 2840 γυάλοισιν

516 2856 754 2924 Πιερίας,
787 2856 884 2908 τὸν
918 2854 1000 2907 οὲεὶ
1035 2855 1253 2915 Νυκτὸς
1287 2853 1422 2921 ἔχων
1455 2854 1734 2921 θάλαμον·

415 2937 534 2990 ἰ’σθι
556 2937 623 3002 δ’,
657 2935 764 2990 ὑπὸ
797 2936 997 3005 χθονὸς
1025 2938 1118 3001 ὤν,
1156 2934 1236 2987 ὅτι
1259 2946 1346 2987 σοι
1384 2935 1534 2997 κλέος
1562 2939 1803 3004 ἄφθιτον
1822 2929 1985 2996 ἔσται,

515 3011 636 3071 ἴσον
658 3012 970 3084 ιὈμηρείαις
1004 3017 1217 3078 ἀενάοις
1250 3017 1484 3083 χάρισιν.

282 3101 358 3151 Ac
392 3101 463 3150 dii
497 3101 596 3165 ipsi
631 3101 963 3151 credebantur
998 3107 1137 3150 certo
1185 3100 1326 3165 signo
1373 3100 1617 3148 honorem
1654 3095 1876 3146 defuncti
1910 3094 1986 3143 di-

281 3182 446 3231 vinum
481 3182 799 3231 declarasse:
848 3186 931 3230 ter
974 3182 1106 3230 enim
1151 3179 1367 3228 fulmine
1402 3178 1530 3226 lovis
1578 3190 1870 3241 percussum
1903 3179 1985 3223 tu·

285 3262 475 3312 mulum
510 3262 620 3311 eius
655 3267 808 3326 atque
844 3266 1189 3311 consecratum
1227 3276 1341 3308 esse
1375 3258 1560 3307 Bianor
1594 3256 1859 3320 Bithynus,
1901 3252 1986 3317 qui

286 3342 367 3392 vel
401 3343 618 3408 Augusti
649 3341 729 3392 vel
763 3341 953 3392 Tiberii
987 3339 1298 3406 temporibus
1333 3339 1468 3401 vixit,
1502 3335 1751 3395 affirmat:
