2124 3860
1033 283 1155 340 376

265 435 463 485 fabulae
499 429 801 496 Euripideae
835 429 1014 480 referri
1046 429 1197 480 facile
1223 427 1533 494 intelligitur.
1597 429 1824 479 Latinum
1844 428 1943 479 hoc

265 514 435 564 drama
468 512 658 561 fecerat
692 511 874 561 Attius·

394 591 595 655 Prologi
641 591 847 640 materia
880 590 1006 638 haec
1055 587 1164 638 fuit.
1236 588 1623 654 ,‚Melanippen,
1658 587 1942 638 Desmontis

265 671 415 720 filiam
451 671 581 731 (sive
618 670 786 730 Aeoli,
823 675 889 720 ut
923 669 1038 717 alii
1074 675 1321 734 poetae
1356 666 1607 731 dicunt)
1643 666 1943 718 formosissi-

266 767 416 810 mam,
451 751 710 816 Neptunus
747 749 1066 815 compressit,
1105 765 1164 798 ex
1199 764 1292 813 qua
1325 748 1604 814 procreavit
1635 747 1766 796 filios
1800 748 1944 797 duos.

266 831 413 894 Quod
447 845 557 879 cum
595 829 888 878 Desmontes
923 829 1199 889 resciisset,
1237 828 1557 892 Melanippen
1583 827 1866 890 excaecavit
1895 831 1948 876 et

265 909 318 959 in
351 910 655 958 munimento
691 909 959 967 conclusit,
1008 909 1087 957 cui
1135 909 1296 957 cibum
1331 915 1477 972 atque
1513 914 1684 973 potum
1720 907 1947 970 exiguum

266 989 510 1053 praestari
554 988 728 1048 iussit,
786 988 999 1037 infantes
1053 994 1214 1036 autem
1258 988 1383 1037 feris
1433 987 1626 1052 proiici.
1694 985 1791 1049 Qui
1834 1001 1949 1035 cum

266 1067 480 1134 proiecti
516 1072 702 1125 essent,
737 1083 884 1116 vacca
917 1068 1103 1116 lactans
1137 1067 1365 1116 veniebat
1397 1067 1457 1116 ad
1482 1066 1699 1116 infantes
1723 1070 1774 1114 et
1797 1067 1950 1115 ubera

267 1148 585 1212 praestabat„
637 1147 782 1210 Quod
819 1164 933 1196 cum
981 1147 1268 1196 armentarii
1315 1147 1584 1204 vidissent,
1629 1144 1811 1194 tollunt
1846 1159 1950 1206 eos,

267 1230 326 1276 ut
359 1225 641 1276 educarent.
709 1227 911 1277 Interim
950 1226 1284 1291 Metapontus,
1319 1244 1406 1276 rex
1440 1226 1642 1285 Icariae,
1678 1241 1706 1273 a
1740 1223 1950 1288 coniuge

267 1303 475 1354 Theano
510 1309 744 1371 petebat,
792 1311 846 1356 ut
895 1307 989 1355 sibi
1023 1308 1206 1356 liberos
1240 1311 1530 1372 procrearet
1564 1311 1648 1355 aut
1680 1320 1832 1369 regno
1866 1320 1950 1355 ce-

266 1383 426 1433 deret.
495 1385 582 1434 llla
615 1387 793 1435 timens
826 1387 979 1435 mittit
1013 1386 1073 1434 ad
1110 1392 1351 1451 pastoreS,
1388 1392 1441 1433 ut
1472 1384 1950 1447 infantemaliquem

267 1464 599 1528 explicarent,
640 1482 784 1529 quem
831 1468 937 1529 regi
982 1466 1248 1514 subderet:
1300 1466 1381 1529 qui
1428 1465 1670 1513 miserunt
1713 1463 1839 1512 duos
1873 1463 1950 1511 in-

266 1548 454 1592 ventos.
507 1544 610 1593 Eos
638 1547 742 1610 regi
765 1545 1059 1609 Metaponto
1091 1561 1183 1608 pro
1211 1546 1310 1593 suis
1339 1544 1619 1609 supposuit.
1654 1543 1832 1592 Postea
1859 1559 1950 1591 au-

267 1625 367 1670 tem
402 1622 607 1672 Theano
642 1639 703 1672 ex
740 1624 1028 1690 Metaponto
1062 1626 1256 1689 peperit
1291 1624 1432 1673 duos.
1487 1623 1608 1672 Cum
1646 1629 1811 1671 autem
1838 1621 1951 1672 Me-

265 1705 499 1766 tapontus
548 1704 740 1767 priores
775 1704 937 1752 valide
972 1710 1175 1762 amaret,
1214 1705 1345 1769 quod
1378 1702 1730 1751 formosissimi
1764 1707 1952 1760 essent,

267 1781 474 1840 Theano
521 1784 814 1847 quaerebat,
866 1789 922 1832 ut
966 1799 1055 1832 eos
1102 1784 1306 1833 tolleret
1353 1788 1402 1832 et
1448 1783 1564 1831 filiis
1609 1782 1712 1832 suis
1746 1797 1952 1846 regnum

270 1863 538 1912 servaret.''

401 1942 755 2005 Desmontem,
803 1959 899 1992 non
945 1944 1185 2005 Aeolum,
1233 1960 1432 2008 regem,
1482 1945 1566 2008 qui
1611 1943 1661 1991 in
1699 1942 1796 1991 illis
1832 1941 1952 1990 locis

268 2022 553 2086 imperaret,
590 2023 649 2070 ab
684 2023 921 2088 Euripide
955 2025 1253 2088 appellatum
1289 2025 1446 2072 fuisse
1479 2040 1539 2073 ex
1573 2023 1755 2087 Hygini
1788 2021 1954 2071 verbis

271 2101 470 2164 colligo:
502 2103 709 2150 Aeolum
738 2105 880 2166 enim,
919 2104 1142 2152 Hellenis
1166 2105 1341 2164 filium,
1375 2102 1667 2151 Thessaliae
1690 2103 1795 2150 sive
1816 2102 1955 2149 Aeo·-

270 2178 368 2227 liae
391 2196 561 2244 regem
587 2198 698 2228 esse
726 2183 916 2231 dixerat
938 2190 1121 2231 noster.
1177 2184 1289 2240 Alii,
1317 2198 1427 2230 cum
1455 2183 1593 2231 Aeoli
1619 2182 1770 2229 filiam
1795 2180 1954 2228 fuisse

269 2256 603 2324 Melanippam
641 2260 947 2309 affirmarent
981 2277 1140 2323 neque
1183 2260 1475 2308 Thessaliae
1514 2276 1679 2323 regem
1715 2277 1742 2308 a
1778 2264 1953 2307 vento-

270 2352 377 2386 rum
406 2354 524 2401 rege
555 2340 930 2402 distinguerent,
964 2340 1095 2387 illam
1131 2339 1358 2387 volebant
1392 2339 1682 2403 Metaponto
1709 2338 1895 2402 hospiti
1926 2354 1954 2386 a

269 2422 412 2481 patre
457 2419 704 2468 venditam
755 2425 902 2483 atque
949 2418 1233 2467 in⁸1taliam
1277 2417 1569 2466 inferiorem
1617 2418 1953 2466 transductam

270 2512 410 2557 esse3
462 2496 527 2546 cs.
579 2497 780 2547 Diodor.
820 2500 851 2547 1.
889 2500 921 2549 l.
989 2497 1214 2548 Vinctam
1259 2497 1591 2561 Melanippum
1640 2515 1698 2546 an
1748 2497 1954 2546 eandem

272 2581 442 2626 noster
476 2593 620 2640 quam
657 2578 1003 2644 philosopham
1041 2595 1152 2628 esse
1186 2578 1411 2638 voluerit,
1451 2579 1734 2642 ambiguum
1777 2582 1869 2626 est.

402 2657 480 2705 Ad
516 2658 767 2707 docendos
803 2660 866 2708 de
903 2661 978 2708 his
1013 2660 1178 2719 rebuS,
1215 2673 1335 2721 quas
1370 2658 1646 2706 mortalium
1677 2672 1823 2705 nemo
1859 2656 1954 2704 sci-

271 2740 375 2798 ret,
427 2743 737 2801 spectatores
785 2755 909 2804 opus
944 2739 1040 2787 fuit
1089 2739 1200 2786 deo.
1268 2737 1323 2785 In
1366 2753 1424 2785 eo
1460 2738 1692 2802 prologo,
1744 2752 1855 2785 cum
1891 2736 1956 2784 de

271 2820 404 2865 terra
455 2822 508 2865 et
554 2833 705 2882 regno
741 2820 1016 2884 Metaponti
1062 2822 1420 2882 exponeretur,
1473 2817 1594 2866 Siris
1629 2817 1808 2865 fluvius
1844 2831 1955 2864 cum

271 2895 455 2959 oppido
490 2895 735 2947 Lucaniae
770 2903 1179 2947 commemoratus
1217 2903 1309 2956 est,
1346 2903 1474 2944 teste
1499 2897 1752 2945 Athenaeo
1777 2895 1881 2944 ΧΙΙ.
1905 2911 1953 2958 p.

273 2976 393 3024 523:
444 2971 736 3043 ὠνομάσθη
785 2977 832 3028 δ’
882 2977 917 3045 ἦ
963 2976 1142 3040 Σίρις,
1188 2974 1258 3035 ὡς
1307 2974 1405 3039 μὲν
1446 2975 1665 3040 Τίμαιός
1698 2983 1832 3040 φησι
1863 2970 1956 3023 καὶ

273 3052 569 3121 Εὐριπίδης
619 3055 676 3107 ἐν
725 3056 1003 3124 δεσμώτιδι
1045 3062 1110 3123 τῇ
1159 3055 1512 3123 Μελανίππῃ,
1563 3053 1667 3106 ἀπὸ
1700 3052 1955 3120 γυναικός

273 3150 418 3195 τινος
451 3135 690 3200 Σίριδος.

399 3216 568 3280 Pergit
613 3218 792 3268 deinde
829 3219 1057 3284 Hyginus
1093 3218 1191 3266 sic:
1227 3217 1379 3277 „Dies
1417 3218 1709 3274 advenerat,
1755 3219 1811 3262 ut
1846 3212 1953 3263 Me-

273 3300 511 3361 tapontus
561 3299 720 3347 exiret
763 3299 823 3347 ad
859 3299 1057 3347 Dianam
1107 3296 1499 3362 Metapontinam
1551 3296 1611 3343 ad
1648 3309 1840 3342 sacrum
1875 3292 1952 3355 fa·
2023 3306 2031 3316 ¹

276 3373 559 3425 ciendum.’'
626 3377 701 3425 Ad
753 3377 878 3426 haec
913 3393 1053 3427 sacra
1088 3378 1350 3426 exeuntem
1385 3391 1556 3442 regem
1590 3373 1805 3422 comitati
1840 3375 1955 3422 sunt

275 3454 591 3522 Melanippae
623 3457 741 3515 filii,
778 3457 996 3507 Boeotus
1029 3457 1340 3520 Aeolusque,
1376 3472 1436 3504 ex
1471 3471 1531 3502 eo
1564 3454 1761 3518 negotio
1798 3452 1952 3501 conti·

275 3551 391 3598 nuo,
424 3542 480 3586 ut
514 3541 652 3588 erant
684 3537 883 3588 iuvenes
921 3538 1105 3588 strenui
1139 3542 1286 3601 atque
1313 3536 1606 3599 optimarum
1634 3533 1808 3583 artium
1845 3534 1952 3581 stu-
