2170 3848
954 247 1035 304 89

161 399 331 450 talium
365 396 602 463 peccatis,
636 401 692 447 ut
725 395 1066 461 philosophus,
1100 392 1368 450 disserenS,
1401 389 1604 456 propria
1637 386 1836 438 Adrasti

162 484 372 546 peccata
414 480 588 543 arguit.
659 477 883 526 Orditur-
911 475 1062 540 igitur
1103 471 1225 520 illud
1271 470 1679 536 philosophorum
1722 468 1832 518 illu-

163 565 355 609 strare:
421 560 604 621 „Falso
653 556 793 622 queri
828 557 892 604 de
936 556 1109 602 natura
1142 567 1230 600 sua
1263 567 1419 616 genus
1454 546 1838 614 humanum’'*).

166 639 314 702 Quod
349 640 444 688 nisi
477 640 621 704 plura
653 640 804 698 bona,
840 650 985 698 quam
1019 632 1177 693 mala,
1226 631 1293 679 dii
1329 631 1620 680 mortalibus
1652 631 1839 694 imper-

164 719 408 780 tivissent,
438 719 629 783 pridem
647 721 788 780 putat
811 730 965 777 genus
988 713 1252 761 humanum
1280 711 1582 761 abundantia
1605 711 1838 775 pestium,

169 815 299 864 quas
328 799 553 848 homines
587 795 864 845 hominibus
908 792 1158 853 inferant,
1208 793 1484 857 periturum
1531 791 1704 841 fuisse.
1774 790 1842 839 Et

168 879 403 927 maximas
432 877 626 942 quidem
643 891 755 924 esse
781 879 983 923 naturae
1011 873 1170 932 dotes,
1194 873 1370 937 quibus
1397 870 1611 920 abestiis
1637 869 1842 919 differa-

170 974 296 1018 mus,
321 958 557 1006 rationem
573 962 722 1019 atque
744 955 1039 1023 orationem-g
1066 953 1256 1002 Deinde
1269 952 1430 1001 cibum
1445 956 1611 1000 terrae
1622 951 1845 1000 bonitate

169 1037 395 1100 coelique
438 1036 687 1101 temperie·
728 1034 1016 1101 procreari,
1070 1033 1238 1082 fontes
1285 1032 1600 1097 pluviamque
1648 1032 1844 1090 adesse,

169 1116 349 1181 quibus
389 1121 443 1166 et
475 1116 633 1166 solum
667 1116 902 1180 irrigetur
934 1119 985 1163 et
1019 1114 1131 1163 sitis
1167 1113 1426 1178 expleatur
1458 1112 1662 1161 ventris.
1714 1110 1844 1161 Tum

169 1196 408 1247 adversus
455 1196 613 1261 frigus
664 1202 956 1258 aestumque
990 1194 1236 1258 praesidia
1270 1192 1602 1258 suppeditari,
1650 1192 1846 1257 naviga-

170 1275 357 1326 tionem
406 1277 678 1326 inventam.
706 1292 847 1336 esse,
893 1278 947 1323 ut
990 1274 1357 1340 permutatione
1391 1272 1525 1321 facta
1579 1277 1847 1338 exportent

170 1357 347 1419 quibus
382 1358 565 1423 quique
598 1356 872 1415 abundent,
921 1355 1151 1403 invehant
1186 1355 1361 1419 quibus
1406 1352 1679 1418 indigeant.
1747 1353 1847 1404 De-

169 1427 318 1500 nique
349 1454 478 1502 quae
510 1439 722 1487 humana
756 1435 1017 1500 prudentia
1049 1434 1307 1500 procurari
1351 1439 1622 1498 nequeant,
1670 1436 1850 1485 omini-

171 1515 263 1564 bus
298 1518 569 1582 significata
606 1518 853 1567 divinandi
888 1522 997 1566 arte
1031 1516 1226 1567 coniici.
1292 1514 1433 1563 Haec
1479 1514 1686 1563 deorum
1721 1516 1850 1566 dona

171 1596 234 1644 ad
269 1598 413 1648 beate
445 1599 706 1649 vivendum
752 1598 1018 1646 sufficere:
1069 1596 1244 1660 quibus
1292 1612 1390 1646 non
1437 1600 1696 1644 contentos
1741 1597 1850 1662 ple-

171 1692 355 1742 rosque
402 1679 463 1728 ad
508 1677 894 1728 contemnendos
942 1678 1063 1726 deos
1109 1676 1372 1725 insolentia
1419 1676 1623 1738 adduci,
1672 1682 1729 1725 ut
1771 1678 1851 1728 his

173 1757 294 1820 ipsis
343 1774 455 1808 esse
498 1760 593 1808 sibi
641 1759 967 1823 sapientiores
1012 1757 1287 1805 videantur.
1355 1755 1441 1804 Sic
1488 1756 1754 1806 Adrastum
1789 1758 1851 1806 fi-

175 1836 269 1885 lias
315 1840 511 1902 quidem
563 1855 672 1887 cum
709 1838 983 1903 peregrinis
1017 1837 1293 1902 iungendo,
1344 1836 1429 1884 ubi
1466 1837 1690 1886 consulto
1726 1854 1852 1903 opus

176 1916 358 1979 fuerit,
407 1919 617 1968 oraculis
663 1919 959 1967 obsecutum
994 1933 1137 1966 esse:
1183 1932 1294 1964 nam
1330 1916 1372 1962 si
1407 1916 1515 1980 quis
1552 1934 1726 1982 puram
1762 1920 1852 1968 do-

178 2013 312 2045 mum
360 2015 470 2047 cum
518 1998 707 2064 polluta
740 1999 974 2054 misceat,
1027 2014 1166 2056 eum,
1217 1996 1460 2044 societate
1502 1997 1622 2047 inita
1657 2000 1854 2063 piaculi,

176 2091 382 2125 vacuum
429 2078 634 2127 crimine
681 2095 791 2127 cum
842 2078 1000 2126 noxiis
1034 2093 1130 2127 una
1163 2078 1393 2135 interire3
1441 2079 1651 2127 eundem
1688 2087 1857 2144 spreto

176 2162 304 2219 vate,
340 2157 420 2206 cui
452 2175 629 2222 parere
678 2159 931 2219 debuerit,
980 2158 1375 2208 adolescentibus
1412 2159 1856 2224 obtemperantem,

177 2237 378 2287 honoris
414 2240 637 2304 cupidiS,
679 2240 949 2288 iniustitiae
979 2240 1256 2290 ¹amantibus
1277 2274 1290 2296 ,
1335 2239 1566 2287 avaritiae
1600 2240 1855 2305 indulgen-

178 2318 311 2367 tibus
358 2325 410 2367 et
457 2335 654 2385 semper
701 2321 896 2384 patriae
946 2320 1155 2368 salutem
1205 2319 1309 2368 suis
1340 2320 1612 2368 commodis
1646 2328 1854 2388 postpo-

178 2399 439 2460 nentibuS‚
504 2400 635 2448 bello
680 2405 871 2448 temere
922 2404 1056 2448 moto
1105 2399 1433 2448 calamitatem
1480 2402 1709 2452 attulisse
1751 2404 1858 2452 rei-

179 2479 425 2545 publicae.
495 2479 620 2528 Nam
658 2497 807 2544 quum
842 2481 935 2529 tria
970 2480 1080 2528 fere
1114 2479 1292 2531 civium
1328 2496 1508 2543 genera
1556 2483 1681 2543 sint,
1731 2500 1857 2550 opu-

179 2559 339 2608 lentos
374 2577 573 2625 semper
606 2561 745 2625 plura
781 2562 1149 2625 concupiscere,
1185 2576 1430 2624 pauperes
1464 2576 1662 2626 semper
1691 2565 1754 2612 ob
1780 2564 1857 2613 in-

179 2639 360 2690 vidiam
405 2642 645 2704 malignos
691 2657 804 2689 esse
852 2646 902 2689 et
944 2638 1159 2690 turbidis
1194 2639 1366 2704 populi
1402 2641 1609 2692 ducibus
1643 2660 1857 2709 pronos3

182 2721 314 2770 solos
349 2722 434 2785 qui
467 2720 614 2768 medii
661 2720 790 2769 inter
822 2726 1063 2784 utrosque
1110 2721 1205 2769 sint
1237 2720 1343 2768 iura
1376 2721 1612 2787 legesque
1644 2725 1776 2773 tueri
1810 2729 1862 2775 et

182 2802 382 2851 firmum
415 2801 715 2865 reipublicae
746 2801 1124 2850 fundamentum
1168 2816 1296 2848 esse.

313 2881 715 2944 Quotiescunque
748 2882 1014 2945 Euripides
1048 2879 1302 2929 Theseum
1336 2880 1386 2930 in
1421 2898 1619 2932 scenam
1653 2885 1860 2947 induxit,

185 2962 410 3011 doctrina
444 2962 687 3010 eruditum
723 2979 779 3011 ac
813 2962 1244 3026 philosophantem
1281 2961 1531 3024 exhibuit,
1567 2965 1676 3013 sine
1710 2964 1861 3015 dubio

184 3044 445 3103 neminem,
480 3041 574 3088 nisi
607 3042 987 3107 philosophum,
1033 3046 1171 3090 recte
1204 3041 1508 3105 reipublicae
1542 3061 1777 3109 praeesse
1811 3050 1863 3095 et

187 3122 456 3172 condendis
514 3121 788 3171 civitatibus
837 3122 1216 3186 scribendisque
1279 3121 1467 3185 legibus
1528 3141 1698 3190 parem
1748 3141 1862 3176 esse

247 3372 297 3427 ³l‘)
326 3372 564 3415 Prodicum
610 3372 682 3415 his
713 3371 901 3416 refutari
935 3371 1075 3429 (ἔλεξε
1109 3372 1197 3432 γάρ
1226 3358 1336 3430 τις)
1368 3375 1481 3418 vidit
1514 3375 1775 3418 Welckerus
1816 3375 1861 3418 in

331 3457 484 3487 museo
504 3444 652 3487 Rhen.
671 3444 728 3490 T.
746 3445 783 3488 1.
810 3460 854 3500 p.
872 3443 972 3486 622.
