2170 3866
877 272 1006 330 549

86 419 295 469 aedibus
332 416 559 467 Bacchus
595 421 659 469 ad
693 419 904 470 feminas
939 423 1076 469 metu
1111 418 1368 483 perculsas
1404 416 1644 482 humique
1669 433 1788 483 pro-

85 505 263 548 stratas
299 498 533 563 prodiens
568 500 784 550 animum
821 516 991 549 earum
1028 498 1292 548 confirmat
1328 503 1382 547 et
1414 498 1666 562 quomodo
1699 514 1786 548 res

83 584 227 646 gesta
264 580 328 627 sit
364 580 581 644 exponit.
650 580 939 643 Pentheus,
989 578 1244 628 Bacchum
1280 593 1335 627 se
1369 578 1555 627 vincire
1589 582 1786 642 putanS,

84 659 214 708 tauri
247 661 309 709 ad
344 661 608 725 praesepia
641 660 819 709 stantis
856 659 1012 725 pedes
1059 659 1269 709 vinculis
1315 658 1613 707 constrinxit
1658 657 1784 707 iram

86 739 311 803 spii-ana,
361 741 594 790 sudorem
629 744 735 789 toto
771 756 986 805 corpore
1035 739 1228 789 stillans
1272 738 1509 802 labraque
1553 737 1788 788 dentibus

84 819 348 869 mordens:
385 836 513 885 quae
546 820 742 870 intuens
777 820 1005 870 Bacchus
1028 821 1212 869 tacitus
1241 819 1515 869 adsidebat.
1582 817 1788 867 Interim

85 901 339 948 concussis
374 901 584 950 aedibus
619 901 915 966 flammaque
949 918 1011 951 ex
1032 901 1226 951 tumulo
1257 898 1484 948 Semeles
1522 898 1786 960 emicante,

84 979 172 1028 ille
206 979 385 1030 ardere
421 980 622 1030 domum
655 985 817 1041 ratus,
866 998 1069 1031 currens
1102 982 1204 1031 huc
1240 987 1293 1030 et
1342 979 1460 1028 illuc
1507 978 1570 1027 ad
1622 976 1789 1026 feren-

83 1059 199 1108 dam
234 1077 409 1125 aquam
447 1077 643 1110 omnem
680 1061 920 1110 familiam
959 1062 1250 1123 concitavit3
1307 1067 1415 1110 tum
1448 1074 1623 1108 rursus
1659 1056 1786 1107 effu·

82 1155 201 1204 gere
247 1141 500 1190 Bacchum
548 1147 688 1191 ratus
734 1143 782 1190 in
820 1157 1075 1191 carcerem
1125 1159 1238 1192 cum
1283 1141 1460 1191 stricto
1503 1139 1670 1203 gladio
1710 1154 1788 1188 re·

87 1221 259 1279 currit,
295 1221 379 1271 ubi
413 1222 657 1286 deceptus
690 1222 818 1271 falsa
863 1222 1079 1289 imagine
1111 1239 1278 1272 aerem
1325 1236 1446 1270 ense
1490 1219 1789 1282 verberavit,

80 1299 335 1350 Bacchum
372 1301 470 1350 sibi
503 1302 728 1366 iugulare
762 1302 914 1351 visus.
984 1302 1193 1352 Praeter
1225 1303 1356 1350 hanc
1396 1299 1787 1348 ludificationem

81 1379 259 1430 domus
294 1381 402 1430 eius
438 1381 645 1429 disiecta
677 1382 894 1442 corruit3
954 1381 1067 1447 ipse
1114 1386 1278 1431 autem
1325 1379 1564 1445 fatigatus
1613 1379 1787 1428 labore

81 1461 278 1509 abiecto
312 1460 478 1525 gladio
513 1461 728 1509 anhelat.
797 1460 919 1511 Mox
954 1463 1136 1527 prodit,
1171 1461 1293 1510 foris
1329 1476 1576 1524 quaerens
1608 1459 1786 1523 hospi-

83 1545 186 1589 tem
222 1557 252 1589 e
284 1540 493 1589 vinculis
530 1541 785 1606 elapsum3
834 1548 1108 1607 conspecto
1144 1558 1205 1590 eo
1242 1541 1405 1590 claudi
1439 1543 1610 1603 portas
1645 1538 1785 1588 urbis

81 1620 237 1673 iubet.
306 1619 448 1669 Haec
481 1621 587 1670 irae
622 1622 784 1670 rabies
820 1622 1036 1672 adventu
1083 1621 1240 1671 nuntii
1274 1620 1657 1686 interpellatur,
1701 1616 1786 1682 qui

83 1717 114 1750 e
150 1700 453 1750 Cithaerone
485 1717 721 1759 reversus
757 1701 820 1750 de
866 1702 1188 1765 mulieribus,
1241 1717 1366 1766 quae
1401 1717 1464 1751 ex
1497 1699 1688 1750 Thebis
1722 1698 1786 1747 ad

84 1796 228 1830 sacra
263 1780 447 1829 Bacchi
484 1781 778 1830 celebranda
813 1782 1072 1843 abierunt,
1107 1782 1233 1831 mira
1268 1787 1452 1832 narrat.
1524 1779 1644 1830 Sole
1678 1795 1784 1829 me·

85 1861 170 1910 dio
206 1877 359 1925 quum
394 1867 618 1909 armenta
655 1861 900 1912 bubulcus
934 1863 982 1911 in
1017 1864 1133 1929 iuga
1167 1863 1410 1912 montium
1430 1861 1634 1926 egisset,
1671 1876 1785 1910 con-

86 1942 252 2006 spexit
287 1946 391 1990 tres
429 1941 735 1991 Baccharum
774 1944 954 1992 choros
976 1979 991 2004 ,
1039 1959 1251 2008 quorum
1286 1942 1371 1991 uni
1403 1942 1662 2002 Autonoe,
1712 1939 1785 1990 al-
1822 1935 1830 1943 ἱ

80 2023 174 2071 teri
192 2022 375 2086 Agave,
405 2022 555 2070 tertio
587 2021 671 2071 Ino
707 2029 951 2088 praeerat,
979 2029 1032 2072 et
1058 2022 1371 2073 dormiebant
1413 2037 1586 2071 omnes
1611 2036 1785 2071 somno

85 2102 280 2151 solutae
325 2101 588 2151 frondibus
635 2102 867 2152 arborum
917 2105 1213 2164 substratiS,
1267 2103 1559 2168 corporibus
1593 2106 1786 2151 temere

84 2183 175 2231 sed
210 2183 441 2231 modeste
475 2182 687 2247 positis,
736 2199 832 2232 non
879 2183 990 2232 vino
1027 2201 1085 2232 ac
1118 2184 1271 2233 tibiae
1304 2183 1519 2246 strepitu
1551 2182 1787 2231 incitatae

81 2261 432 2326 Veneremque
489 2278 583 2325 per
631 2263 955 2311 solitudinem
1006 2269 1273 2312 sectantes.
1383 2262 1571 2311 Audito
1609 2267 1785 2310 ”autem

80 2346 235 2395 boum
267 2343 492 2406 mugitu,
544 2343 712 2407 Agave
750 2348 886 2392 stans
928 2344 1096 2392 media
1142 2343 1273 2392 inter
1309 2342 1531 2391 Bacchas
1566 2341 1787 2402 ululavit,

85 2427 143 2471 ut
176 2421 615 2485 expergefaceret,
661 2439 788 2486 quae
831 2440 1044 2472 excusso
1079 2439 1254 2472 somno
1287 2423 1417 2471 miro
1452 2438 1564 2471 cum
1601 2422 1786 2472 decore

85 2508 348 2565 surgentes
383 2501 579 2565 puellae
613 2504 804 2567 pariter
836 2509 986 2566 atque
1030 2509 1305 2552 matronae.
1333 2503 1546 2567 primum
1584 2501 1784 2566 quidem

87 2598 278 2636 comam
314 2597 407 2644 per
440 2581 676 2631 humeros
713 2584 1022 2632 demiserunt
1070 2582 1359 2648 pellesque,
1417 2583 1459 2630 si
1494 2581 1673 2645 quibus
1702 2597 1784 2630 so-

86 2662 189 2711 luta
221 2661 418 2710 vincula
452 2669 607 2723 eraut,
643 2664 982 2727 subligarunt,
1019 2669 1071 2712 et
1106 2668 1367 2727 serpentes
1403 2662 1649 2727 capitibus
1686 2662 1783 2711 cir-

88 2743 479 2801 cumdederunt3
528 2743 799 2805 quaedam,
852 2744 1032 2806 quibus
1080 2744 1342 2806 turgebant
1386 2758 1661 2803 mammae,
1708 2741 1788 2791 lac

82 2823 334 2872 hinnuleis
370 2821 449 2870 vel
485 2821 713 2886 luporum
751 2823 926 2872 catulis
965 2823 1325 2886 praebuerunt3
1360 2827 1622 2886 praeterea
1650 2825 1787 2873 serta

82 2904 304 2953 hederae
339 2908 393 2951 et
428 2902 645 2950 smilacis
694 2904 791 2951 sibi
843 2904 1207 2968 imposuerunt.
1306 2901 1440 2953 Tum
1486 2902 1652 2966 aliqua
1699 2917 1786 2949 ru-

82 3000 199 3049 pem
250 2984 423 3047 thyrso
459 2983 772 3043 verberavit,
841 2984 972 3032 unde
1021 2999 1149 3046 aqua
1193 2983 1241 3032 ei
1286 2982 1475 3047 liquida
1519 2981 1786 3048 prosiluit;

82 3063 178 3112 alia
215 3062 426 3111 ferulam
462 3063 513 3111 in
548 3062 653 3111 solo
690 3062 892 3123 defixit,
941 3079 1033 3128 per
1068 3079 1213 3128 quam
1246 3062 1441 3112 fontem
1469 3062 1568 3112 vini
1618 3061 1789 3111 emisit

89 3143 249 3204 deus;
299 3144 540 3206 quaedam
591 3148 777 3192 terram
814 3143 981 3208 digitis
1018 3144 1301 3209 scalpentes
1336 3144 1480 3192 lactis
1526 3141 1789 3206 scaturigi-

85 3223 197 3273 nem
233 3223 553 3283 invenerunt3
589 3223 707 3271 item
744 3239 806 3272 ex
840 3225 1025 3288 thyrsis
1061 3224 1211 3272 mella
1246 3223 1510 3272 stillabant.

151 3325 154 3329 ⁴
211 3303 352 3352 Haec
387 3303 661 3367 conspicati
709 3308 939 3367 pastores
983 3304 1186 3352 consilia
1224 3304 1538 3352 contulerunt
1583 3306 1636 3350 et
1681 3298 1789 3364 qui-

87 3379 203 3430 dam
239 3399 409 3433 eorum
447 3384 566 3432 satis
613 3389 845 3434 versutus
893 3401 953 3434 ac
1001 3384 1216 3432 disertus
1265 3384 1450 3444 suasit,
1496 3386 1555 3432 ut
1589 3381 1787 3445 Agaven

91 3461 344 3527 capientes
394 3463 623 3514 Pentheo
668 3463 1087 3530 gratificareutur.
1173 3463 1286 3527 Quo
1334 3463 1548 3530 probato
1583 3457 1793 3512 consilio
