2202 3892
989 301 1113 359 263

188 468 301 504 rum
346 450 618 501 divinarum
668 452 922 498 contemtu
967 445 1356 512 indignationem
1396 445 1666 495 multorum
1700 449 1755 495 et
1787 459 1879 495 su·

189 533 439 599 spiciones
491 528 721 580 morente
768 545 942 579 rursus
978 526 1320 576 accusationes
1353 525 1766 591 philosophorum
1799 525 1879 575 vel

187 614 518 679 sophistarum
555 611 801 659 factitatas
836 624 949 658 esse
983 606 1240 673 probabile
1274 610 1370 654 est.
1440 605 1566 654 Nam
1614 612 1666 654 et
1700 604 1877 655 Prota-

185 709 337 759 gorae
372 693 538 757 fugam
582 691 715 740 circa
762 691 857 739 hoc
892 696 1094 753 tempus
1137 686 1368 736 evenisse
1415 692 1700 749 computata
1746 692 1877 734 tem-

186 789 365 838 porum
414 772 606 820 ratione
651 769 864 819 Schoell.
910 769 982 833 (p.
1024 766 1162 830 110.)
1217 767 1466 832 probavit,
1515 772 1568 814 et
1615 765 1878 830 Diagoram

187 852 401 902 Melium
436 852 599 917 paullo
636 857 747 914 post
771 850 1036 915 impietatis
1063 849 1415 909 insimulatum,
1453 847 1583 912 quod
1613 847 1734 895 deos
1763 861 1878 895 esse

185 939 411 999 negaret,
445 931 658 981 Athenis
694 931 899 993 fugisse,
936 947 1034 994 quo
1072 929 1479 978 facto·talentum
1518 927 1578 977 ab
1600 926 1877 977 Athenien-

187 1012 324 1061 sibus
348 1012 659 1077 propositum
685 1015 823 1059 esset
847 1011 909 1070 ei,
946 1012 1030 1075 qui
1054 1010 1406 1068 interfecisset,
1445 1009 1695 1057 Diodorus
1720 1006 1878 1069 (XIII,

183 1091 260 1156 a.)
305 1092 529 1157 prodidit
574 1092 858 1140 memoriae.
925 1091 1220 1156 Protagoras
1264 1106 1383 1139 vero
1416 1089 1686 1139 Abderites
1718 1086 1878 1136 Athe-

186 1173 431 1222 niensium
477 1173 615 1222 iussn
653 1172 779 1222 urbe
814 1178 967 1237 atque
1002 1187 1118 1236 agro
1156 1171 1534 1231 exterminatus,
1581 1169 1720 1218 libris
1770 1168 1878 1217 eius

185 1254 236 1303 in
280 1254 520 1302 concione
568 1254 870 1312 combustis,
906 1269 1054 1316 quum
1090 1267 1332 1316 nusquam
1369 1256 1506 1300 tutus
1543 1255 1705 1311 esset,
1742 1247 1878 1297 navi-

185 1334 279 1384 bus
314 1333 510 1382 illorum
547 1334 709 1382 omnia
744 1333 900 1381 maria
934 1333 1233 1392 tenentibus,
1268 1347 1420 1397 parvo
1453 1331 1647 1393 navigio
1688 1328 1877 1378 vehens

183 1411 332 1463 undis
377 1413 586 1461 obrutus
639 1430 752 1462 esse
799 1413 1029 1464 traditur.
1098 1414 1288 1463 Caussa
1335 1418 1504 1461 autem
1546 1408 1878 1460 damnationis

185 1492 390 1543 fuerunt
437 1493 585 1542 verba
620 1493 668 1542 in
704 1493 952 1558 principio
989 1493 1099 1541 libri
1135 1494 1301 1559 posita
1343 1492 1557 1542 haecce:
1605 1489 1717 1552 „De
1752 1490 1877 1537 divis

183 1588 350 1638 neque
394 1580 451 1623 ut
501 1575 602 1623 sint
651 1592 815 1638 neque
862 1580 915 1623 ut
967 1591 1064 1623 non
1117 1576 1214 1623 sint
1263 1574 1426 1623 habeo
1461 1573 1647 1622 dicere.
1716 1569 1879 1621 Multa

183 1654 316 1704 enim
352 1659 484 1714 sunt,
520 1671 645 1720 quae
681 1657 883 1705 obstent
918 1656 1200 1720 cognitioni,
1239 1655 1313 1703 rei
1349 1654 1627 1703 obscuritas
1662 1658 1714 1701 et
1746 1652 1879 1700 vitae

181 1734 428 1784 humanae
462 1735 681 1784 brevitas
695 1736 802 1799 *).’'
873 1735 1021 1784 Hunc
1058 1736 1234 1784 librum
1270 1735 1322 1784 in
1346 1734 1603 1798 Euripidis
1638 1733 1788 1781 domo
1814 1731 1876 1780 ab

182 1814 271 1862 illo
305 1815 564 1863 recitatum
602 1831 716 1863 esse
748 1815 985 1864 traditum
1024 1822 1103 1863 est
1136 1816 1410 1864 memoriae
1425 1813 1527 1878 **),
1563 1813 1697 1861 unde
1730 1811 1878 1860 fami-

183 1893 404 1942 liaritate
429 1896 930 1958 utrumqueiunctum
958 1895 1116 1944 fuisse
1134 1896 1436 1960 intelligitur.
1486 1892 1674 1943 Verum
1703 1907 1876 1957 quam-

184 1974 260 2022 vis
294 1972 470 2037 magna
505 1974 659 2023 fuerit
693 1976 784 2023 viri
812 1976 1024 2040 dignitas
1053 1983 1202 2039 atque
1224 1971 1669 2041 praestantia*'‘*)‚
1703 1987 1876 2035 quam-

183 2054 255 2101 vis
290 2054 464 2102 intima
516 2054 623 2102 eius
675 2061 824 2119 atque
861 2056 1116 2121 Euripidis
1161 2055 1480 2118 amicitia†),
1530 2062 1696 2101 tamen
1745 2053 1877 2100 hunc

181 2133 493 2198 potissimum
541 2137 633 2182 sub
669 2135 949 2183 Palamedis
998 2153 1210 2198 persona
1256 2134 1541 2197 imaginaria
1576 2133 1730 2181 latere
1762 2130 1877 2180 nolo

180 2210 554 2279 suspicari††).
636 2214 766 2263 Satis
818 2215 950 2263 enim
1011 2214 1172 2279 gravis
1223 2213 1453 2278 Euripidi
1497 2213 1617 2263 talia
1660 2211 1878 2276 fingendi

180 2308 360 2342 caussa
394 2292 521 2353 fuit,
572 2294 705 2358 quod
758 2295 938 2359 capitis
990 2294 1263 2360 periculum
1301 2295 1522 2359 quotidie
1566 2293 1735 2341 amicis
1771 2291 1876 2339 suis

180 2371 441 2422 irnminere
487 2374 695 2424 sciebat.
767 2374 892 2423 Nam
930 2375 1126 2424 Socrati
1172 2391 1370 2440 quoque
1405 2375 1582 2423 iisdem
1618 2372 1875 2423 insimula-

180 2452 397 2502 tionibus
449 2453 794 2504 intereundum
847 2455 975 2516 fuit,
1040 2456 1182 2504 cuius
1239 2460 1455 2505 mortem
1509 2452 1876 2520 quodammodo

181 2538 350 2581 mente
384 2534 679 2600 anticipasse
712 2536 924 2587 videtur.
966 2534 1183 2584 *Eadem
1222 2537 1353 2585 enim
1391 2536 1588 2585 ratione
1620 2534 1875 2592 Socrates,

184 2626 281 2675 qua
326 2611 642 2674 Palamedes,
695 2623 960 2665 accusatus
1006 2615 1369 2680 damnatusque
1414 2622 1516 2676 est,
1566 2615 1740 2664 eadem
1789 2614 1876 2662 de·

181 2689 408 2740 fensione
442 2709 593 2752 usus,
629 2697 803 2745 eadem
839 2697 989 2745 animi
1023 2697 1361 2762 magnitudine
1396 2713 1422 2745 a
1458 2695 1688 2745 lamentis
1719 2693 1875 2742 absti-

182 2770 307 2834 nuit,
343 2773 515 2821 eadem
551 2777 906 2840 tranquillitate
928 2793 1106 2841 passus
1137 2787 1215 2826 est
1242 2777 1556 2842 supplicium.
1615 2777 1875 2838 Frequen-

186 2850 384 2900 tissime
434 2858 697 2918 utrumque
741 2859 802 2908 ab
850 2858 1065 2922 antiquis
1102 2865 1446 2922 comparatum
1479 2873 1593 2906 esse
1627 2854 1750 2905 satis
1784 2870 1875 2903 no-

195 3086 199 3088 ’
239 3079 290 3135 *)
321 3079 413 3123 Cic.
437 3080 492 3123 N.
515 3082 569 3124 D.
590 3082 625 3134 Ι,
652 3081 723 3125 23.
746 3083 880 3143 Diog.
902 3085 1054 3130 Laert.
1077 3087 1153 3143 lx,
1176 3085 1219 3140 3,
1245 3083 1316 3128 51.
1338 3090 1382 3129 et
1404 3086 1498 3140 Vll,
1513 3083 1582 3132 55.
1606 3086 1728 3130 Sext.
1741 3083 1874 3140 Emp-

323 3152 427 3194 adv.
450 3152 597 3195 Math.
624 3153 701 3204 lx,
720 3153 789 3196 56.

211 3219 290 3275 *ἢ
317 3220 451 3279 Diog.
480 3222 628 3275 Laert.
656 3225 734 3272 lx,
751 3224 793 3279 5,
814 3223 887 3268 54.

182 3289 290 3345 ***)
320 3292 410 3334 Cic.
443 3294 547 3336 1.1.:
586 3295 840 3350 „sophistes
869 3297 1148 3352 temporibus
1173 3296 1265 3339 illis
1292 3299 1370 3340 vel
1394 3298 1665 3341 maximus.”

240 3361 295 3415 †)
325 3362 392 3405 Cf.
420 3363 562 3406 vitam
588 3364 743 3419 Eurip.
764 3366 887 3408 codd.
913 3367 1101 3410 Vindob.
1127 3373 1172 3410 et
1192 3369 1397 3410 Ambros.

211 3431 296 3487 -Ι-Ι-)
325 3431 564 3477 Refutavit
598 3435 800 3478 Schoelli
823 3438 1090 3481 sententiam
1112 3439 1250 3480 Vater
1280 3438 1326 3480 in
1354 3439 1491 3482 huius
1517 3443 1562 3482 et
1585 3433 1813 3481 Welckeri
1834 3437 1877 3476 et

324 3501 460 3547 Bodii
479 3504 699 3548 librorum
722 3520 925 3565 censura,
947 3509 1100 3554 Berol.
1129 3508 1256 3552 1843.
1279 3524 1324 3565 p.
1346 3509 1416 3553 13.
