2124 3860
836 289 960 350 357

201 436 345 490 νεύει
378 435 586 503 βίοτος,
621 435 760 490 νεύει
796 434 854 490 δὲ
893 436 1024 505 τύχα

202 518 338 571 κατὰ
374 521 566 584 πνεῦμ’
601 517 826 584 ἀνέμων.

64 599 262 650 Gratias
298 602 534 651 servatori
570 617 599 648 a
632 601 818 667 virgine
852 605 989 648 actas
1025 613 1138 648 esne
1170 596 1320 646 facile
1350 603 1428 648 est
1464 598 1738 649 intellectu.

60 680 248 730 Perseo
282 682 437 747 igitur
471 697 526 730 se
561 682 724 743 vitam,
758 680 964 729 salutem
1001 693 1186 743 suaque
1216 679 1379 727 omnia
1417 679 1601 730 debere
1621 695 1739 744 pro-

60 761 198 811 fessa
234 770 340 811 est:

188 839 256 892 σὰ
290 839 392 907 γὰρ
424 843 592 891 ταῦτα
625 839 798 890 πάντα
811 838 878 904 ²¹²).

63 921 246 970 Contra
281 928 511 987 parentes
545 922 826 986 grandaevi,
862 919 1082 985 quamvis
1105 919 1265 970 salute
1287 919 1419 968 filiae
1450 918 1738 984 gauderent,

59 1007 224 1051 tamen
269 1018 324 1051 se
370 1003 419 1050 in
464 1002 635 1051 limine
679 1002 812 1050 vitae
849 1001 1080 1062 destitui,
1127 1001 1275 1049 orbos
1319 999 1528 1064 relinqui
1575 1016 1738 1064 neque

59 1082 243 1131 habere
289 1082 373 1146 qui
425 1087 564 1131 curet
607 1088 659 1131 et
700 1082 978 1131 imbecillae
1013 1081 1256 1149 senectuti
1290 1080 1539 1140 consulat,
1589 1095 1737 1143 aegre

58 1161 240 1211 ferunt.
311 1163 483 1225 ltaque
517 1169 662 1226 pater
694 1168 849 1227 rogat,
885 1168 939 1211 ut
973 1162 1116 1210 ambo
1149 1160 1244 1224 vel,
1280 1161 1324 1208 si
1356 1160 1408 1209 id
1442 1160 1554 1209 fieri
1574 1160 1738 1210 minus

60 1243 236 1307 possit,
270 1243 374 1290 filia
410 1244 539 1306 apud
576 1250 805 1306 parentes
840 1246 1066 1291 maneat:

187 1323 425 1385 „Alui‚
475 1322 802 1372 educavi:
851 1322 922 1371 id
955 1320 1195 1385 facite
1226 1325 1495 1385 gratum
1539 1325 1611 1368 ut
1643 1320 1736 1369 sit

880 1399 1078 1450 seni.''

54 1481 290 1531 Amorem
324 1480 518 1530 dulcem
554 1481 771 1545 quidem,
806 1481 895 1531 sed
929 1481 1116 1540 fluxum
1150 1480 1302 1529 animi
1334 1497 1557 1531 errorem
1589 1479 1736 1532 mini-

53 1578 231 1626 meque
264 1561 418 1610 fidum
452 1578 565 1611 esse
614 1562 789 1610 docet:

185 1638 303 1692 ὅσοι
335 1639 437 1707 γὰρ
473 1641 544 1701 εἰς
577 1636 746 1707 ἔρωτα
780 1638 1066 1690 πίπτουσιν
1100 1639 1326 1705 βροτῶν,

193 1718 402 1773 ἐσθλῶν
436 1720 566 1772 ὅταν
599 1721 793 1786 τύχωσι
824 1721 932 1770 τῶν
965 1716 1266 1785 ἐρωμένων,

187 1802 287 1854 οὐκ
320 1798 431 1853 ἔσθ’
465 1802 654 1862 ὁποίας
685 1800 911 1852 λείπεται
943 1799 1055 1852 τόδ’
1088 1800 1303 1869 ἡδονῆς.

185 1990 250 1999 -
416 1991 478 2001 -
644 1990 709 1999 -
875 1959 971 2027 (μὴ
1010 1958 1149 2026 λέγε)

185 2041 355 2106 ἔρωτα
387 2041 563 2094 δεινὸν
596 2037 800 2108 ἔχομεν,
836 2038 894 2093 ἐκ
928 2039 986 2093 δὲ
1017 2043 1127 2093 τῶν
1159 2040 1336 2107 λόγων

193 2121 319 2175 ἑλοῦ
353 2122 418 2175 τὰ
453 2121 709 2189 βέλτισθ’·
732 2122 818 2184 ’ῶς
851 2123 1074 2174 ἄπιστόν
1109 2119 1212 2173 ἐστ’
1246 2120 1395 2186 ἔρως,

187 2204 290 2257 κοέν
322 2211 394 2271 τῷ
428 2204 656 2274 κακίστῳ
688 2205 797 2255 τῶν
830 2206 1046 2270 φρενῶν
1080 2202 1244 2255 οἰκεῖν
1277 2203 1432 2268 φιλεῖ.

187 2364 324 2426 ’ὄςτις
357 2363 414 2416 δὲ
447 2357 576 2426 τοὺς
607 2364 854 2425 τεκόντας
887 2362 945 2416 ἐν
980 2363 1079 2431 βίῳ
1114 2362 1270 2429 σέβει,

186 2444 266 2497 ὅδ’
300 2443 408 2497 ἐστὶ
440 2443 531 2498 καὶ
566 2447 669 2508 ζῶν
702 2444 790 2498 καὶ
823 2444 1011 2497 θανὼν
1043 2447 1190 2504 θεοῖς
1230 2441 1497 2508 φίλος**).

57 2527 182 2578 Cum
215 2529 371 2592 patris
407 2529 638 2591 precibus
675 2545 789 2577 suas
822 2529 974 2591 iungit
1018 2532 1203 2575 mater:

190 2604 332 2657 ἐστὶν
365 2605 422 2657 δὲ
455 2606 626 2673 μήτηρ
661 2608 971 2672 φιλότεκνος
1004 2607 1205 2670 μᾶλλον
1235 2602 1464 2668 πατρός·

184 2686 221 2753 ἦ
254 2685 350 2751 μὲν
382 2685 482 2753 γὰρ
517 2686 677 2756 αὐτῆς
711 2683 856 2740 οἶδεν
889 2687 1030 2751 ὄνθ’,
1065 2685 1094 2737 ὁ
1130 2684 1176 2736 δ’
1214 2680 1518 2747 οἴεται***).

55 2768 248 2819 Horum
295 2769 473 2817 auditis
514 2771 743 2834 precibus
804 2770 918 2835 quid
969 2767 1285 2819 Andromeda
1327 2766 1496 2813 facere
1542 2763 1728 2813 consti-

57 2850 230 2908 tuerit,
280 2848 506 2912 Hyginus
552 2850 749 2900 Astron.
786 2867 826 2898 c.
864 2852 943 2899 ll.
991 2855 1137 2912 atque
1170 2845 1531 2894 Eratosthenes
1567 2861 1612 2892 c.
1647 2847 1727 2894 1⁵1.

55 2930 252 2978 docent.
321 2927 496 2985 „Haec
530 2928 706 2976 dicitur
738 2929 990 2978 Minervae
1023 2927 1263 2978 beneficio
1298 2927 1425 2974 inter
1457 2930 1589 2972 astra
1624 2924 1726 2973 col-

55 3008 213 3057 locata
247 3014 452 3073 propter
485 3006 652 3056 Persei
682 3009 928 3066 virtutem,
966 3009 1096 3072 quod
1131 3023 1239 3055 eam
1276 3011 1388 3054 ceto
1419 3005 1726 3071 propositam

55 3105 85 3137 a
117 3089 340 3153 periculo
385 3087 645 3134 liberarat:
691 3103 785 3137 nec
831 3090 958 3137 enim
992 3091 1051 3139 ab
1088 3104 1148 3136 ea
1180 3087 1420 3134 minorem
1454 3085 1604 3134 animi
1637 3086 1724 3134 be-

55 3169 383 3219 nevolentiam
432 3182 522 3232 pro
567 3160 808 3216 beneficio
840 3170 1047 3233 accepit.
1117 3166 1161 3216 N
1176 3183 1262 3217 am
1295 3183 1328 3216 n
1342 3182 1370 3215 e
1384 3181 1415 3230 q
1426 3182 1460 3215 u
1473 3181 1502 3214 e
1535 3181 1567 3230 p
1579 3170 1640 3214 at
1657 3180 1687 3214 e
1698 3179 1725 3212 r

111 3333 162 3389 ἢ
188 3335 372 3391 Fragm.
399 3334 469 3375 VI.
498 3333 658 3375 Matth.

83 3404 164 3458 **)
191 3405 375 3461 Fragm.
396 3404 478 3446 inc.
491 3401 591 3444 241.
624 3402 692 3445 Cf.
714 3402 921 3451 Schneid.
941 3406 1083 3451 conii.
1101 3404 1379 3448 critt.Valck.
1411 3404 1607 3458 matr-p.
1620 3400 1718 3445 228.

55 3473 162 3529 ***)
197 3475 381 3532 Fragm.
411 3475 496 3519 inc.
524 3475 583 3518 11.
614 3489 658 3530 p.
686 3472 784 3518 434.
