2170 3848
929 254 970 308 7

100 404 290 455 tatione
322 403 522 467 dignum
556 395 681 450 fecit
713 400 853 449 malis
881 399 1207 450 succumbere
1238 412 1296 446 ac
1325 398 1635 463 despondere
1666 398 1776 448 ani-

97 501 232 534 mum
266 483 418 545 adeo,
453 488 510 531 ut
551 486 756 530 mortem
791 480 886 529 sibi
917 477 1232 528 voluntariam
1270 478 1620 530 conscisceret.
1669 477 1774 528 Ve-

97 564 342 613 rissimum
389 563 519 611 enim
550 562 745 610 virtutis
789 559 1172 623 experimentum
1223 573 1335 605 esse
1369 558 1614 608 iudicabat
1646 557 1772 607 tole-

96 659 209 692 rare
253 642 498 691 fortunam
559 641 944 705 qualemcunque
990 643 1040 686 et
1094 651 1244 700 posse
1292 636 1385 696 iiS,
1446 654 1571 701 quae
1626 638 1774 704 vulgo

95 739 270 786 magna
303 729 354 770 et
387 722 638 786 praeclara
672 720 989 777 haberentur,
1023 717 1234 775 divitiis,
1272 717 1526 766 nobilitate
1560 718 1772 783 generis,

94 804 250 868 gloria
296 808 349 851 et
389 801 590 863 reliquis
636 798 867 846 fortunae
915 797 1138 845 ludibriis
1184 813 1369 845 carere.
1458 798 1587 859 Quin
1624 798 1774 845 etiam

96 882 282 940 amicis,
319 879 555 942 cognatis,
590 878 872 939 coniugibus
906 878 1172 941 liberisque
1200 879 1376 936 orbati,
1411 878 1635 942 eorporis
1669 876 1772 925 ani-

96 963 262 1024 mique
304 959 558 1008 doloribus
594 958 847 1020 perpetuis
883 958 1116 1016 cruciati,
1170 957 1400 1021 periculis
1436 955 1774 1017 circumventi,

94 1040 251 1106 patria
299 1038 509 1102 privati,
561 1036 776 1084 hostium
836 1037 1244 1099 inimicorumque
1301 1037 1502 1084 arbitrio
1564 1035 1774 1099 expositi

94 1118 235 1169 multi
274 1118 423 1165 vitam
459 1122 735 1164 sustentant
768 1120 820 1163 et
854 1116 902 1163 in
939 1116 1111 1164 melius
1154 1114 1399 1163 fortunam
1435 1121 1676 1165 mutatum
1709 1113 1773 1163 iri

92 1204 308 1263 sperant,
327 1213 420 1246 non
446 1197 667 1244 desidiae
686 1211 847 1258 neque
874 1196 1130 1243 socordiae
1163 1212 1217 1243 se
1244 1196 1511 1255 tradentes,
1540 1194 1626 1243 sed
1653 1209 1771 1259 pru-

93 1278 285 1338 dentia,
333 1276 537 1325 consilio
572 1292 630 1324 ac
662 1277 843 1323 virtute
877 1281 1089 1323 utentes.
1168 1275 1308 1323 Haec
1343 1281 1419 1324 est
1463 1275 1545 1323 illa
1580 1274 1772 1323 mendi-

93 1374 262 1407 corum
308 1356 640 1419 debiliumque
684 1355 974 1414 multitudo,
1025 1371 1168 1418 quam
1219 1355 1393 1403 merito
1427 1355 1623 1404 risisset
1656 1354 1772 1403 Ari-

92 1437 385 1502 stophaneS,
435 1437 477 1483 si
524 1436 788 1500 quidquam
835 1436 946 1483 illos
981 1436 1162 1500 indigni
1207 1435 1285 1483 vel
1335 1435 1506 1483 facere
1548 1432 1625 1482 vel
1669 1432 1772 1497 pati

58 1562 62 1563 ⁷
93 1522 380 1581 appareret:
433 1532 459 1563 a
495 1531 589 1578 qua
624 1516 925 1580 turpitudine
959 1531 1130 1563 omnes
1166 1519 1264 1563 tam
1298 1515 1443 1579 longe
1478 1515 1683 1572 absunt,
1718 1516 1773 1561 ut

89 1597 216 1646 hane
249 1596 407 1660 ipsam
440 1596 502 1642 ob
539 1612 780 1652 caussam,
816 1596 946 1657 quod
983 1600 1172 1654 cavent,
1207 1612 1269 1643 ne
1311 1596 1427 1659 quid
1461 1602 1605 1658 turpe
1636 1609 1771 1641 com-

91 1677 307 1735 mittant,
362 1676 510 1723 vitam
558 1675 860 1723 tolerandam
913 1691 1026 1723 esse
1072 1681 1305 1724 statuant.
1387 1674 1453 1722 Et
1497 1690 1526 1722 e
1570 1673 1770 1736 regione

90 1756 230 1805 hisce
272 1755 398 1804 vitae
444 1756 698 1803 tenacibus
744 1755 934 1818 positus
987 1761 1063 1802 est
1107 1770 1344 1802 numerus
1377 1769 1533 1816 aeque
1564 1766 1771 1815 magnus

91 1835 407 1899 prodigorum
447 1835 591 1893 vitae,
625 1833 804 1895 quibus
831 1833 1091 1881 abiiciendi
1115 1833 1244 1890 boni,
1280 1848 1375 1896 quo
1410 1833 1594 1881 nullum
1622 1846 1768 1895 prae-

92 1914 302 1964 stantius
348 1913 582 1972 habetur,
628 1913 802 1960 eadem
836 1919 914 1961 est
954 1929 1158 1977 caussa,
1205 1928 1328 1975 quae
1363 1912 1463 1959 illis
1509 1910 1768 1960 retinendi.

91 1992 463 2058 Turpitudinem
498 1993 628 2040 enim
664 1993 857 2055 utrique
881 1993 1039 2040 vitare
1066 1992 1283 2043 student.
1332 1989 1668 2056 Turpissimus
1691 1994 1770 2039 est

92 2088 246 2122 senex
277 2071 492 2132 Pheres,
528 2072 611 2134 qui
646 2071 736 2118 filii
771 2073 874 2132 sui,
910 2078 961 2121 et
995 2072 1124 2136 regis
1160 2076 1212 2120 et
1245 2072 1461 2132 iuvenis,
1495 2071 1646 2119 vitam
1680 2085 1769 2119 sua

90 2156 250 2200 morte
284 2152 538 2199 exsolvere
572 2151 727 2199 noluit
762 2158 811 2199 et
846 2167 1019 2217 passus
1054 2158 1131 2200 est
1165 2167 1254 2216 pro
1291 2168 1345 2199 se
1379 2168 1584 2201 uxorem
1621 2150 1767 2198 huius

89 2231 214 2280 flore
246 2232 419 2279 aetatis
446 2231 693 2296 vigentem
729 2232 1003 2290 decedere,
1040 2249 1135 2296 qua
1169 2239 1407 2296 pereunte
1441 2233 1573 2280 salus
1609 2236 1661 2280 et
1693 2230 1766 2278 fe-

89 2312 248 2360 licitas
293 2311 467 2359 domus
502 2327 595 2360 una
629 2312 851 2375 peritura
883 2313 994 2361 fuit.
1074 2311 1268 2361 Contra
1295 2312 1569 2376 Iphigenia,
1613 2327 1764 2377 gene-

88 2391 343 2440 rosissima
369 2391 521 2454 virgo,
548 2392 765 2454 quamvis
795 2393 922 2440 vitae
951 2398 1087 2442 esset
1119 2393 1469 2451 amantissima,
1503 2397 1764 2458 postquam

89 2471 209 2519 vidit
242 2473 399 2520 virum
427 2472 930 2536 praestantissimum,
963 2472 1101 2521 cuius
1130 2474 1308 2522 virtute
1338 2474 1508 2520 hostes
1538 2469 1765 2520 vincendi

90 2556 286 2613 essent,
329 2567 474 2600 manu
520 2568 628 2600 cum
676 2551 982 2616 popularium
1032 2553 1253 2601 exercitu
1302 2558 1528 2601 conserta
1577 2567 1668 2615 pro
1708 2566 1764 2598 se

91 2630 356 2680 discrimen
397 2647 509 2679 esse
542 2632 668 2679 vitae
704 2633 977 2693 aditurum,
1022 2633 1227 2681 mutavit
1260 2633 1581 2690 sententiam,
1617 2647 1762 2694 quam

91 2715 233 2758 antea
266 2710 495 2774 professa
529 2717 662 2772 erat,
698 2716 749 2760 et
783 2711 1049 2774 gloriosam
1084 2719 1291 2761 mortem
1330 2713 1473 2761 saluti
1509 2710 1758 2775 praetulit.

90 2788 215 2837 Item
247 2789 509 2852 Polyxena,
544 2808 605 2839 ne
641 2799 725 2840 aut
758 2793 862 2855 ipsa
897 2799 982 2840 aut
1015 2799 1172 2840 mater
1207 2794 1394 2857 capillis
1430 2793 1625 2855 indigne
1659 2796 1761 2838 tra·

90 2868 295 2918 heretur
338 2870 540 2930 timens,
593 2877 803 2919 mortem
837 2878 1011 2936 sponte
1046 2878 1098 2920 et
1132 2888 1306 2936 magno
1341 2873 1500 2920 animo
1534 2870 1762 2920 obeundo

91 2947 308 2996 dedecus
352 2951 600 2999 servitutis
648 2952 834 3012 effugit.
917 2953 1069 3000 Cuius
1104 2954 1486 3015 generositatem
1522 2967 1618 3014 quo
1652 2950 1761 2997 loco

91 3033 261 3078 noster
293 3029 504 3088 ornavit,
540 3031 796 3094 explicavit
830 3033 1122 3080 sententiam
1156 3032 1311 3089 illam,
1362 3047 1507 3095 quam
1543 3046 1635 3094 ego
1670 3044 1765 3094 pro.

91 3109 314 3171 symbolo
365 3108 441 3156 vel
489 3113 676 3159 tessera
726 3111 914 3159 cunctis
968 3113 1073 3159 eius
1121 3111 1354 3175 operibus
1406 3110 1758 3175 inscripserim,

89 3188 321 3236 virtutem
355 3204 449 3236 non
484 3190 787 3238 extrinsecus
823 3191 1079 3255 religatam
1112 3191 1357 3254 pendere,
1405 3207 1502 3239 non
1535 3189 1759 3253 frugibus

92 3266 302 3316 similem
337 3267 498 3326 nasci,
534 3269 750 3318 bonitate
784 3272 890 3330 soli,
926 3272 958 3317 i.
996 3287 1038 3319 e.
1078 3278 1355 3334 parentum,
1390 3275 1474 3318 aut
1509 3268 1635 3317 coeli
1669 3283 1759 3331 op-

90 3351 300 3410 portuna
325 3352 639 3411 tempestate,
673 3350 704 3397 i.
718 3367 760 3398 e.
796 3367 957 3399 rerum
991 3351 1343 3414 hominumque
1375 3348 1657 3407 momentis,
1692 3347 1759 3394 in·

90 3431 392 3477 crementum
418 3428 783 3492 definientibuS,
810 3430 898 3480 sed
934 3446 996 3480 ex
1029 3430 1288 3495 disciplina
1333 3445 1391 3479 ac
1423 3430 1581 3480 libero
1614 3423 1761 3475 animi
