<?xml version="1.0" encoding="UTF-8"?>
<!DOCTYPE html PUBLIC "-//W3C//DTD XHTML 1.0 Transitional//EN"
    "http://www.w3.org/TR/xhtml1/DTD/xhtml1-transitional.dtd">
<html xmlns="http://www.w3.org/1999/xhtml" xml:lang="en" lang="en">
 <head>
  <title>
</title>
<meta http-equiv="Content-Type" content="text/html;charset=utf-8" />
  <meta name='ocr-system' content='tesseract 3.04.00' />
  <meta name='ocr-capabilities' content='ocr_page ocr_carea ocr_par ocr_line ocrx_word'/>
</head>
<body>
  <div class='ocr_page' id='page_1' title='image "./euripidesrestitu02hartuoft_0078.png"; bbox 0 0 2170 3848; ppageno 0'>
   <div class='ocr_carea' id='block_1_1' title="bbox 1196 266 1279 321">
    <p class='ocr_par' dir='ltr' id='par_1_1' title="bbox 1196 266 1279 321">
     <span class='ocr_line' id='line_1_1' title="bbox 1196 266 1279 321; baseline 0 0"><span class='ocrx_word' id='word_1_1' title='bbox 1196 266 1279 321; x_wconf 79' lang='lat'><strong>66</strong></span> 
     </span>
    </p>
   </div>
   <div class='ocr_carea' id='block_1_2' title="bbox 408 410 2084 3496">
    <p class='ocr_par' dir='ltr' id='par_1_2' title="bbox 408 410 2083 2777">
     <span class='ocr_line' id='line_1_2' title="bbox 411 410 2070 475; baseline -0.003 -8"><span class='ocrx_word' id='word_1_2' title='bbox 411 418 666 475; x_wconf 83' lang='lat' dir='ltr'><strong>stituisset,</strong></span> <span class='ocrx_word' id='word_1_3' title='bbox 701 414 762 462; x_wconf 89' lang='lat' dir='ltr'><strong>ad</strong></span> <span class='ocrx_word' id='word_1_4' title='bbox 795 418 976 462; x_wconf 89' lang='lat' dir='ltr'><strong>tantam</strong></span> <span class='ocrx_word' id='word_1_5' title='bbox 1011 411 1256 464; x_wconf 87' lang='lat' dir='ltr'><strong>revocavit</strong></span> <span class='ocrx_word' id='word_1_6' title='bbox 1290 410 1678 474; x_wconf 88' lang='lat' dir='ltr'><strong>simplicitatem,</strong></span> <span class='ocrx_word' id='word_1_7' title='bbox 1711 419 1767 462; x_wconf 92' lang='lat' dir='ltr'><strong>ut</strong></span> <span class='ocrx_word' id='word_1_8' title='bbox 1800 414 1947 462; x_wconf 85' lang='lat' dir='ltr'><strong>etlam</strong></span> <span class='ocrx_word' id='word_1_9' title='bbox 1981 427 2070 461; x_wconf 88' lang='lat' dir='ltr'><strong>no-</strong></span> 
     </span>
     <span class='ocr_line' id='line_1_3' title="bbox 410 489 2070 558; baseline -0.002 -14"><span class='ocrx_word' id='word_1_10' title='bbox 410 495 621 544; x_wconf 91' lang='lat' dir='ltr'><strong>minibus</strong></span> <span class='ocrx_word' id='word_1_11' title='bbox 652 494 864 558; x_wconf 87' lang='lat' dir='ltr'><strong>propriis</strong></span> <span class='ocrx_word' id='word_1_12' title='bbox 897 492 1121 540; x_wconf 74' lang='lat' dir='ltr'><strong>omnibu·</strong></span> <span class='ocrx_word' id='word_1_13' title='bbox 1156 490 1461 541; x_wconf 84' lang='lat' dir='ltr'><strong>abstinuerit.</strong></span> <span class='ocrx_word' id='word_1_14' title='bbox 1518 489 1670 540; x_wconf 88' lang='lat' dir='ltr'><strong>Plane</strong></span> <span class='ocrx_word' id='word_1_15' title='bbox 1703 492 1909 542; x_wconf 85' lang='lat' dir='ltr'><strong>eandem</strong></span> <span class='ocrx_word' id='word_1_16' title='bbox 1944 492 2070 540; x_wconf 89' lang='lat' dir='ltr'><strong>viam</strong></span> 
     </span>
     <span class='ocr_line' id='line_1_4' title="bbox 413 569 2075 637; baseline -0.002 -15"><span class='ocrx_word' id='word_1_17' title='bbox 413 573 674 637; x_wconf 78' lang='lat' dir='ltr'>Euripides</span> <span class='ocrx_word' id='word_1_18' title='bbox 707 575 954 637; x_wconf 88' lang='lat' dir='ltr'><strong>ingressus</strong></span> <span class='ocrx_word' id='word_1_19' title='bbox 1001 577 1079 618; x_wconf 89' lang='lat' dir='ltr'><strong>est</strong></span> <span class='ocrx_word' id='word_1_20' title='bbox 1112 574 1337 618; x_wconf 83' lang='lat' dir='ltr'>recentes</span> <span class='ocrx_word' id='word_1_21' title='bbox 1370 569 1481 618; x_wconf 84' lang='lat' dir='ltr'><strong>fere</strong></span> <span class='ocrx_word' id='word_1_22' title='bbox 1512 585 1595 618; x_wconf 89' lang='lat' dir='ltr'><strong>res</strong></span> <span class='ocrx_word' id='word_1_23' title='bbox 1631 587 1688 619; x_wconf 82' lang='lat' dir='ltr'><strong>ac</strong></span> <span class='ocrx_word' id='word_1_24' title='bbox 1721 588 1810 621; x_wconf 86' lang='lat' dir='ltr'><strong>sua</strong></span> <span class='ocrx_word' id='word_1_25' title='bbox 1836 572 2075 621; x_wconf 88' lang='lat' dir='ltr'><strong>memoria</strong></span> 
     </span>
     <span class='ocr_line' id='line_1_5' title="bbox 409 650 2073 718; baseline -0.002 -17"><span class='ocrx_word' id='word_1_26' title='bbox 409 659 575 718; x_wconf 88' lang='lat' dir='ltr'><strong>gestas</strong></span> <span class='ocrx_word' id='word_1_27' title='bbox 609 652 838 700; x_wconf 88' lang='lat' dir='ltr'><strong>imitando</strong></span> <span class='ocrx_word' id='word_1_28' title='bbox 873 657 923 699; x_wconf 85' lang='lat' dir='ltr'><strong>et</strong></span> <span class='ocrx_word' id='word_1_29' title='bbox 955 651 1004 697; x_wconf 90' lang='lat' dir='ltr'><strong>in</strong></span> <span class='ocrx_word' id='word_1_30' title='bbox 1036 650 1242 697; x_wconf 90' lang='lat' dir='ltr'><strong>heroum</strong></span> <span class='ocrx_word' id='word_1_31' title='bbox 1278 650 1471 697; x_wconf 87' lang='lat' dir='ltr'><strong>nomina</strong></span> <span class='ocrx_word' id='word_1_32' title='bbox 1491 685 1504 708; x_wconf 92' lang='lat'>‚</span> <span class='ocrx_word' id='word_1_33' title='bbox 1539 654 1761 714; x_wconf 86' lang='lat' dir='ltr'><strong>tempora</strong></span> <span class='ocrx_word' id='word_1_34' title='bbox 1792 652 2073 715; x_wconf 82' lang='lat' dir='ltr'><strong>patriasque</strong></span> 
     </span>
     <span class='ocr_line' id='line_1_6' title="bbox 410 729 2076 795; baseline -0.002 -14"><span class='ocrx_word' id='word_1_35' title='bbox 410 731 782 781; x_wconf 87' lang='lat' dir='ltr'><strong>transferendo:</strong></span> <span class='ocrx_word' id='word_1_36' title='bbox 829 731 966 779; x_wconf 89' lang='lat' dir='ltr'><strong>cuius</strong></span> <span class='ocrx_word' id='word_1_37' title='bbox 1011 730 1219 777; x_wconf 86' lang='lat' dir='ltr'><strong>instituti</strong></span> <span class='ocrx_word' id='word_1_38' title='bbox 1265 729 1653 778; x_wconf 90' lang='lat' dir='ltr'><strong>luculentissima</strong></span> <span class='ocrx_word' id='word_1_39' title='bbox 1698 735 1812 779; x_wconf 89' lang='lat' dir='ltr'><strong>sunt</strong></span> <span class='ocrx_word' id='word_1_40' title='bbox 1848 729 2076 795; x_wconf 86' lang='lat' dir='ltr'><strong>exempla</strong></span> 
     </span>
     <span class='ocr_line' id='line_1_7' title="bbox 408 808 2076 874; baseline -0.001 -15"><span class='ocrx_word' id='word_1_41' title='bbox 408 811 603 862; x_wconf 86' lang='lat' dir='ltr'><strong>fabulae</strong></span> <span class='ocrx_word' id='word_1_42' title='bbox 638 810 847 874; x_wconf 81' lang='lat' dir='ltr'>Telephi</span> <span class='ocrx_word' id='word_1_43' title='bbox 893 815 944 858; x_wconf 90' lang='lat' dir='ltr'><strong>et</strong></span> <span class='ocrx_word' id='word_1_44' title='bbox 979 808 1267 867; x_wconf 89' lang='lat' dir='ltr'><strong>Phoenicis,</strong></span> <span class='ocrx_word' id='word_1_45' title='bbox 1315 825 1518 872; x_wconf 87' lang='lat' dir='ltr'><strong>quarum</strong></span> <span class='ocrx_word' id='word_1_46' title='bbox 1553 814 1630 857; x_wconf 89' lang='lat' dir='ltr'><strong>est</strong></span> <span class='ocrx_word' id='word_1_47' title='bbox 1663 809 1820 858; x_wconf 86' lang='lat' dir='ltr'><strong>altera</strong></span> <span class='ocrx_word' id='word_1_48' title='bbox 1851 809 1955 858; x_wconf 83' lang='lat' dir='ltr'><strong>fata</strong></span> <span class='ocrx_word' id='word_1_49' title='bbox 1988 826 2076 858; x_wconf 85' lang='lat' dir='ltr'><strong>ca-</strong></span> 
     </span>
     <span class='ocr_line' id='line_1_8' title="bbox 409 888 2074 955; baseline -0.002 -16"><span class='ocrx_word' id='word_1_50' title='bbox 409 907 589 955; x_wconf 89' lang='lat' dir='ltr'><strong>susque</strong></span> <span class='ocrx_word' id='word_1_51' title='bbox 622 889 974 937; x_wconf 81' lang='lat' dir='ltr'><strong>Themistoclis</strong></span> <span class='ocrx_word' id='word_1_52' title='bbox 1007 888 1260 952; x_wconf 79' lang='lat' dir='ltr'><strong>pleraque,</strong></span> <span class='ocrx_word' id='word_1_53' title='bbox 1296 888 1452 936; x_wconf 89' lang='lat' dir='ltr'><strong>altera</strong></span> <span class='ocrx_word' id='word_1_54' title='bbox 1487 904 1706 936; x_wconf 88' lang='lat' dir='ltr'><strong>errorem</strong></span> <span class='ocrx_word' id='word_1_55' title='bbox 1741 890 1874 937; x_wconf 75' lang='lat' dir='ltr'><strong>senis</strong></span> <span class='ocrx_word' id='word_1_56' title='bbox 1911 888 2074 937; x_wconf 89' lang='lat' dir='ltr'><strong>cuius-</strong></span> 
     </span>
     <span class='ocr_line' id='line_1_9' title="bbox 409 968 2074 1033; baseline -0.001 -15"><span class='ocrx_word' id='word_1_57' title='bbox 409 971 519 1018; x_wconf 80' lang='lat' dir='ltr'><strong>dam</strong></span> <span class='ocrx_word' id='word_1_58' title='bbox 553 969 843 1033; x_wconf 83' lang='lat' dir='ltr'><strong>Anagyrasii</strong></span> <span class='ocrx_word' id='word_1_59' title='bbox 876 969 1107 1032; x_wconf 85' lang='lat' dir='ltr'><strong>imitatus.</strong></span> <span class='ocrx_word' id='word_1_60' title='bbox 1158 969 1281 1016; x_wconf 84' lang='lat' dir='ltr'><strong>Eam</strong></span> <span class='ocrx_word' id='word_1_61' title='bbox 1304 969 1558 1027; x_wconf 88' lang='lat' dir='ltr'><strong>rationem,</strong></span> <span class='ocrx_word' id='word_1_62' title='bbox 1592 968 1739 1032; x_wconf 90' lang='lat' dir='ltr'><strong>plane</strong></span> <span class='ocrx_word' id='word_1_63' title='bbox 1762 968 2074 1027; x_wconf 87' lang='lat' dir='ltr'><strong>laudabilem,</strong></span> 
     </span>
     <span class='ocr_line' id='line_1_10' title="bbox 410 1046 2076 1112; baseline -0.002 -15"><span class='ocrx_word' id='word_1_64' title='bbox 410 1050 549 1098; x_wconf 92' lang='lat' dir='ltr'><strong>multi</strong></span> <span class='ocrx_word' id='word_1_65' title='bbox 583 1050 731 1096; x_wconf 90' lang='lat' dir='ltr'><strong>hodie</strong></span> <span class='ocrx_word' id='word_1_66' title='bbox 765 1064 860 1095; x_wconf 92' lang='lat' dir='ltr'><strong>non</strong></span> <span class='ocrx_word' id='word_1_67' title='bbox 895 1048 1168 1112; x_wconf 79' lang='lat' dir='ltr'><strong>perspectis</strong></span> <span class='ocrx_word' id='word_1_68' title='bbox 1206 1049 1390 1096; x_wconf 81' lang='lat' dir='ltr'><strong>caussis</strong></span> <span class='ocrx_word' id='word_1_69' title='bbox 1426 1063 1586 1111; x_wconf 90' lang='lat' dir='ltr'><strong>neque</strong></span> <span class='ocrx_word' id='word_1_70' title='bbox 1618 1053 1878 1110; x_wconf 89' lang='lat' dir='ltr'><strong>poetarum</strong></span> <span class='ocrx_word' id='word_1_71' title='bbox 1910 1051 1962 1095; x_wconf 94' lang='lat' dir='ltr'><strong>et</strong></span> <span class='ocrx_word' id='word_1_72' title='bbox 1992 1046 2076 1094; x_wconf 86' lang='lat' dir='ltr'><strong>hi-</strong></span> 
     </span>
     <span class='ocr_line' id='line_1_11' title="bbox 410 1126 2076 1191; baseline -0.002 -14"><span class='ocrx_word' id='word_1_73' title='bbox 410 1129 702 1177; x_wconf 88' lang='lat' dir='ltr'><strong>storicorum</strong></span> <span class='ocrx_word' id='word_1_74' title='bbox 736 1126 916 1174; x_wconf 84' lang='lat' dir='ltr'><strong>officiis</strong></span> <span class='ocrx_word' id='word_1_75' title='bbox 953 1128 1068 1174; x_wconf 87' lang='lat' dir='ltr'><strong>satis</strong></span> <span class='ocrx_word' id='word_1_76' title='bbox 1095 1127 1333 1175; x_wconf 83' lang='lat' dir='ltr'><strong>distinctis</strong></span> <span class='ocrx_word' id='word_1_77' title='bbox 1357 1128 1649 1191; x_wconf 74' lang='lat' dir='ltr'><strong>vituperant,</strong></span> <span class='ocrx_word' id='word_1_78' title='bbox 1684 1127 1912 1176; x_wconf 90' lang='lat' dir='ltr'><strong>nimirum</strong></span> <span class='ocrx_word' id='word_1_79' title='bbox 1929 1142 2076 1189; x_wconf 85' lang='lat' dir='ltr'><strong>aegre</strong></span> 
     </span>
     <span class='ocr_line' id='line_1_12' title="bbox 408 1205 2076 1271; baseline -0.002 -14"><span class='ocrx_word' id='word_1_80' title='bbox 408 1205 646 1264; x_wconf 85' lang='lat' dir='ltr'><strong>ferenteS,</strong></span> <span class='ocrx_word' id='word_1_81' title='bbox 683 1206 810 1269; x_wconf 89' lang='lat' dir='ltr'><strong>quod</strong></span> <span class='ocrx_word' id='word_1_82' title='bbox 836 1206 1070 1270; x_wconf 85' lang='lat' dir='ltr'><strong>pleraque</strong></span> <span class='ocrx_word' id='word_1_83' title='bbox 1102 1213 1386 1271; x_wconf 86' lang='lat' dir='ltr'><strong>argumenta</strong></span> <span class='ocrx_word' id='word_1_84' title='bbox 1398 1205 1664 1270; x_wconf 85' lang='lat' dir='ltr'><strong>Euripides</strong></span> <span class='ocrx_word' id='word_1_85' title='bbox 1682 1206 1841 1266; x_wconf 88' lang='lat' dir='ltr'><strong>aliter,</strong></span> <span class='ocrx_word' id='word_1_86' title='bbox 1876 1221 2026 1268; x_wconf 85' lang='lat' dir='ltr'><strong>quam</strong></span> <span class='ocrx_word' id='word_1_87' title='bbox 2047 1221 2076 1252; x_wconf 88' lang='lat' dir='ltr'><strong>a</strong></span> 
     </span>
     <span class='ocr_line' id='line_1_13' title="bbox 408 1285 2074 1352; baseline -0.002 -17"><span class='ocrx_word' id='word_1_88' title='bbox 408 1288 656 1352; x_wconf 84' lang='lat' dir='ltr'><strong>prioribus</strong></span> <span class='ocrx_word' id='word_1_89' title='bbox 673 1287 963 1350; x_wconf 84' lang='lat' dir='ltr'><strong>accepisset,</strong></span> <span class='ocrx_word' id='word_1_90' title='bbox 989 1285 1384 1334; x_wconf 72' lang='lat' dir='ltr'><strong>conformaverit.</strong></span> <span class='ocrx_word' id='word_1_91' title='bbox 1422 1285 1698 1347; x_wconf 77' lang='lat' dir='ltr'><strong>Quinescio</strong></span> <span class='ocrx_word' id='word_1_92' title='bbox 1715 1300 1860 1347; x_wconf 89' lang='lat' dir='ltr'><strong>quam</strong></span> <span class='ocrx_word' id='word_1_93' title='bbox 1887 1285 2074 1349; x_wconf 87' lang='lat' dir='ltr'><strong>impru-</strong></span> 
     </span>
     <span class='ocr_line' id='line_1_14' title="bbox 411 1365 2075 1428; baseline -0.002 -13"><span class='ocrx_word' id='word_1_94' title='bbox 411 1367 623 1415; x_wconf 87' lang='lat' dir='ltr'><strong>dentiam</strong></span> <span class='ocrx_word' id='word_1_95' title='bbox 649 1370 700 1414; x_wconf 91' lang='lat' dir='ltr'><strong>et</strong></span> <span class='ocrx_word' id='word_1_96' title='bbox 721 1365 1061 1413; x_wconf 84' lang='lat' dir='ltr'><strong>credulitatem</strong></span> <span class='ocrx_word' id='word_1_97' title='bbox 1092 1365 1350 1428; x_wconf 87' lang='lat' dir='ltr'><strong>opinantur</strong></span> <span class='ocrx_word' id='word_1_98' title='bbox 1375 1365 1532 1414; x_wconf 83' lang='lat' dir='ltr'><strong>fuisse</strong></span> <span class='ocrx_word' id='word_1_99' title='bbox 1556 1369 1776 1413; x_wconf 87' lang='lat' dir='ltr'><strong>veterum</strong></span> <span class='ocrx_word' id='word_1_100' title='bbox 1798 1368 2075 1428; x_wconf 86' lang='lat' dir='ltr'><strong>poetarum,</strong></span> 
     </span>
     <span class='ocr_line' id='line_1_15' title="bbox 411 1444 2077 1510; baseline -0.002 -15"><span class='ocrx_word' id='word_1_101' title='bbox 411 1452 466 1495; x_wconf 90' lang='lat' dir='ltr'><strong>ut</strong></span> <span class='ocrx_word' id='word_1_102' title='bbox 499 1462 635 1494; x_wconf 89' lang='lat' dir='ltr'><strong>more</strong></span> <span class='ocrx_word' id='word_1_103' title='bbox 668 1446 915 1509; x_wconf 86' lang='lat' dir='ltr'><strong>modoque</strong></span> <span class='ocrx_word' id='word_1_104' title='bbox 938 1460 1203 1510; x_wconf 89' lang='lat' dir='ltr'><strong>puerorum</strong></span> <span class='ocrx_word' id='word_1_105' title='bbox 1227 1445 1415 1508; x_wconf 85' lang='lat' dir='ltr'><strong>fingere</strong></span> <span class='ocrx_word' id='word_1_106' title='bbox 1439 1460 1494 1492; x_wconf 90' lang='lat' dir='ltr'><strong>se</strong></span> <span class='ocrx_word' id='word_1_107' title='bbox 1515 1444 1613 1509; x_wconf 89' lang='lat' dir='ltr'><strong>ipsi</strong></span> <span class='ocrx_word' id='word_1_108' title='bbox 1629 1445 1891 1502; x_wconf 87' lang='lat' dir='ltr'><strong>nescirent,</strong></span> <span class='ocrx_word' id='word_1_109' title='bbox 1926 1459 2077 1507; x_wconf 88' lang='lat' dir='ltr'><strong>quum</strong></span> 
     </span>
     <span class='ocr_line' id='line_1_16' title="bbox 411 1523 2076 1588; baseline -0.001 -15"><span class='ocrx_word' id='word_1_110' title='bbox 411 1528 535 1574; x_wconf 90' lang='lat' dir='ltr'><strong>bona</strong></span> <span class='ocrx_word' id='word_1_111' title='bbox 584 1525 685 1572; x_wconf 88' lang='lat' dir='ltr'><strong>fide</strong></span> <span class='ocrx_word' id='word_1_112' title='bbox 733 1531 938 1587; x_wconf 85' lang='lat' dir='ltr'><strong>accepta</strong></span> <span class='ocrx_word' id='word_1_113' title='bbox 984 1539 1107 1586; x_wconf 91' lang='lat' dir='ltr'><strong>quae</strong></span> <span class='ocrx_word' id='word_1_114' title='bbox 1153 1524 1419 1572; x_wconf 88' lang='lat' dir='ltr'><strong>memoriae</strong></span> <span class='ocrx_word' id='word_1_115' title='bbox 1464 1523 1765 1588; x_wconf 71' lang='lat' dir='ltr'><strong>prodidisset</strong></span> <span class='ocrx_word' id='word_1_116' title='bbox 1814 1523 2076 1587; x_wconf 80' lang='lat' dir='ltr'><strong>antiquitas</strong></span> 
     </span>
     <span class='ocr_line' id='line_1_17' title="bbox 413 1603 2076 1668; baseline -0.001 -16"><span class='ocrx_word' id='word_1_117' title='bbox 413 1604 700 1668; x_wconf 84' lang='lat' dir='ltr'><strong>simpliciter</strong></span> <span class='ocrx_word' id='word_1_118' title='bbox 734 1620 844 1651; x_wconf 90' lang='lat' dir='ltr'><strong>cum</strong></span> <span class='ocrx_word' id='word_1_119' title='bbox 879 1603 1022 1668; x_wconf 85' lang='lat' dir='ltr'><strong>vulgo</strong></span> <span class='ocrx_word' id='word_1_120' title='bbox 1059 1605 1501 1663; x_wconf 78' lang='lat' dir='ltr'><strong>communicarent,</strong></span> <span class='ocrx_word' id='word_1_121' title='bbox 1542 1603 1675 1652; x_wconf 89' lang='lat' dir='ltr'><strong>haud</strong></span> <span class='ocrx_word' id='word_1_122' title='bbox 1710 1603 1866 1666; x_wconf 88' lang='lat' dir='ltr'><strong>magis</strong></span> <span class='ocrx_word' id='word_1_123' title='bbox 1897 1603 2076 1651; x_wconf 88' lang='lat' dir='ltr'><strong>immu-</strong></span> 
     </span>
     <span class='ocr_line' id='line_1_18' title="bbox 413 1680 2078 1747; baseline -0.002 -15"><span class='ocrx_word' id='word_1_124' title='bbox 413 1688 513 1732; x_wconf 86' lang='lat' dir='ltr'><strong>tata</strong></span> <span class='ocrx_word' id='word_1_125' title='bbox 547 1699 691 1747; x_wconf 87' lang='lat' dir='ltr'><strong>quam</strong></span> <span class='ocrx_word' id='word_1_126' title='bbox 724 1681 832 1730; x_wconf 86' lang='lat' dir='ltr'><strong>fere</strong></span> <span class='ocrx_word' id='word_1_127' title='bbox 868 1698 1056 1739; x_wconf 83' lang='lat' dir='ltr'><strong>omnes,</strong></span> <span class='ocrx_word' id='word_1_128' title='bbox 1093 1683 1176 1746; x_wconf 91' lang='lat' dir='ltr'><strong>qui</strong></span> <span class='ocrx_word' id='word_1_129' title='bbox 1210 1699 1265 1731; x_wconf 89' lang='lat' dir='ltr'><strong>se</strong></span> <span class='ocrx_word' id='word_1_130' title='bbox 1297 1683 1453 1731; x_wconf 89' lang='lat' dir='ltr'><strong>relata</strong></span> <span class='ocrx_word' id='word_1_131' title='bbox 1485 1682 1679 1731; x_wconf 88' lang='lat' dir='ltr'><strong>referre</strong></span> <span class='ocrx_word' id='word_1_132' title='bbox 1711 1682 1900 1742; x_wconf 87' lang='lat' dir='ltr'><strong>dicant,</strong></span> <span class='ocrx_word' id='word_1_133' title='bbox 1934 1680 2078 1732; x_wconf 89' lang='lat' dir='ltr'><strong>inscii</strong></span> 
     </span>
     <span class='ocr_line' id='line_1_19' title="bbox 412 1761 2076 1827; baseline -0.001 -16"><span class='ocrx_word' id='word_1_134' title='bbox 412 1763 650 1825; x_wconf 86' lang='lat' dir='ltr'><strong>invitique</strong></span> <span class='ocrx_word' id='word_1_135' title='bbox 683 1761 959 1810; x_wconf 85' lang='lat' dir='ltr'><strong>immutent.</strong></span> <span class='ocrx_word' id='word_1_136' title='bbox 1028 1761 1185 1823; x_wconf 80' lang='lat' dir='ltr'><strong>Quam</strong></span> <span class='ocrx_word' id='word_1_137' title='bbox 1226 1762 1583 1827; x_wconf 88' lang='lat' dir='ltr'><strong>imprudentiae</strong></span> <span class='ocrx_word' id='word_1_138' title='bbox 1617 1762 1892 1826; x_wconf 87' lang='lat' dir='ltr'><strong>opinionem</strong></span> <span class='ocrx_word' id='word_1_139' title='bbox 1925 1777 2076 1825; x_wconf 90' lang='lat' dir='ltr'><strong>quum</strong></span> 
     </span>
     <span class='ocr_line' id='line_1_20' title="bbox 413 1839 2078 1904; baseline -0.001 -15"><span class='ocrx_word' id='word_1_140' title='bbox 413 1843 462 1891; x_wconf 90' lang='lat' dir='ltr'><strong>in</strong></span> <span class='ocrx_word' id='word_1_141' title='bbox 495 1839 782 1904; x_wconf 79' lang='lat' dir='ltr'><strong>Euripidem</strong></span> <span class='ocrx_word' id='word_1_142' title='bbox 830 1841 1021 1900; x_wconf 87' lang='lat' dir='ltr'><strong>minus,</strong></span> <span class='ocrx_word' id='word_1_143' title='bbox 1071 1857 1215 1903; x_wconf 89' lang='lat' dir='ltr'><strong>quam</strong></span> <span class='ocrx_word' id='word_1_144' title='bbox 1262 1842 1312 1890; x_wconf 90' lang='lat' dir='ltr'><strong>in</strong></span> <span class='ocrx_word' id='word_1_145' title='bbox 1350 1842 1620 1890; x_wconf 87' lang='lat' dir='ltr'><strong>Homerum</strong></span> <span class='ocrx_word' id='word_1_146' title='bbox 1667 1841 1744 1890; x_wconf 84' lang='lat' dir='ltr'><strong>vel</strong></span> <span class='ocrx_word' id='word_1_147' title='bbox 1779 1841 2078 1904; x_wconf 81' lang='lat' dir='ltr'><strong>Aeschylum</strong></span> 
     </span>
     <span class='ocr_line' id='line_1_21' title="bbox 415 1918 2080 1984; baseline -0.001 -15"><span class='ocrx_word' id='word_1_148' title='bbox 415 1921 494 1969; x_wconf 90' lang='lat' dir='ltr'><strong>vel</strong></span> <span class='ocrx_word' id='word_1_149' title='bbox 527 1918 841 1982; x_wconf 75' lang='lat' dir='ltr'><strong>Sophoclem,</strong></span> <span class='ocrx_word' id='word_1_150' title='bbox 875 1919 1055 1967; x_wconf 88' lang='lat' dir='ltr'><strong>cadere</strong></span> <span class='ocrx_word' id='word_1_151' title='bbox 1087 1919 1445 1984; x_wconf 79' lang='lat' dir='ltr'><strong>intelligerent,</strong></span> <span class='ocrx_word' id='word_1_152' title='bbox 1495 1937 1674 1969; x_wconf 91' lang='lat' dir='ltr'><strong>novum</strong></span> <span class='ocrx_word' id='word_1_153' title='bbox 1706 1921 1952 1970; x_wconf 82' lang='lat' dir='ltr'><strong>finxerunt</strong></span> <span class='ocrx_word' id='word_1_154' title='bbox 1984 1919 2080 1968; x_wconf 87' lang='lat' dir='ltr'><strong>cri-</strong></span> 
     </span>
     <span class='ocr_line' id='line_1_22' title="bbox 416 1997 2079 2062; baseline -0.001 -14"><span class='ocrx_word' id='word_1_155' title='bbox 416 2015 545 2059; x_wconf 90' lang='lat' dir='ltr'><strong>men,</strong></span> <span class='ocrx_word' id='word_1_156' title='bbox 581 1997 711 2062; x_wconf 90' lang='lat' dir='ltr'><strong>quod</strong></span> <span class='ocrx_word' id='word_1_157' title='bbox 746 1997 936 2044; x_wconf 83' lang='lat' dir='ltr'><strong>fabulas</strong></span> <span class='ocrx_word' id='word_1_158' title='bbox 973 1998 1032 2044; x_wconf 91' lang='lat' dir='ltr'><strong>ad</strong></span> <span class='ocrx_word' id='word_1_159' title='bbox 1068 2003 1282 2046; x_wconf 91' lang='lat' dir='ltr'><strong>mentem</strong></span> <span class='ocrx_word' id='word_1_160' title='bbox 1317 2015 1454 2047; x_wconf 83' lang='lat' dir='ltr'><strong>suam</strong></span> <span class='ocrx_word' id='word_1_161' title='bbox 1477 2000 1865 2062; x_wconf 88' lang='lat' dir='ltr'><strong>sententiamque</strong></span> <span class='ocrx_word' id='word_1_162' title='bbox 1885 2014 2079 2048; x_wconf 84' lang='lat' dir='ltr'><strong>accom-</strong></span> 
     </span>
     <span class='ocr_line' id='line_1_23' title="bbox 417 2076 2080 2142; baseline 0 -16"><span class='ocrx_word' id='word_1_163' title='bbox 417 2077 657 2126; x_wconf 87' lang='lat' dir='ltr'><strong>modando</strong></span> <span class='ocrx_word' id='word_1_164' title='bbox 691 2076 890 2124; x_wconf 89' lang='lat' dir='ltr'><strong>liberius</strong></span> <span class='ocrx_word' id='word_1_165' title='bbox 925 2076 1256 2125; x_wconf 83' lang='lat' dir='ltr'><strong>immutasset:</strong></span> <span class='ocrx_word' id='word_1_166' title='bbox 1302 2080 1432 2140; x_wconf 91' lang='lat' dir='ltr'><strong>quod</strong></span> <span class='ocrx_word' id='word_1_167' title='bbox 1477 2080 1663 2126; x_wconf 90' lang='lat' dir='ltr'><strong>crimen</strong></span> <span class='ocrx_word' id='word_1_168' title='bbox 1695 2078 1744 2126; x_wconf 90' lang='lat' dir='ltr'><strong>in</strong></span> <span class='ocrx_word' id='word_1_169' title='bbox 1781 2078 2080 2142; x_wconf 87' lang='lat' dir='ltr'><strong>Sophoclem</strong></span> 
     </span>
     <span class='ocr_line' id='line_1_24' title="bbox 416 2156 2081 2219; baseline -0.001 -13"><span class='ocrx_word' id='word_1_170' title='bbox 416 2174 511 2206; x_wconf 90' lang='lat' dir='ltr'><strong>non</strong></span> <span class='ocrx_word' id='word_1_171' title='bbox 556 2157 718 2205; x_wconf 81' lang='lat' dir='ltr'><strong>minus</strong></span> <span class='ocrx_word' id='word_1_172' title='bbox 768 2171 911 2219; x_wconf 87' lang='lat' dir='ltr'><strong>quam</strong></span> <span class='ocrx_word' id='word_1_173' title='bbox 957 2156 1006 2202; x_wconf 90' lang='lat' dir='ltr'><strong>in</strong></span> <span class='ocrx_word' id='word_1_174' title='bbox 1055 2156 1191 2204; x_wconf 89' lang='lat' dir='ltr'><strong>illum</strong></span> <span class='ocrx_word' id='word_1_175' title='bbox 1227 2157 1484 2204; x_wconf 88' lang='lat' dir='ltr'><strong>convenire</strong></span> <span class='ocrx_word' id='word_1_176' title='bbox 1517 2157 1664 2206; x_wconf 81' lang='lat' dir='ltr'><strong>facile</strong></span> <span class='ocrx_word' id='word_1_177' title='bbox 1699 2162 1777 2206; x_wconf 88' lang='lat' dir='ltr'><strong>est</strong></span> <span class='ocrx_word' id='word_1_178' title='bbox 1808 2157 2081 2206; x_wconf 88' lang='lat' dir='ltr'><strong>intellectu.</strong></span> 
     </span>
     <span class='ocr_line' id='line_1_25' title="bbox 419 2235 2082 2298; baseline 0 -14"><span class='ocrx_word' id='word_1_179' title='bbox 419 2236 548 2298; x_wconf 79' lang='lat' dir='ltr'><strong>Quid</strong></span> <span class='ocrx_word' id='word_1_180' title='bbox 596 2235 762 2284; x_wconf 61' lang='lat' dir='ltr'><strong>enim?</strong></span> <span class='ocrx_word' id='word_1_181' title='bbox 810 2250 969 2283; x_wconf 90' lang='lat' dir='ltr'><strong>nonne</strong></span> <span class='ocrx_word' id='word_1_182' title='bbox 1000 2235 1110 2292; x_wconf 87' lang='lat' dir='ltr'><strong>hic,</strong></span> <span class='ocrx_word' id='word_1_183' title='bbox 1155 2240 1211 2284; x_wconf 88' lang='lat' dir='ltr'><strong>ut</strong></span> <span class='ocrx_word' id='word_1_184' title='bbox 1243 2236 1339 2284; x_wconf 92' lang='lat' dir='ltr'><strong>hoc</strong></span> <span class='ocrx_word' id='word_1_185' title='bbox 1373 2252 1471 2284; x_wconf 92' lang='lat' dir='ltr'><strong>uno</strong></span> <span class='ocrx_word' id='word_1_186' title='bbox 1506 2240 1639 2296; x_wconf 87' lang='lat' dir='ltr'><strong>utar,</strong></span> <span class='ocrx_word' id='word_1_187' title='bbox 1683 2237 1998 2285; x_wconf 90' lang='lat' dir='ltr'><strong>solitudinem</strong></span> <span class='ocrx_word' id='word_1_188' title='bbox 2032 2242 2082 2284; x_wconf 90' lang='lat' dir='ltr'><strong>et</strong></span> 
     </span>
     <span class='ocr_line' id='line_1_26' title="bbox 418 2314 2081 2380; baseline 0.001 -19"><span class='ocrx_word' id='word_1_189' title='bbox 418 2315 698 2363; x_wconf 77' lang='lat' dir='ltr'><strong>vastitatem</strong></span> <span class='ocrx_word' id='word_1_190' title='bbox 726 2314 1112 2371; x_wconf 78' lang='lat' dir='ltr'><strong>desertissimum</strong></span> <span class='ocrx_word' id='word_1_191' title='bbox 1133 2315 1182 2362; x_wconf 88' lang='lat' dir='ltr'><strong>in</strong></span> <span class='ocrx_word' id='word_1_192' title='bbox 1205 2314 1393 2363; x_wconf 91' lang='lat' dir='ltr'><strong>Lemno</strong></span> <span class='ocrx_word' id='word_1_193' title='bbox 1417 2332 1530 2364; x_wconf 93' lang='lat' dir='ltr'><strong>esse</strong></span> <span class='ocrx_word' id='word_1_194' title='bbox 1556 2316 1712 2375; x_wconf 83' lang='lat' dir='ltr'><strong>finxit,</strong></span> <span class='ocrx_word' id='word_1_195' title='bbox 1747 2332 1892 2380; x_wconf 89' lang='lat' dir='ltr'><strong>quam</strong></span> <span class='ocrx_word' id='word_1_196' title='bbox 1907 2315 2081 2364; x_wconf 84' lang='lat' dir='ltr'><strong>cellam</strong></span> 
     </span>
     <span class='ocr_line' id='line_1_27' title="bbox 421 2392 2081 2459; baseline 0 -17"><span class='ocrx_word' id='word_1_197' title='bbox 421 2392 724 2442; x_wconf 87' lang='lat' dir='ltr'><strong>Graecorum</strong></span> <span class='ocrx_word' id='word_1_198' title='bbox 766 2394 999 2442; x_wconf 82' lang='lat' dir='ltr'><strong>vinariam</strong></span> <span class='ocrx_word' id='word_1_199' title='bbox 1048 2410 1160 2449; x_wconf 85' lang='lat' dir='ltr'><strong>esse</strong></span> <span class='ocrx_word' id='word_1_200' title='bbox 1200 2394 1407 2443; x_wconf 86' lang='lat' dir='ltr'><strong>finxerat</strong></span> <span class='ocrx_word' id='word_1_201' title='bbox 1438 2396 1714 2456; x_wconf 90' lang='lat' dir='ltr'><strong>Homerus,</strong></span> <span class='ocrx_word' id='word_1_202' title='bbox 1761 2411 1905 2459; x_wconf 82' lang='lat' dir='ltr'><strong>quam</strong></span> <span class='ocrx_word' id='word_1_203' title='bbox 1948 2394 2081 2443; x_wconf 86' lang='lat' dir='ltr'><strong>cultu</strong></span> 
     </span>
     <span class='ocr_line' id='line_1_28' title="bbox 418 2472 2083 2523; baseline 0 -3"><span class='ocrx_word' id='word_1_204' title='bbox 418 2472 687 2521; x_wconf 88' lang='lat' dir='ltr'><strong>laetissimo</strong></span> <span class='ocrx_word' id='word_1_205' title='bbox 735 2473 912 2522; x_wconf 85' lang='lat' dir='ltr'><strong>florere</strong></span> <span class='ocrx_word' id='word_1_206' title='bbox 958 2489 1125 2521; x_wconf 88' lang='lat' dir='ltr'><strong>omnes</strong></span> <span class='ocrx_word' id='word_1_207' title='bbox 1174 2473 1426 2522; x_wconf 64' lang='lat' dir='ltr'><strong>sciebant‘z</strong></span> <span class='ocrx_word' id='word_1_208' title='bbox 1492 2473 1681 2523; x_wconf 87' lang='lat' dir='ltr'><strong>Verum</strong></span> <span class='ocrx_word' id='word_1_209' title='bbox 1725 2475 1874 2523; x_wconf 85' lang='lat' dir='ltr'><strong>talem</strong></span> <span class='ocrx_word' id='word_1_210' title='bbox 1912 2489 2083 2523; x_wconf 87' lang='lat' dir='ltr'><strong>rerum</strong></span> 
     </span>
     <span class='ocr_line' id='line_1_29' title="bbox 420 2551 2081 2617; baseline 0.001 -19"><span class='ocrx_word' id='word_1_211' title='bbox 420 2551 806 2601; x_wconf 88' lang='lat' dir='ltr'><strong>immutationem</strong></span> <span class='ocrx_word' id='word_1_212' title='bbox 856 2569 1099 2616; x_wconf 81' lang='lat' dir='ltr'><strong>nunquam</strong></span> <span class='ocrx_word' id='word_1_213' title='bbox 1147 2553 1338 2615; x_wconf 88' lang='lat' dir='ltr'><strong>poetis,</strong></span> <span class='ocrx_word' id='word_1_214' title='bbox 1383 2555 1423 2600; x_wconf 90' lang='lat' dir='ltr'><strong>si</strong></span> <span class='ocrx_word' id='word_1_215' title='bbox 1458 2554 1604 2602; x_wconf 91' lang='lat' dir='ltr'><strong>modo</strong></span> <span class='ocrx_word' id='word_1_216' title='bbox 1637 2554 1812 2603; x_wconf 81' lang='lat' dir='ltr'><strong>fallere</strong></span> <span class='ocrx_word' id='word_1_217' title='bbox 1845 2568 1900 2602; x_wconf 87' lang='lat' dir='ltr'><strong>se</strong></span> <span class='ocrx_word' id='word_1_218' title='bbox 1931 2568 2081 2617; x_wconf 89' lang='lat' dir='ltr'><strong>posse</strong></span> 
     </span>
     <span class='ocr_line' id='line_1_30' title="bbox 422 2632 2082 2697; baseline 0.001 -18"><span class='ocrx_word' id='word_1_219' title='bbox 422 2639 702 2695; x_wconf 88' lang='lat' dir='ltr'><strong>sperarent,</strong></span> <span class='ocrx_word' id='word_1_220' title='bbox 755 2632 980 2697; x_wconf 82' lang='lat' dir='ltr'><strong>religioni</strong></span> <span class='ocrx_word' id='word_1_221' title='bbox 1013 2632 1172 2680; x_wconf 88' lang='lat' dir='ltr'><strong>fuisse</strong></span> <span class='ocrx_word' id='word_1_222' title='bbox 1204 2633 1495 2681; x_wconf 88' lang='lat' dir='ltr'><strong>Aristoteles</strong></span> <span class='ocrx_word' id='word_1_223' title='bbox 1531 2649 1642 2682; x_wconf 91' lang='lat' dir='ltr'><strong>cum</strong></span> <span class='ocrx_word' id='word_1_224' title='bbox 1675 2634 1783 2682; x_wconf 86' lang='lat' dir='ltr'><strong>aliis</strong></span> <span class='ocrx_word' id='word_1_225' title='bbox 1815 2633 1937 2682; x_wconf 89' lang='lat' dir='ltr'><strong>locis</strong></span> <span class='ocrx_word' id='word_1_226' title='bbox 1972 2633 2082 2697; x_wconf 88' lang='lat' dir='ltr'><strong>plu-</strong></span> 
     </span>
     <span class='ocr_line' id='line_1_31' title="bbox 421 2712 2080 2777; baseline 0 -19"><span class='ocrx_word' id='word_1_227' title='bbox 421 2712 557 2759; x_wconf 88' lang='lat' dir='ltr'><strong>rimis</strong></span> <span class='ocrx_word' id='word_1_228' title='bbox 592 2717 691 2761; x_wconf 89' lang='lat' dir='ltr'><strong>tum</strong></span> <span class='ocrx_word' id='word_1_229' title='bbox 727 2712 905 2772; x_wconf 86' lang='lat' dir='ltr'><strong>verbis,</strong></span> <span class='ocrx_word' id='word_1_230' title='bbox 941 2727 1065 2776; x_wconf 88' lang='lat' dir='ltr'><strong>quae</strong></span> <span class='ocrx_word' id='word_1_231' title='bbox 1099 2727 1246 2776; x_wconf 88' lang='lat' dir='ltr'><strong>supra</strong></span> <span class='ocrx_word' id='word_1_232' title='bbox 1277 2713 1589 2777; x_wconf 89' lang='lat' dir='ltr'><strong>interpretati</strong></span> <span class='ocrx_word' id='word_1_233' title='bbox 1623 2729 1821 2773; x_wconf 89' lang='lat' dir='ltr'><strong>sumus,</strong></span> <span class='ocrx_word' id='word_1_234' title='bbox 1854 2717 2080 2761; x_wconf 87' lang='lat' dir='ltr'><strong>testatur.</strong></span> 
     </span>
    </p>

    <p class='ocr_par' dir='ltr' id='par_1_3' title="bbox 422 2790 2084 3496">
     <span class='ocr_line' id='line_1_32' title="bbox 557 2790 2082 2858; baseline 0.001 -20"><span class='ocrx_word' id='word_1_235' title='bbox 557 2790 712 2840; x_wconf 86' lang='lat' dir='ltr'><strong>Rudis</strong></span> <span class='ocrx_word' id='word_1_236' title='bbox 729 2798 875 2856; x_wconf 86' lang='lat' dir='ltr'><strong>atque</strong></span> <span class='ocrx_word' id='word_1_237' title='bbox 899 2792 1171 2854; x_wconf 82' lang='lat' dir='ltr'><strong>indigestae</strong></span> <span class='ocrx_word' id='word_1_238' title='bbox 1190 2792 1332 2839; x_wconf 89' lang='lat' dir='ltr'><strong>molis</strong></span> <span class='ocrx_word' id='word_1_239' title='bbox 1359 2793 1577 2855; x_wconf 90' lang='lat' dir='ltr'><strong>speciem</strong></span> <span class='ocrx_word' id='word_1_240' title='bbox 1603 2793 1840 2858; x_wconf 84' lang='lat' dir='ltr'><strong>praebent</strong></span> <span class='ocrx_word' id='word_1_241' title='bbox 1860 2791 1987 2840; x_wconf 84' lang='lat' dir='ltr'><strong>facta</strong></span> <span class='ocrx_word' id='word_1_242' title='bbox 2001 2807 2082 2839; x_wconf 88' lang='lat' dir='ltr'><strong>ca-</strong></span> 
     </span>
     <span class='ocr_line' id='line_1_33' title="bbox 425 2868 2082 2935; baseline 0.001 -18"><span class='ocrx_word' id='word_1_243' title='bbox 425 2885 605 2933; x_wconf 90' lang='lat' dir='ltr'><strong>susque</strong></span> <span class='ocrx_word' id='word_1_244' title='bbox 638 2870 906 2932; x_wconf 89' lang='lat' dir='ltr'><strong>hominum,</strong></span> <span class='ocrx_word' id='word_1_245' title='bbox 942 2887 1065 2935; x_wconf 87' lang='lat' dir='ltr'><strong>quae</strong></span> <span class='ocrx_word' id='word_1_246' title='bbox 1086 2870 1136 2917; x_wconf 92' lang='lat' dir='ltr'><strong>in</strong></span> <span class='ocrx_word' id='word_1_247' title='bbox 1162 2868 1325 2918; x_wconf 83' lang='lat' dir='ltr'><strong>rerum</strong></span> <span class='ocrx_word' id='word_1_248' title='bbox 1350 2873 1554 2920; x_wconf 87' lang='lat' dir='ltr'><strong>veritate</strong></span> <span class='ocrx_word' id='word_1_249' title='bbox 1578 2873 1731 2920; x_wconf 92' lang='lat' dir='ltr'><strong>oculis</strong></span> <span class='ocrx_word' id='word_1_250' title='bbox 1757 2872 2082 2930; x_wconf 78' lang='lat' dir='ltr'><strong>obiiciuntur3</strong></span> 
     </span>
     <span class='ocr_line' id='line_1_34' title="bbox 424 2949 2084 3015; baseline 0.001 -18"><span class='ocrx_word' id='word_1_251' title='bbox 424 2949 735 2998; x_wconf 87' lang='lat' dir='ltr'><strong>concordiam</strong></span> <span class='ocrx_word' id='word_1_252' title='bbox 758 2955 809 2999; x_wconf 88' lang='lat' dir='ltr'><strong>et</strong></span> <span class='ocrx_word' id='word_1_253' title='bbox 832 2966 1111 2999; x_wconf 87' lang='lat' dir='ltr'><strong>caussarum</strong></span> <span class='ocrx_word' id='word_1_254' title='bbox 1136 2955 1511 3015; x_wconf 89' lang='lat' dir='ltr'><strong>eventuumque,</strong></span> <span class='ocrx_word' id='word_1_255' title='bbox 1538 2952 1678 3015; x_wconf 89' lang='lat' dir='ltr'><strong>quasi</strong></span> <span class='ocrx_word' id='word_1_256' title='bbox 1702 2951 2013 3001; x_wconf 77' lang='lat' dir='ltr'><strong>con-iliorum</strong></span> <span class='ocrx_word' id='word_1_257' title='bbox 2031 2955 2084 2999; x_wconf 87' lang='lat' dir='ltr'><strong>et</strong></span> 
     </span>
     <span class='ocr_line' id='line_1_35' title="bbox 425 3027 2081 3094; baseline 0.001 -19"><span class='ocrx_word' id='word_1_258' title='bbox 425 3027 709 3086; x_wconf 88' lang='lat' dir='ltr'><strong>effectuum,</strong></span> <span class='ocrx_word' id='word_1_259' title='bbox 725 3031 1067 3079; x_wconf 86' lang='lat' dir='ltr'><strong>necessitatem</strong></span> <span class='ocrx_word' id='word_1_260' title='bbox 1083 3029 1272 3077; x_wconf 88' lang='lat' dir='ltr'><strong>animus</strong></span> <span class='ocrx_word' id='word_1_261' title='bbox 1289 3031 1522 3092; x_wconf 88' lang='lat' dir='ltr'><strong>agnoscit.</strong></span> <span class='ocrx_word' id='word_1_262' title='bbox 1550 3031 1616 3079; x_wconf 85' lang='lat' dir='ltr'><strong>Et</strong></span> <span class='ocrx_word' id='word_1_263' title='bbox 1628 3037 1868 3080; x_wconf 88' lang='lat' dir='ltr'><strong>certarum</strong></span> <span class='ocrx_word' id='word_1_264' title='bbox 1886 3029 2081 3094; x_wconf 89' lang='lat' dir='ltr'><strong>quidem</strong></span> 
     </span>
     <span class='ocr_line' id='line_1_36' title="bbox 422 3108 2082 3172; baseline 0.001 -17"><span class='ocrx_word' id='word_1_265' title='bbox 422 3123 585 3156; x_wconf 89' lang='lat' dir='ltr'><strong>rerum</strong></span> <span class='ocrx_word' id='word_1_266' title='bbox 619 3108 797 3157; x_wconf 87' lang='lat' dir='ltr'><strong>seriem</strong></span> <span class='ocrx_word' id='word_1_267' title='bbox 833 3115 884 3158; x_wconf 92' lang='lat' dir='ltr'><strong>et</strong></span> <span class='ocrx_word' id='word_1_268' title='bbox 918 3109 1320 3168; x_wconf 84' lang='lat' dir='ltr'><strong>coniunctionem,</strong></span> <span class='ocrx_word' id='word_1_269' title='bbox 1355 3125 1448 3172; x_wconf 88' lang='lat' dir='ltr'><strong>qua</strong></span> <span class='ocrx_word' id='word_1_270' title='bbox 1483 3110 1606 3159; x_wconf 88' lang='lat' dir='ltr'><strong>aliae</strong></span> <span class='ocrx_word' id='word_1_271' title='bbox 1641 3128 1702 3159; x_wconf 83' lang='lat' dir='ltr'><strong>ex</strong></span> <span class='ocrx_word' id='word_1_272' title='bbox 1725 3110 1830 3159; x_wconf 89' lang='lat' dir='ltr'><strong>aliis</strong></span> <span class='ocrx_word' id='word_1_273' title='bbox 1848 3124 2082 3158; x_wconf 87' lang='lat' dir='ltr'><strong>necessa-</strong></span> 
     </span>
     <span class='ocr_line' id='line_1_37' title="bbox 424 3187 2083 3251; baseline 0.001 -16"><span class='ocrx_word' id='word_1_274' title='bbox 424 3187 498 3235; x_wconf 89' lang='lat' dir='ltr'><strong>rio</strong></span> <span class='ocrx_word' id='word_1_275' title='bbox 522 3188 784 3251; x_wconf 88' lang='lat' dir='ltr'><strong>pendeant,</strong></span> <span class='ocrx_word' id='word_1_276' title='bbox 807 3189 1167 3237; x_wconf 71' lang='lat' dir='ltr'><strong>&#39;historicorum</strong></span> <span class='ocrx_word' id='word_1_277' title='bbox 1194 3193 1270 3236; x_wconf 89' lang='lat' dir='ltr'><strong>est</strong></span> <span class='ocrx_word' id='word_1_278' title='bbox 1296 3191 1590 3251; x_wconf 85' lang='lat' dir='ltr'><strong>ostendere3</strong></span> <span class='ocrx_word' id='word_1_279' title='bbox 1625 3191 1894 3249; x_wconf 77' lang='lat' dir='ltr'><strong>universam</strong></span> <span class='ocrx_word' id='word_1_280' title='bbox 1915 3203 2083 3238; x_wconf 89' lang='lat' dir='ltr'><strong>rerum</strong></span> 
     </span>
     <span class='ocr_line' id='line_1_38' title="bbox 423 3265 2080 3331; baseline 0.002 -18"><span class='ocrx_word' id='word_1_281' title='bbox 423 3265 743 3316; x_wconf 84' lang='lat' dir='ltr'><strong>humanarum</strong></span> <span class='ocrx_word' id='word_1_282' title='bbox 776 3273 996 3316; x_wconf 86' lang='lat' dir='ltr'><strong>naturam</strong></span> <span class='ocrx_word' id='word_1_283' title='bbox 1042 3267 1118 3316; x_wconf 90' lang='lat' dir='ltr'><strong>vel</strong></span> <span class='ocrx_word' id='word_1_284' title='bbox 1160 3268 1633 3319; x_wconf 84' lang='lat' dir='ltr'><strong>administrationem</strong></span> <span class='ocrx_word' id='word_1_285' title='bbox 1667 3269 1842 3325; x_wconf 89' lang='lat' dir='ltr'><strong>talem,</strong></span> <span class='ocrx_word' id='word_1_286' title='bbox 1887 3267 2080 3331; x_wconf 86' lang='lat' dir='ltr'><strong>qualem</strong></span> 
     </span>
     <span class='ocr_line' id='line_1_39' title="bbox 424 3338 2080 3412; baseline 0.001 -18"><span class='ocrx_word' id='word_1_287' title='bbox 424 3360 536 3395; x_wconf 85' lang='lat' dir='ltr'><strong>esse</strong></span> <span class='ocrx_word' id='word_1_288' title='bbox 569 3346 746 3395; x_wconf 89' lang='lat' dir='ltr'><strong>mentis</strong></span> <span class='ocrx_word' id='word_1_289' title='bbox 781 3347 1151 3410; x_wconf 83' lang='lat' dir='ltr'><strong>cogitationibus</strong></span> <span class='ocrx_word' id='word_1_290' title='bbox 1183 3347 1280 3410; x_wconf 87' lang='lat' dir='ltr'><strong>ipsi</strong></span> <span class='ocrx_word' id='word_1_291' title='bbox 1312 3348 1512 3412; x_wconf 84' lang='lat' dir='ltr'><strong>fingant,</strong></span> <span class='ocrx_word' id='word_1_292' title='bbox 1547 3350 1719 3399; x_wconf 91' lang='lat' dir='ltr'><strong>idonea</strong></span> <span class='ocrx_word' id='word_1_293' title='bbox 1751 3363 1915 3396; x_wconf 90' lang='lat' dir='ltr'><strong>rerum</strong></span> <span class='ocrx_word' id='word_1_294' title='bbox 1938 3338 2080 3396; x_wconf 83' lang='lat' dir='ltr'><strong>ficta-</strong></span> 
     </span>
     <span class='ocr_line' id='line_1_40' title="bbox 423 3425 2082 3496; baseline 0.001 -24"><span class='ocrx_word' id='word_1_295' title='bbox 423 3440 530 3475; x_wconf 87' lang='lat' dir='ltr'><strong>rum</strong></span> <span class='ocrx_word' id='word_1_296' title='bbox 574 3425 927 3491; x_wconf 84' lang='lat' dir='ltr'><strong>compositione</strong></span> <span class='ocrx_word' id='word_1_297' title='bbox 968 3427 1147 3476; x_wconf 86' lang='lat' dir='ltr'><strong>imitari</strong></span> <span class='ocrx_word' id='word_1_298' title='bbox 1191 3431 1242 3476; x_wconf 91' lang='lat' dir='ltr'><strong>et</strong></span> <span class='ocrx_word' id='word_1_299' title='bbox 1286 3430 1561 3493; x_wconf 89' lang='lat' dir='ltr'><strong>perspicuis</strong></span> <span class='ocrx_word' id='word_1_300' title='bbox 1596 3428 1880 3496; x_wconf 83' lang='lat' dir='ltr'><strong>imaginibus</strong></span> <span class='ocrx_word' id='word_1_301' title='bbox 1915 3426 2082 3492; x_wconf 88' lang='lat' dir='ltr'><strong>expri-</strong></span> 
     </span>
    </p>
   </div>
  </div>
 </body>
</html>
