2202 3892
925 277 1050 337 259

124 447 182 482 se
207 428 500 481 exstinctam
527 433 675 493 atque
703 443 732 476 e
754 427 853 477 vita
886 427 1141 477 hominum
1175 424 1415 474 sublatam
1442 441 1558 475 esse
1581 426 1717 477 dolet
1728 426 1813 494 *):

255 510 412 576 χαῖρ’,
441 500 687 575 Ἀλήθειά
715 506 903 573 κυδρά,
939 505 1235 572 προέθᾳνες
1266 505 1369 572 γὰρ
1400 503 1532 572 ἐμοῦ
1547 504 1644 573 **).

123 589 200 641 De
246 592 430 641 ceterIS
477 590 585 638 eius
636 589 848 654 querelis
886 589 1055 637 Liban.
1083 604 1174 654 pro
1206 588 1414 636 Socrate
1443 590 1520 636 ed.
1548 588 1585 638 Ι.
1611 587 1813 638 Morell.

121 689 173 739 p.
191 673 303 721 242.
340 671 513 719 docet:
550 669 662 719 ἀλλ’
696 668 812 720 οὐδ’
846 664 1043 728 ἐκεῖνος
1076 666 1180 731 πρὸ
1216 671 1316 719 τοῦ
1341 666 1586 718 θανάτου
1611 673 1816 719 σιωπᾶν

124 749 418 813 ἐκελεύετο,
467 748 575 800 ἀλλ’
623 747 745 817 ἐξῆν
793 748 936 815 αὐτῷ
978 746 1067 799 καὶ
1102 746 1272 814 λέγειν
1305 746 1395 799 καὶ
1428 749 1682 815 γράφειν,
1727 747 1817 800 καὶ

123 831 338 900 γράψας
373 829 456 882 ἐπὶ
489 835 588 882 τοῦ
623 830 783 892 ξύλου
817 835 916 882 τοῦ
951 834 1214 881 ναυτικοῦ
1259 828 1358 897 τὴν
1405 826 1603 880 ἑαυτοῦ
1650 829 1816 896 τύχην

125 912 320 979 ἔπεμψε
352 918 424 979 τῷ
459 910 657 963 ἑαυτοῦ
691 910 848 979 πατρὶ
884 911 1149 980 Ναυπλίῳ
1183 908 1282 978 τὴν
1317 907 1670 962 ἐπιθανάτιον
1706 907 1816 962 ἐπι-

127 995 336 1062 στολήν.
394 995 446 1044 In
482 995 637 1043 risum
665 995 786 1042 haec
821 996 880 1043 ab
906 996 1237 1059 Aristophane
1258 995 1306 1042 in
1328 993 1646 1041 'l‘hesm.768
1676 1009 1816 1058 seqq.

127 1092 363 1127 conversa
411 1091 524 1123 esse
573 1082 742 1123 notum
780 1082 888 1137 est,
941 1091 1038 1139 quo
1070 1075 1180 1124 loco
1218 1075 1482 1122 scholiasta
1520 1073 1720 1138 quidem
1757 1076 1817 1124 ab

128 1158 311 1219 Oeace,
348 1156 548 1222 lugente
583 1164 848 1211 mortuum,
885 1155 1142 1219 epistolam
1179 1155 1329 1204 remis
1365 1155 1652 1219 inscriptam
1691 1160 1743 1202 et
1768 1155 1819 1203 in

127 1253 266 1287 mare
301 1237 545 1284 abiectam
582 1251 695 1283 esse
730 1235 946 1285 affirmat
981 1234 1036 1299 (ὁ
1069 1232 1333 1300 γὰρΟἰάξ
1368 1232 1666 1300 ἐγχαράττει
1695 1234 1820 1284 πολ.-

126 1319 243 1377 λαῖς
275 1314 493 1374 πλάταις
526 1313 591 1365 τὰ
623 1312 743 1379 περὶ
773 1313 870 1367 τὸν
905 1315 1204 1383 Παλαμήδη
1239 1314 1329 1367 καὶ
1363 1314 1585 1381 ἀφίησιν
1618 1313 1689 1375 εἰς
1716 1313 1817 1365 θά-

125 1399 357 1459 λασσαν,
394 1392 518 1456 ὤςτε
552 1399 648 1462 μιᾷ
681 1394 740 1461 γε’
774 1413 878 1448 τινι
911 1394 1006 1448 τὸν
1041 1398 1330 1449 Ναύπλιον
1364 1395 1703 1462 περιπεσεῖν),
1739 1396 1821 1445 cui

125 1485 291 1529 tamen
325 1476 688 1542 Aristophanes
722 1478 832 1541 ipse
867 1480 1192 1540 contradicit,
1230 1497 1341 1528 cum
1380 1478 1586 1527 Libanio
1623 1478 1822 1542 conspi-

125 1575 271 1609 rans:
321 1555 392 1618 ὡς
439 1552 710 1617 ἐκεῖνος
756 1556 850 1619 τὰς
897 1559 1097 1619 πλάτας
1146 1557 1285 1624 ῥίψω
1319 1557 1561 1624 γράφων.
1643 1558 1822 1607 Plures

125 1638 382 1703 Euripidis
431 1654 606 1688 versus
656 1655 716 1688 ex
763 1640 1040 1689 Palamedis
1088 1642 1266 1690 threno
1314 1643 1581 1705 decerptos
1627 1638 1822 1688 Aristo-

126 1720 300 1786 phanis
335 1720 539 1768 carmini
571 1719 739 1767 inesse
774 1720 972 1784 planum
1008 1726 1104 1780 est,
1141 1722 1276 1771 velut
1306 1721 1493 1770 hosce=

261 1799 357 1863 ἄγε
393 1795 460 1864 δὴ
495 1798 736 1850 πινάκων
771 1799 966 1860 ξεστῶν
1000 1797 1187 1863 δέλτοι,

269 1875 492 1941 δέξασθε
526 1878 712 1944 σμίλης
745 1873 940 1940 ὁλκοὺς

262 1958 503 2026 κήρυκας
537 1956 680 2026 ἐμῶν
711 1959 934 2026 μόχθων
949 1958 1061 2025 ***)
1099 1988 1163 1998 --

264 2040 490 2105 βάσκετ’,
525 2038 752 2107 ἐπείγετε
785 2041 958 2102 πάσας
991 2042 1112 2092 καθ’
1149 2040 1327 2107 ὁδούς,

264 2121 432 2189 κείνᾳ,
468 2120 667 2190 ταύτᾳ·
703 2119 899 2188 ταχέως
933 2122 1045 2190 χρή.

130 2200 260 2252 Tum
298 2203 566 2253 scholiasta
601 2211 834 2268 tanquam
871 2204 1127 2271 Euripidis
1161 2204 1313 2254 affert
1341 2203 1495 2254 haec:

262 2281 533 2346 ἀπέλθετε,
568 2284 852 2350 σημάνατε,

133 2379 260 2428 quae
309 2365 541 2415 continuo
588 2367 685 2414 illis
736 2366 1043 2415 annectenda
1092 2381 1208 2414 esse
1251 2363 1495 2417 videntur.
1566 2364 1829 2414 Rationem

132 2445 382 2510 supplicii,
408 2445 488 2494 his
537 2447 701 2495 verbis
747 2446 987 2496 describit
1035 2444 1398 2495 Philostratust
1450 2444 1680 2508 „Vinctis
1716 2449 1832 2511 post

132 2529 274 2588 terga
307 2527 560 2587 manibus,
597 2527 843 2593 lapidibus
881 2529 1087 2576 obrutus
1115 2526 1348 2587 interiit‚'
1382 2525 1694 2574 mittentibus
1731 2524 1832 2573 Pe-

135 2602 438 2668 loponnesiis
499 2614 646 2671 atque
697 2608 1066 2657 Ithacensibus:
1133 2623 1243 2655 nam
1305 2605 1481 2670 reliqui
1530 2605 1713 2653 Graeci
1768 2620 1833 2654 ne

134 2683 364 2733 viderunt
426 2687 622 2750 quidem
684 2689 841 2750 haec,
905 2688 995 2737 sed
1061 2687 1224 2735 scelus
1277 2687 1336 2735 ab
1392 2701 1451 2733 eo
1508 2684 1831 2733 commissum

136 2778 250 2813 esse
284 2772 513 2828 putantes
551 2768 883 2829 quiescebant.
956 2767 1174 2816 Crudele
1208 2767 1304 2816 fuit
1340 2767 1488 2814 etiam
1526 2766 1650 2824 hoc,
1698 2764 1828 2829 quod

137 2844 354 2893 edictum
403 2853 503 2906 est,
556 2862 617 2895 ne
664 2849 772 2912 quis
809 2849 1128 2898 Palamedem
1176 2848 1417 2913 sepeliret
1465 2846 1716 2909 humoque
1751 2845 1835 2909 pie

136 2931 440 2989 contegeret,
476 2929 529 2974 et
563 2927 807 2992 supplicio
842 2929 1078 2979 affectum
1115 2928 1190 2988 iri,
1226 2929 1269 2976 si
1307 2927 1417 2992 quis
1456 2926 1708 2974 sublatum
1748 2941 1831 2974 se-

194 3120 247 3175 *)
276 3120 517 3163 Philonia:
550 3117 605 3163 mi
638 3119 726 3178 γὰρ
756 3119 813 3178 δὴ
846 3122 1075 3167 ἱκετεῦσαι
1103 3119 1408 3178 Ἀγαμέμνονα
1438 3120 1546 3166 οὐδὲ
1578 3119 1763 3179 οἰκτρόν
1791 3137 1837 3164 τι

279 3191 426 3235 εἰπεῖν
469 3186 576 3235 οὐδὲ
608 3188 897 3250 ὀδύρασθαι,
937 3192 1031 3238 ἀλλ’
1064 3193 1230 3238 εἰπών·
1273 3191 1383 3236 ἐλεῶ
1413 3207 1476 3242 σε,
1509 3188 1739 3246 ἀλήθεια,
1781 3190 1834 3233 σὺ

276 3258 364 3319 γὰρ
405 3260 520 3316 ἐμοῦ
564 3262 921 3320 προαπόλωλας,
962 3262 1128 3321 ὑπέσχε
1171 3263 1260 3319 τὴν
1299 3263 1507 3319 κεφαλὴν
1547 3269 1645 3314 τοῖς
1675 3266 1839 3315 λίθοις,

280 3330 384 3376 οἷον
414 3333 597 3385 ξυνιεὶς,
630 3329 705 3378 ὅτι
736 3330 763 3392 ἡ
795 3337 898 3391 δίκη
927 3335 1044 3393 πρὸς
1075 3334 1248 3386 αὐτοὺς
1278 3333 1418 3379 ἔσται.
1477 3335 1631 3379 Tzetz.
1663 3348 1707 3375 v.
1735 3330 1835 3375 384.

166 3403 249 3458 *Ἴ
280 3403 351 3446 Cf.
381 3404 555 3448 Welck.
587 3421 631 3461 p.
661 3405 759 3448 505.

138 3473 250 3529 ἱΨΜ)
279 3475 492 3519 Testatur
519 3476 683 3520 Suidas
709 3490 747 3520 Β.
774 3492 818 3519 v.
849 3476 998 3532 σμίλη,
1028 3491 1162 3532 quem
1192 3475 1350 3519 citavit
1377 3475 1610 3520 Fritzsche
1641 3490 1684 3529 p.
1715 3471 1813 3516 288.

1390 3563 1454 3609 17
1473 3561 1502 3593 *
