2170 3848
973 285 1054 343 75

175 434 376 498 singulis
410 432 703 483 carminibus
738 433 946 494 ostendi,
978 437 1142 482 tamen
1174 435 1258 480 aut
1288 431 1497 496 amplior
1530 430 1710 480 existet
1731 445 1840 479 car-

177 515 361 562 minum
394 514 634 574 ambituS,
680 529 824 577 quam
865 528 986 575 quos
1020 511 1209 560 animus
1242 510 1388 559 facile
1422 511 1643 560 contueri
1675 526 1734 560 ac
1764 509 1839 558 lu-

178 581 341 644 strare=
368 595 544 658 possit,
580 597 679 654 aut,
714 593 758 641 si
789 591 986 640 modico
1020 594 1160 638 erunt
1183 590 1407 650 circuitu,
1440 591 1674 639 varietate
1698 594 1749 638 et
1766 589 1841 637 vi-

179 673 470 722 cissitudine
504 674 650 722 nimis
684 672 914 721 distincta
935 669 1300 734 dissipabuntur
1318 668 1389 734 ⁹⁵).
1442 669 1543 718 Sed
1566 685 1656 718 nos
1678 687 1705 718 a
1725 684 1843 719 vera

178 752 366 802 ratione
399 753 522 802 adeo
556 751 877 810 descivimuS,
922 755 1006 810 ut,
1044 765 1192 814 quum
1228 749 1571 818 philosophiae
1601 765 1846 813 nunquam

179 833 426 898 privorum
476 847 587 880 esse
632 831 883 879 hominum
917 846 999 878 res
1032 831 1275 893 gerendas
1307 835 1609 890 statuamuS‚
1654 829 1846 893 poesin,

181 928 403 962 sororem
436 912 543 960 eius
578 911 1014 975 consanguineam,
1056 910 1360 974 singulorum
1393 909 1618 974 personis
1654 924 1850 973 semper

179 991 576 1057 adstringendam
622 1006 734 1038 esse
782 1005 1096 1050 censeamuS,
1147 995 1299 1053 utque
1334 988 1640 1039 offendamur
1673 990 1724 1038 iu
1757 988 1850 1038 So-

179 1070 370 1136 phoclis
415 1071 544 1119 ultra
590 1070 779 1119 obitum
826 1086 1068 1135 personae
1112 1070 1393 1134 principalis
1430 1069 1596 1118 fabula
1630 1075 1850 1132 extensa,

178 1148 470 1214 Euripidem
504 1167 621 1199 vero
656 1150 866 1214 plurium
893 1166 1213 1215 personarum
1239 1148 1580 1214 principalium
1609 1149 1714 1198 fata
1735 1165 1850 1199 con-

171 1229 462 1295 jungentem
490 1230 801 1296 simplicitate
824 1237 1223 1295 argumentorum
1252 1245 1421 1278 carere
1446 1244 1726 1293 arguamus.
1777 1229 1851 1278 De

181 1325 278 1373 qua
311 1314 535 1358 veterum
569 1315 824 1373 poetarum
874 1310 1063 1359 ratione
1096 1309 1222 1359 infra
1257 1309 1534 1358 disserendi
1568 1310 1853 1374 opportuni-

181 1396 256 1437 tas
292 1389 488 1438 redibit.
554 1389 667 1439 Hoc
713 1390 913 1453 quidem
957 1388 1066 1438 loco
1100 1390 1149 1439 in
1182 1394 1348 1454 partes
1382 1389 1698 1438 Aristotelem
1730 1405 1853 1439 voco

180 1469 437 1518 verissima
480 1470 742 1519 docentem
780 1469 942 1534 (Poet.
975 1485 1018 1518 c.
1048 1469 1148 1534 8.):
1208 1469 1431 1533 „Fabula
1474 1484 1569 1519 una
1617 1474 1696 1518 est
1739 1485 1853 1533 non,

182 1550 590 1611 quemadmodum
624 1550 843 1599 nonnulli
877 1550 1149 1615 opinantur,
1186 1551 1228 1599 si
1262 1550 1391 1597 circa
1421 1565 1571 1598 unum
1610 1555 1855 1604 versetur.

182 1626 343 1677 Multa
378 1629 507 1677 enim
543 1635 595 1678 et
626 1630 815 1679 infinita
847 1630 1052 1694 singulis
1079 1631 1365 1694 contingunt
1380 1627 1481 1693 **),
1516 1645 1724 1692 quorum
1749 1630 1855 1695 ple-

182 1708 350 1772 risque
385 1709 519 1757 nulla
551 1710 683 1758 inest
717 1709 1036 1774 simplicitas3
1072 1711 1191 1759 item
1226 1710 1358 1758 facta
1391 1709 1694 1772 singulorum
1729 1711 1855 1759 mul-

182 1787 370 1852 tiplicia
405 1793 545 1848 sunt,
595 1804 659 1837 ex
704 1789 879 1851 quibus
928 1805 1075 1836 unum
1109 1789 1295 1838 factum
1329 1788 1517 1838 nullum
1551 1790 1858 1842 conficiatur.

187 1869 502 1934 Quapropter
536 1884 704 1917 errare
736 1868 960 1916 videntur
997 1869 1276 1933 quicunque
1309 1874 1565 1932 poetarum
1598 1869 1858 1920 Herculei-

188 1948 277 1997 das
326 1954 379 1997 et
424 1947 695 1996 Theseidas
738 1952 788 1996 et
834 1948 930 1996 alia
977 1949 1216 1997 eiusmodi
1259 1949 1478 1997 carmina
1522 1950 1856 2002 confecerunt.

188 2027 465 2092 Opinantur
499 2028 656 2086 enim,
706 2028 835 2091 quod
869 2043 992 2077 unus
1026 2027 1181 2077 fuerit
1214 2027 1487 2090 Hercules,
1521 2047 1669 2079 unum
1706 2033 1858 2082 etiam

186 2107 464 2156 necessario
497 2112 840 2171 argumentum
876 2107 999 2160 fore.
1061 2109 1310 2157 Homerus
1345 2111 1511 2157 autem
1546 2110 1676 2160 sicut
1708 2112 1758 2160 in
1776 2129 1858 2163 re-

186 2186 332 2250 liquis
368 2187 597 2246 excellit,
643 2189 710 2236 ita
758 2189 853 2237 hoc
903 2205 1097 2252 quoque
1143 2195 1282 2238 recte
1325 2189 1631 2240 intellexisse
1663 2192 1859 2243 videtur

186 2267 288 2315 sive
309 2273 414 2316 arte
441 2268 544 2316 sive
562 2274 745 2317 natura.
783 2268 1058 2333 Odysseam
1080 2271 1210 2318 euim
1236 2285 1535 2332 componens
1561 2286 1656 2322 non
1677 2275 1858 2335 omnia,

186 2363 504 2412 quaecunque
540 2349 585 2396 ei
619 2350 944 2414 contigerunt,
980 2350 1274 2415 composuit,
1308 2350 1442 2398 velut
1467 2351 1598 2413 quod
1624 2353 1752 2402 ictus
1780 2358 1860 2404 est

184 2429 234 2477 in
268 2427 539 2492 Parnasso,
574 2430 704 2493 quod
738 2430 972 2478 insaniam
1008 2430 1256 2479 simulavit
1289 2431 1341 2479 in
1374 2430 1598 2492 delectu,
1635 2449 1860 2497 quorum,

185 2508 318 2556 facto
353 2509 536 2569 altero,
584 2509 792 2560 alterum
826 2511 935 2559 fieri
969 2527 1064 2559 non
1099 2515 1206 2559 erat
1237 2525 1446 2558 necesse
1480 2516 1563 2561 aut
1595 2520 1860 2564 consenta-

185 2603 364 2648 neum3
399 2590 487 2638 sed
523 2590 651 2638 circa
683 2606 827 2639 unam
863 2607 967 2639 rem
1004 2591 1079 2639 vel
1112 2590 1376 2647 actionem,
1411 2591 1602 2654 qualem
1629 2594 1858 2654 dicimus,

187 2669 461 2732 odysseam
496 2669 620 2718 fecit
656 2672 901 2736 occupari,
935 2672 1153 2734 itemque
1184 2669 1403 2718 Iliadem.
1458 2670 1668 2735 Oportet
1692 2674 1858 2740 igitur,

189 2749 597 2812 quemadmodum
633 2752 777 2799 etiam
813 2753 861 2800 in
895 2752 1098 2815 reliquis
1134 2751 1317 2799 artibus
1356 2751 1704 2803 imitatricibus
1738 2756 1858 2804 sim-

188 2828 303 2892 plex
337 2834 413 2877 est
447 2829 746 2893 singularum
773 2847 938 2880 rerum
963 2830 1188 2889 imitatio,
1223 2831 1288 2878 ita
1305 2831 1452 2880 etiam
1476 2832 1710 2895 fabulam,
1736 2851 1859 2899 quo·

188 2908 319 2977 niam
353 2924 570 2957 rerum
605 2917 681 2960 est
714 2912 938 2972 imitatio,
974 2910 1211 2976 simplicis
1239 2926 1352 2959 esse
1386 2917 1436 2960 et
1468 2913 1663 2975 quidem
1687 2915 1857 2977 totiuS,

190 2994 240 3037 et
272 2994 441 3053 partes
475 2990 615 3053 quasi
646 2994 863 3041 membra
897 3008 1063 3040 rerum
1100 2991 1172 3038 sic
1207 2992 1448 3055 componi,
1484 2998 1537 3040 ut
1562 2998 1747 3043 mutata
1775 3011 1857 3044 ea-

188 3083 295 3116 rum
331 3068 493 3133 aliqua
526 3069 601 3117 vel
636 3070 800 3120 demta
833 3077 1085 3121 evertatur
1111 3071 1437 3136 turbeturque
1457 3089 1638 3138 corpus
1662 3075 1858 3124 univer-

247 3182 298 3236 *)
326 3182 504 3225 Aristot.
534 3184 659 3226 Poet.
691 3199 728 3227 c.
758 3185 835 3227 23:
875 3187 976 3229 λίαν
1015 3183 1102 3243 γὰρ
1144 3182 1200 3228 ἂν
1228 3183 1365 3240 μέγας
1393 3184 1471 3228 καὶ
1503 3183 1588 3229 ov'n
1617 3181 1858 3231 εὐσύνο-

328 3269 400 3306 πτ
418 3268 475 3302 ος
505 3252 678 3308 ἔμελλεν
708 3253 914 3312 ἔσεσθαι,
947 3251 975 3312 ἢ
1006 3258 1069 3316 τῷ
1097 3254 1282 3312 μεγέθει
1309 3254 1584 3314 μετριάζων,
1614 3272 1859 3302 καταπε-

329 3322 650 3379 πλεγμένος
678 3326 748 3384 τῇ
776 3327 1058 3386 ποικιλίᾳ.

220 3393 299 3448 W)
328 3394 488 3438 Scribo
523 3393 668 3439 πολλὰ
709 3393 795 3454 γὰρ
833 3397 910 3442 καὶ
938 3393 1109 3456 ἄπειρα
1136 3397 1201 3454 τῷ
1234 3393 1273 3451 γ’
1304 3395 1390 3440 ἑνὶ
1420 3396 1657 3453 συμβαίνει
1685 3411 1766 3453 pro
1794 3400 1858 3457 τῷ

327 3480 457 3520 γενει,
