2170 3848
976 280 1094 339 163

195 428 453 495 epistolam
489 428 648 492 Argos
683 428 906 494 perferat
938 428 1214 492 reddatque
1248 427 1467 492 cognatis
1503 429 1631 487 suis,
1681 429 1866 480 iureiu-

193 508 346 559 rando
387 525 501 558 eum
553 507 954 571 obstringendum
1004 523 1116 556 esse
1149 511 1352 569 censet,
1398 508 1709 572 invicemque
1739 509 1864 574 ipsa,

191 588 479 654 postulante
514 588 723 648 Oreste,
769 588 1080 641 iureiurando
1135 586 1352 635 affirmat
1398 602 1453 635 se
1499 587 1735 650 Pyladem
1770 606 1867 640 non

191 667 350 718 solum
385 668 679 718 incolumem
708 666 1018 716 dimissuram
1053 681 1181 728 esse,
1218 667 1306 715 sed
1342 667 1507 728 etiam,
1542 668 1626 716 ubi
1660 685 1865 732 persua-

192 749 317 797 serit
366 753 603 812 tyranno,
648 749 806 810 ipsam
853 746 962 794 navi
1007 745 1364 809 imposituram.
1432 746 1721 797 Iuramentis
1764 751 1864 800 rite

191 829 441 892 utrimque
476 827 623 886 datis,
658 825 888 889 Pylades,
923 832 979 873 ut
1013 826 1158 875 decet
1192 827 1348 875 virum
1385 828 1710 891 prudentem,
1746 846 1864 878 nau-

192 907 402 973 fragium
437 907 634 970 excipit,
669 920 731 953 ne
766 906 1042 968 etiamtum,
1079 907 1120 956 si
1156 906 1366 970 epistola
1400 908 1446 955 in
1481 908 1605 956 mari
1631 924 1742 957 cum
1780 925 1863 958 ce-

190 987 312 1036 teris
346 985 493 1035 rebus
529 986 631 1034 suis
666 985 928 1045 interierit,
966 987 1173 1051 soloque
1207 1003 1416 1052 corpore
1450 988 1693 1047 evaserit,
1731 989 1864 1038 iure-

187 1064 393 1114 iurando
428 1068 671 1114 teneatur.
740 1065 940 1114 Etenim
975 1067 1146 1115 iuratis
1181 1083 1277 1116 non
1314 1083 1488 1116 sensus
1524 1074 1734 1130 tantum,
1771 1069 1862 1118 sed

187 1143 426 1195 formulas
462 1159 656 1209 quoque
689 1146 976 1205 verborum,
1023 1147 1072 1195 in
1108 1163 1235 1211 quae
1270 1148 1547 1210 iurassent,
1599 1149 1864 1198 servandas

187 1240 301 1276 esse
349 1229 546 1274 veteres
593 1224 876 1273 credebant.
945 1226 1135 1289 Quibus
1185 1226 1365 1275 auditis
1401 1226 1652 1291 Iphigenia
1687 1244 1862 1278 curan-

187 1303 306 1354 dum
341 1319 455 1353 esse
489 1305 678 1363 statuit,
712 1321 774 1354 ne
810 1321 922 1354 cum
961 1308 1108 1356 rebus
1143 1308 1374 1356 mandata
1410 1307 1676 1357 intereant.
1725 1308 1862 1374 Ergo

185 1399 312 1449 quae
347 1383 534 1448 scripta
569 1389 683 1433 sunt
715 1386 762 1433 in
799 1385 1034 1450 epistola,
1072 1393 1154 1447 ut,
1202 1388 1246 1436 si
1281 1402 1377 1452 quo
1415 1403 1532 1436 casu
1567 1389 1748 1437 amissa
1782 1389 1864 1451 sit,

183 1478 273 1513 ore
322 1463 540 1528 Pylades
599 1465 794 1514 referre
838 1466 1030 1531 possit,
1088 1469 1254 1518 verbis
1302 1468 1531 1531 exponit:
1599 1467 1864 1531 ‚,Nuntia,”

184 1543 376 1608 inquit,
423 1543 661 1606 ‚,Oresti,
709 1545 1091 1610 Agamemnonis
1126 1547 1260 1609 filio,
1307 1548 1522 1596 haeccet
1583 1548 1859 1614 iphigenia,

184 1639 309 1687 quae
361 1624 541 1673 Aulide
585 1624 836 1674 immolata
882 1632 985 1686 est,
1038 1627 1145 1676 viva
1179 1628 1302 1676 vivis
1337 1627 1428 1676 has
1465 1627 1616 1677 mittit
1649 1629 1857 1680 litteras.

184 1702 356 1753 Deduc
389 1720 470 1752 me
503 1704 686 1768 Argoa,
736 1720 765 1753 o
799 1705 986 1766 frater,
1040 1706 1327 1771 priusquam
1375 1702 1588 1767 moriar,
1635 1723 1695 1756 ex
1731 1714 1862 1757 terra

184 1783 408 1844 barbara,
444 1784 584 1847 eripe
619 1800 648 1832 e
681 1800 899 1842 munere,
938 1802 1035 1849 quo
1070 1786 1291 1850 hospites
1329 1786 1453 1834 deae
1486 1787 1741 1836 immolare
1777 1803 1861 1836 co-

183 1877 300 1926 gor3
351 1862 429 1911 sin
463 1864 651 1923 minus,
703 1864 832 1913 diras
869 1864 1082 1915 familiae
1117 1874 1233 1934 tuae
1266 1867 1603 1931 imprecabor,
1651 1865 1860 1915 Orestes

185 1941 266 2006 (ut
283 1941 359 1990 bis
383 1943 606 1992 auditum
631 1959 807 1991 nomen
846 1943 1032 1992 firmins
1062 1945 1275 2008 teneas).
1313 1945 1453 2005 Dic'’‚
1488 1946 1660 2008 inquit,
1680 1961 1862 2008 „cerva

183 2021 459 2085 supposita,
521 2037 667 2086 quam
722 2028 867 2087 pater
913 2023 1170 2073 immolans
1217 2041 1300 2073 me
1355 2025 1610 2074 immolare
1655 2027 1857 2090 putarit,

181 2105 424 2149 servatam
477 2116 558 2150 me
601 2117 630 2149 a
677 2101 770 2150 dea
817 2107 868 2151 et
911 2103 961 2152 in
1007 2104 1133 2153 hanc
1178 2110 1360 2154 terram
1413 2105 1697 2155 translatam
1734 2121 1860 2154 esse.

178 2179 319 2229 Haec
390 2180 440 2230 in
485 2180 690 2246 epistola
737 2183 1014 2248 perscripta
1060 2184 1223 2234 sunt.”
1290 2185 1431 2234 Haec
1475 2186 1687 2234 recitans
1722 2185 1857 2250 Iphi-

178 2259 321 2324 genia
356 2260 431 2309 bis
465 2262 525 2310 ab
562 2260 769 2320 Oreste,
822 2268 875 2310 ut
907 2279 998 2328 par
1033 2270 1139 2326 est,
1174 2265 1557 2329 interpellatur,
1606 2265 1748 2314 cuius
1783 2269 1859 2314 ta·

177 2354 290 2388 men
325 2355 473 2390 voces
508 2357 627 2405 prae
660 2342 893 2407 cupidine
927 2344 1144 2408 negligit.
1189 2346 1381 2395 Auditis
1410 2352 1573 2394 autem
1614 2345 1858 2415 omnibuS,

175 2417 390 2483 Pylades
424 2421 659 2470 facillimo
694 2438 749 2471 se
784 2423 1061 2473 iuramento
1096 2431 1148 2473 et
1184 2426 1262 2473 cui
1299 2425 1532 2474 satisfieri
1577 2425 1686 2473 sine
1720 2440 1859 2472 mora

174 2499 361 2563 possit,
405 2502 695 2551 obstrictum
730 2518 843 2551 esse
876 2505 1127 2567 gaudens,
1174 2503 1344 2553 Oresti
1378 2505 1629 2570 praesenti
1661 2504 1854 2552 litteras

178 2594 207 2626 a
255 2593 428 2628 sorore
475 2583 650 2634 missas
687 2584 914 2632 continuo
949 2584 1123 2633 tradit:
1173 2585 1349 2649 quibus
1383 2585 1466 2633 hic
1501 2584 1720 2648 acceptis
1755 2588 1857 2631 sta-

174 2657 366 2722 timque
400 2661 603 2711 abiectis
642 2677 823 2727 corpus
858 2664 1021 2728 ipsum
1058 2665 1242 2713 sonoris
1279 2664 1536 2728 amplecti,
1573 2679 1735 2726 neque
1770 2679 1857 2711 au·

174 2737 311 2787 ribus
347 2745 552 2800 tantum,
587 2743 677 2791 sed
711 2744 866 2792 etiam
902 2759 1133 2793 manuum
1186 2745 1577 2794 contrectatione
1621 2742 1854 2805 gaudium

173 2816 476 2881 insperatum
527 2823 788 2887 percipere
836 2824 986 2888 cupit.
1056 2823 1410 2874 Temeritatem
1462 2822 1713 2888 peregrini
1764 2822 1856 2870 mi-

172 2903 344 2948 rantur
390 2898 634 2961 famulae,
683 2907 853 2967 stupet
906 2903 1160 2968 Iphigenia
1211 2909 1360 2968 atque
1402 2903 1672 2962 avertitur;
1722 2917 1854 2958 mox,

170 2975 454 3028 affirmante
503 2995 562 3028 eo
611 2996 667 3029 se
702 2983 1087 3047 Agamemnonis
1139 2984 1294 3033 filium
1331 2999 1470 3044 esse,
1523 2983 1662 3047 signa
1697 2982 1858 3030 docu-

170 3062 438 3123 mentaque
473 3059 727 3108 incredula
761 3064 988 3127 requirit.
1059 3062 1355 3113 Proferente
1392 3062 1573 3111 Oreste
1620 3061 1854 3125 primum,

170 3137 301 3200 quod
346 3138 598 3203 Iphigenia
648 3141 788 3190 Atrei
825 3142 1164 3208 Thyestisque
1213 3144 1355 3192 litem
1401 3149 1551 3206 atque
1600 3141 1849 3189 inversum

171 3215 290 3264 solis
326 3234 528 3268 cursum
565 3222 779 3270 texendo
816 3223 863 3270 in
896 3228 1035 3272 veste
1072 3223 1407 3288 expresserit,
1444 3222 1651 3271 alterum
1673 3258 1686 3277 ,
1722 3219 1855 3282 quod

168 3295 396 3346 Aulidem
449 3299 770 3362 proficiscens
817 3301 1009 3352 lavacro
1061 3303 1267 3368 nuptiali
1304 3321 1332 3352 a
1366 3308 1527 3351 matre
1562 3301 1741 3349 affecta
1776 3299 1854 3358 sit,

169 3376 386 3438 tertium,
423 3379 555 3443 quod
603 3381 765 3429 crines
800 3382 914 3431 inde
946 3384 1300 3432 monimentum
1337 3383 1481 3432 matri
1515 3397 1607 3446 pro
1642 3392 1854 3442 corpore

168 3455 446 3517 remiserit,
497 3465 745 3524 quartum,
794 3463 924 3526 quod
967 3463 1145 3525 hasta,
1193 3479 1288 3527 qua
1321 3461 1506 3526 Pelops
1550 3460 1855 3509 Oenomaum

1425 3541 1527 3587 11ἷζε
