2124 3860
1069 259 1192 316 316

295 407 365 456 tio
388 411 438 455 et
463 403 775 453 tristissimus
803 403 1069 469 discessus,
1090 406 1588 471 appropinquantibus
1613 406 1796 469 Furiis,
1818 407 1969 458 finem

296 486 529 534 dramatis
567 482 804 533 efficiunt.

427 564 480 612 Si
518 580 630 612 vera
667 570 781 613 sunt
816 580 938 629 quae
972 566 1023 614 in
1064 565 1306 629 Lysandri
1341 565 1436 614 vita
1471 565 1766 616 Plutarchus
1805 584 1845 616 c.
1885 570 1966 619 15.

294 661 343 709 p.
379 645 495 691 441.
531 645 797 692 memoriae
831 645 1048 704 tradidit,
1081 646 1228 694 huius
1264 647 1572 711 potissimum
1609 647 1840 695 dramatis
1883 648 1966 696 ad-

295 724 554 772 miratione
590 724 812 787 Spartani
847 726 970 772 moti
1008 732 1148 786 sunt,
1197 744 1258 775 ne
1314 743 1566 774 servorum
1614 742 1752 774 more
1785 731 1967 776 tracta-

293 810 401 852 rent
446 804 773 852 Athenienses
821 805 950 868 apud
988 807 1153 870 Aegos
1200 807 1379 854 flumen
1433 807 1589 855 victos
1638 822 1760 854 neve
1796 807 1967 856 urbem

293 885 399 933 solo
436 892 716 947 aequarent.
787 885 895 932 Hac
943 886 1067 934 enim
1118 888 1360 936 sententia
1407 886 1453 934 in
1489 886 1705 934 hostium
1744 886 1966 947 consilio,

292 981 440 1029 quum
477 965 629 1029 duces
666 980 755 1011 una
793 966 1124 1028 epularentur,
1160 969 1429 1031 proposita,
1465 966 1596 1014 iuter
1631 966 1806 1030 pocula
1835 966 1965 1014 Pho-

293 1045 452 1093 censis
502 1045 696 1108 qnidam
748 1044 810 1092 de
846 1045 1098 1108 Euripidis
1136 1046 1334 1095 Electra
1368 1046 1506 1095 chori
1537 1046 1815 1110 ingressum
1851 1061 1966 1095 can-

290 1125 438 1184 tavit,
473 1125 610 1172 cuius
645 1124 742 1172 hoc
777 1132 852 1173 est
884 1126 1162 1175 exordium:

415 1194 804 1269 Ἀγαμέμνονος
841 1196 881 1254 ὦ
919 1204 1070 1268 κόρα,

419 1285 645 1350 ἤλυθον,
675 1278 944 1349 Ἠλέκτρα,
979 1283 1102 1336 ποτὶ
1137 1282 1237 1336 σὰν
1271 1283 1586 1351 ἀγρότειραν
1620 1283 1803 1335 αὐλάν.

290 1366 400 1430 Quo
436 1374 578 1415 cantu
613 1367 778 1415 audito
816 1366 956 1415 fracti
991 1372 1104 1416 sunt
1141 1383 1310 1416 omnes
1347 1376 1494 1430 atque
1531 1368 1729 1430 indigna
1753 1381 1834 1414 res
1862 1365 1966 1414 visa

289 1451 369 1494 est
396 1452 494 1494 tam
531 1447 712 1495 claram
749 1446 1011 1507 civitatem,
1049 1448 1216 1496 talium
1254 1448 1465 1495 virorum
1498 1447 1757 1504 alumnam,
1794 1445 1965 1494 delere

289 1532 437 1589 atque
473 1527 777 1575 exscindere.
847 1525 1003 1575 Tanta
1038 1527 1190 1591 igitur
1226 1528 1330 1575 laus
1366 1534 1541 1590 poetae
1574 1526 1672 1573 fuit
1709 1532 1963 1589 praestan-

287 1606 486 1666 tissimi,
521 1614 648 1654 utet
691 1607 953 1671 opprobria
983 1606 1188 1671 Spartae
1213 1606 1607 1671 frequentissima
1639 1613 1687 1654 et
1712 1604 1962 1670 popularis

285 1686 478 1749 imperii
507 1687 981 1735 commendationem
1019 1687 1244 1751 Spartani
1288 1687 1550 1750 optimates
1584 1685 1768 1747 gloriae
1806 1684 1963 1732 Grae-

287 1766 395 1814 ciae
439 1767 498 1814 ab
544 1767 629 1814 illo
676 1774 849 1816 aiictae
893 1767 1240 1815 condonarent.
1309 1765 1376 1813 Et
1422 1765 1648 1814 defendit
1695 1763 1962 1829 Euripides

287 1844 337 1892 in
371 1846 464 1894 hac
498 1846 603 1910 ipsa
640 1847 806 1895 fabula
849 1864 1118 1912 pauperum
1155 1845 1510 1908 humiliumque
1555 1845 1805 1894 hominum
1840 1844 1962 1903 iura,

286 1925 515 1973 virtutem
575 1929 759 1975 docens
819 1944 913 1976 non
971 1928 1117 1976 certis
1178 1928 1429 1974 ordinibus
1493 1927 1632 1989 quasi
1679 1925 1960 1973 hereditate

287 2007 432 2065 tradi,
468 2006 554 2055 sed
592 2008 816 2055 omnibus
852 2009 1138 2055 mortalibus
1176 2023 1483 2055 communem
1521 2006 1688 2054 studio
1723 2019 1780 2051 ac
1815 2001 1963 2051 disci·

287 2085 423 2150 plina
456 2088 670 2150 acquiri,
719 2104 747 2134 a
794 2104 886 2151 qna
923 2088 1172 2149 aequitate
1206 2086 1376 2134 indicii
1427 2085 1712 2150 longissime
1747 2084 1964 2131 omnium

287 2165 489 2213 aberant
526 2166 768 2229 Spartani.
837 2167 1059 2215 Manavit
1109 2168 1233 2214 haec
1267 2166 1539 2223 sententia,
1589 2164 1835 2228 prioribus
1869 2164 1960 2210 ho-

287 2244 497 2292 minibus
532 2246 763 2303 inaudita,
800 2262 862 2293 ex
897 2246 1227 2310 philosophia,
1263 2261 1405 2306 quam
1441 2245 1567 2291 duce
1593 2243 1832 2305 Euripide
1868 2241 1959 2290 So—

289 2329 450 2373 crates
486 2326 613 2373 vit‘ae
649 2325 920 2373 communis
951 2325 1059 2372 usui
1083 2323 1303 2371 adhibuit
1324 2323 1412 2386 (cf.
1437 2322 1660 2386 Xenoph.
1681 2320 1957 2372 Comment.

288 2402 327 2466 Ι,
363 2408 419 2463 2,
455 2408 518 2452 56
555 2404 744 2469 seqq),
796 2405 878 2469 qui
915 2403 1095 2452 dicitur
1141 2405 1187 2452 in
1234 2403 1428 2450 theatro
1475 2404 1684 2460 sedens,
1731 2417 1840 2450 cum
1888 2401 1960 2448 illi

287 2501 462 2534 versus
514 2487 873 2543 recitarentur,
927 2484 1202 2532 delectatus
1251 2499 1387 2540 esse,
1437 2483 1524 2530 sed
1572 2498 1719 2546 aegre
1767 2481 1958 2542 tulisse,

290 2566 420 2629 quod
470 2565 517 2613 in
566 2566 731 2613 medio
777 2565 909 2612 illam
960 2566 1291 2627 quaestionem
1328 2562 1696 2625 relinquendam
1732 2577 1844 2609 esse
1880 2561 1959 2610 di-

291 2653 429 2694 ceret
477 2645 742 2710 Euripides
805 2643 1110 2707 (κροέτιστον
1155 2641 1264 2708 εἰκῆ
1325 2638 1472 2692 ταῦτ’
1531 2636 1623 2690 ἐάν
1682 2638 1957 2706 ἀφειμένα,

287 2742 333 2777 v.
369 2729 513 2783 329„
564 2742 688 2788 quae
731 2727 881 2774 verba
929 2728 977 2775 in
1013 2724 1318 2789 proverbium
1355 2724 1604 2782 abierunt;
1650 2721 1714 2773 cf.
1751 2722 1956 2785 Longin.

289 2822 334 2857 c.
369 2807 451 2863 44,
487 2808 617 2869 12.):
679 2806 939 2855 ridiculum
984 2806 1111 2854 enim
1143 2819 1255 2852 esse
1300 2804 1626 2867 mancipium,
1675 2802 1716 2850 si
1756 2803 1957 2863 abisset,

294 2886 494 2948 dignum
527 2885 843 2949 inquisitione
878 2887 1120 2945 iudicare,
1161 2884 1388 2931 virtutem
1425 2893 1585 2931 autem
1614 2887 1807 2930 temere
1841 2881 1958 2929 sub-

294 2965 421 3013 trahi
459 2967 780 3029 permittere3
820 2967 884 3015 cf.
914 2966 1113 3029 Diogen.
1151 2963 1315 3011 Laert.
1344 2962 1401 3022 ll,
1431 2966 1508 3012 33.
1577 2961 1809 3024 Singulae
1843 2976 1955 3008 sen-

291 3044 477 3094 tentiae
513 3046 701 3109 singula
737 3048 1044 3107 testimonia,
1091 3048 1146 3094 ut
1182 3045 1248 3091 ait
1284 3043 1489 3101 Cicero,
1536 3043 1668 3090 visae
1702 3047 1813 3088 sunt
1847 3055 1956 3087 sae-

293 3124 403 3172 culo
442 3125 767 3175 eruditionem
804 3129 956 3191 magis
993 3141 1137 3190 quam
1165 3125 1315 3172 robur
1338 3122 1596 3171 adamanti.
1650 3120 1819 3183 ltaque
1841 3118 1955 3166 Cle·

290 3204 462 3253 anthes
497 3220 571 3262 ea,
607 3220 733 3267 quae
769 3206 829 3253 de
856 3206 1128 3255 divitiarum
1163 3220 1258 3253 usu
1281 3204 1548 3269 Euripides
1582 3219 1628 3253 v.
1654 3200 1955 3247 426—431.

293 3285 535 3334 disseruit
547 3320 561 3343 ,
575 3332 580 3341 .
596 3285 870 3333 immutavit
904 3287 1005 3334 sic:

423 3362 645 3427 πόρναις
677 3381 731 3415 τε
766 3364 971 3428 δοῦναι,
1007 3361 1157 3427 σῶμοέ
1188 3363 1231 3411 τ’
1267 3362 1340 3423 εἰς
1371 3361 1537 3414 νόσον
1569 3357 1732 3412 πεσὸν

426 3442 685 3505 δαπάναις
728 3441 1027 3510 {nereidum
1092 3443 1157 3495 cf.
1197 3443 1326 3495 Plut.
1362 3444 1425 3494 de
1457 3444 1569 3495 aud.
1612 3445 1747 3507 poet.
1786 3455 1835 3505 p.
1872 3440 1953 3488 33.
