2170 3848
1196 276 1277 332 86

404 432 505 476 tres
540 440 648 473 cum
682 421 885 471 totidem
920 421 1120 472 famulis
1156 422 1355 487 plenum
1394 421 1531 472 ebori
1562 425 1781 490 bipartiti
1815 442 2070 475 numerum

404 500 706 568 efficiunt*).
774 501 899 550 Nam
952 503 1045 550 etsi
1090 518 1253 565 neque
1302 501 1548 566 Polynicis
1594 521 1754 571 neque
1787 503 2075 570 ‘Amphiarai

402 588 560 631 mater
604 583 654 630 in
701 598 898 631 scenam
946 582 1155 646 produci
1200 587 1339 631 recte
1382 585 1637 647 potuerint
1691 592 1782 634 nec
1846 587 1941 634 nisi
1988 602 2075 635 sex

402 666 709 711 mortuorum
746 678 952 726 corpora
988 666 1334 727 reportentur,
1381 670 1542 712 tamen
1587 663 1841 732 haec'non
1875 682 2075 716 accura-

402 741 590 790 tissime
625 742 881 807 explorata
917 757 1029 790 esse
1061 741 1411 808 intelligimus,
1459 759 1621 806 neque
1655 745 1909 809 urguenda
1961 751 2076 795 sunt

403 838 529 885 quae
583 826 760 885 poetae
810 821 1036 870 consulto
1087 821 1382 871 celaverunt.
1453 823 1646 872 Celavit
1693 827 1858 873 autem
1905 829 2078 874 noster

402 901 680 957 manifesto,
717 918 864 965 quum
900 901 1080 950 fecerit
1113 899 1385 963 Theseum,
1421 918 1518 966 quo
1553 903 1761 967 quisque
1785 903 2076 954 interfecto-

401 995 508 1028 rum
543 997 741 1047 genere,
777 998 873 1046 quo
908 981 1101 1045 ingenio
1137 980 1363 1046 qualique
1395 984 1495 1031 vita
1527 982 1726 1042 fuisset,
1761 999 1857 1034 non
1886 1000 1948 1034 ex
1974 1000 2077 1033 ma-

401 1061 557 1109 tribus
609 1062 826 1126 ipsorum
864 1061 934 1125 (id
986 1061 1116 1125 quod
1153 1061 1416 1128 decebat),
1454 1062 1542 1111 sed
1577 1079 1640 1112 ex
1675 1063 1888 1114 Adrasto
1924 1080 2076 1128 quae-

401 1145 589 1190 rentem
636 1147 783 1206 atque
834 1141 1150 1190 excusatione
1183 1147 1401 1191 utentem
1438 1159 1525 1202 ea,
1574 1159 1667 1207 qua
1721 1149 1892 1192 contra
1937 1148 2077 1193 natu-

400 1235 505 1271 ram
538 1237 594 1270 se
629 1222 795 1270 faeere
828 1222 937 1286 ipse
971 1222 1246 1271 fateretur:
1675 1279 1683 1286 ‚

530 1297 734 1365 μέλλων
767 1296 813 1351 6'
847 1298 1064 1364 ἐρωτᾶν,
1100 1299 1239 1366 ἡνίκ’
1280 1297 1535 1367 ἐξήντλεις
1569 1305 1774 1373 στρατῷ

531 1381 711 1446 γόους,
748 1379 965 1448 ἀφήσω·
999 1374 1126 1441 τοὺς
1161 1380 1207 1431 δ’
1243 1377 1349 1432 ἐκεῖ
1378 1379 1475 1445 μὲν
1509 1378 1736 1432 ἐκλιπὼν

532 1460 583 1522 ἐς
613 1460 677 1512 τὰ
712 1461 779 1512 σοὶ
811 1478 870 1528 γε
905 1461 1138 1526 μύθους,
1173 1464 1279 1512 νῦν
1313 1455 1362 1512 δ’
1376 1455 1676 1526 ’Ἄδραστον
1711 1460 1924 1525 ἱστορῶ,

400 1541 433 1590 i.
470 1558 513 1591 e.
550 1559 727 1607 quum
765 1550 982 1603 antea,
1033 1543 1171 1591 dum
1207 1543 1518 1592 lamentis
1553 1560 1821 1608 operam
1859 1541 2076 1602 dabas,

402 1624 710 1684 quaedam
772 1639 847 1671 ex
907 1627 971 1672 te
1035 1623 1466 1687 quaesiturus
1536 1623 1844 1684 fuissem,
1915 1637 2077 1671 nunc

403 1702 718 1762 omittam,
768 1703 1174 1764 invicemque
1218 1718 1376 1764 quae
1411 1704 1484 1751 ad
1519 1708 1580 1751 te
1614 1703 1962 1768 pertinent
1997 1716 2077 1751 ex

401 1780 686 1831 Adrasto
738 1779 1157 1846 quaeram**).
1228 1781 1651 1843 Quemadmodum
1698 1781 1876 1846 singuli
1922 1780 2076 1830 duces

403 1875 513 1908 cum
547 1861 751 1925 singulis
788 1861 1084 1909 satellitibus
1118 1862 1166 1910 in
1201 1862 1386 1910 bellum
1420 1862 1636 1927 profecti
1679 1865 1822 1923 sunt,
1871 1860 1944 1909 sic
1978 1861 2074 1910 sin·

401 1939 545 2002 gulae
590 1940 806 1988 famulae
863 1940 1068 2003 singulis
1115 1941 1297 2005 reginis
1367 1940 1506 2004 quasi
1559 1941 1824 1990 satellitum
1888 1945 2076 1990 matres

402 2019 665 2068 attributae
700 2024 829 2068 sunt.
902 2019 1022 2068 ltem
1060 2024 1248 2068 certum
1284 2036 1540 2068 numerum
1575 2035 1844 2084 puerorum
1878 2020 1931 2068 in
1965 2019 2077 2084 pul-

401 2099 503 2163 pito
539 2099 816 2162 proximum
854 2098 1065 2146 Adrasto
1103 2100 1281 2147 sedere
1329 2115 1389 2147 ex
1423 2115 1466 2146 v.
1504 2101 1600 2147 106
1628 2115 1733 2163 seq.
1756 2098 2076 2163 intelligitur:

403 2194 525 2242 quos
561 2179 806 2226 intuentes
843 2179 926 2241 qui
962 2180 1251 2241 spectabant
1285 2178 1516 2242 profecto
1551 2195 1645 2227 non
1672 2181 1918 2240 curabant,
1954 2195 2076 2243 quo·

402 2258 551 2305 modo
589 2273 755 2306 eorum
792 2274 1024 2306 numerus
1060 2259 1351 2321 habitusque
1388 2274 1499 2307 cum
1534 2259 1652 2306 filiis
1687 2260 1913 2319 heroum,
1952 2274 2077 2322 quos

399 2337 551 2385 fando
586 2338 924 2400 accepissent,
960 2343 1269 2401 congrueret.
1339 2336 1466 2386 Sunt
1500 2342 1666 2387 certae
1700 2354 1866 2386 rerum
1914 2338 2076 2388 sceni-

403 2433 574 2465 carum
608 2417 761 2480 leges,
798 2416 991 2465 decoris
1026 2434 1196 2466 caussa
1232 2419 1559 2478 constitutae,
1596 2418 1772 2480 quibus
1807 2417 1922 2467 dum
1958 2408 2075 2467 obe-

401 2498 541 2546 diunt
575 2499 658 2559 qui
693 2497 914 2545 dramata
950 2504 1264 2562 componunt,
1318 2498 1565 2546 interdum
1600 2497 1790 2560 fingunt
1823 2514 1911 2559 ea,
1947 2515 2075 2562 quae

402 2577 597 2626 veritati
633 2577 794 2625 minus
830 2577 1181 2641 respondeant.
1251 2577 1405 2626 Cuius
1453 2577 1525 2626 rei
1566 2577 1759 2642 insigne
1792 2577 2075 2642 exemplum

400 2657 548 2705 huius
594 2656 832 2706 dramatis
877 2656 1108 2721 prologus
1155 2657 1384 2706 continet.
1450 2657 1663 2705 Primam
1714 2657 1843 2705 enim
1896 2672 2073 2722 perso,-

402 2752 573 2785 narum
614 2737 830 2785 omnium
866 2735 1070 2786 chorum
1107 2739 1256 2786 verba
1287 2737 1454 2785 facere
1488 2753 1545 2785 ac
1581 2736 1644 2784 de
1673 2752 1870 2786 suarum
1904 2753 2073 2786 rerum

403 2816 680 2864 conditione
716 2832 995 2880 exponere,
1046 2833 1196 2882 quum
1228 2817 1448 2866 Aethrae
1492 2816 1723 2865 auxilium
1766 2816 2074 2882 imploraret,

457 2975 507 3029 ἡ)
535 2991 580 3018 v.
611 2974 708 3017 963.
751 2973 868 3017 ἑπτὰ
897 2973 1087 3032 ματέρες
1110 2973 1225 3018 ἑπτὰ
1253 2971 1450 3032 κούρους
1470 2971 1759 3029 ἑγεινοῖμεθα.
1790 2973 2073 3016 Cf-Boeckh.

539 3046 616 3087 Gr.
641 3049 756 3101 trag.
774 3044 918 3099 princ.
938 3060 982 3100 p.
1006 3045 1076 3088 75.
1114 3046 1271 3088 Elmsl.
1294 3045 1338 3087 in
1368 3046 1499 3087 class.
1516 3045 1663 3098 journ.
1689 3046 1737 3086 V.
1762 3044 1839 3086 IX.
1864 3058 1906 3085 n.
1932 3043 2073 3086 XVII.

540 3131 583 3170 p.
609 3114 678 3156 56.
739 3115 898 3157 Contra
928 3115 1074 3158 Astius
1106 3116 1150 3159 in
1183 3120 1519 3172 programmate
1551 3130 1704 3172 gymn.
1726 3113 1943 3157 Cliveusis
1971 3126 2073 3156 ann.

538 3184 664 3226 1827.
686 3184 836 3227 inania
855 3186 1072 3239 opinatur·

426 3254 504 3309 W)
532 3253 698 3296 Vocem
727 3252 779 3298 δέ
807 3260 905 3310 post
934 3255 1042 3306 τούς
1070 3253 1235 3297 inserui
1262 3258 1307 3296 et
1334 3255 1611 3310 interpuncta
1631 3253 2072 3296 mutavi-verborum.

537 3324 691 3366 Altera
719 3323 787 3377 δέ,
815 3338 928 3378 quae
958 3330 1057 3379 post
1085 3325 1170 3369 νῦν
1200 3325 1419 3366 collocata
1447 3330 1537 3379 est,
1581 3326 1637 3368 ad
1665 3321 1747 3379 μέν
1775 3323 1966 3365 refertur
1993 3335 2074 3364 ne-

542 3408 626 3448 que
658 3394 875 3436 connectit
905 3396 1157 3451 enuntiata,
1189 3393 1267 3436 sed
1297 3398 1469 3438 tantum
1497 3393 1846 3439 vicissitudinem
1873 3393 2074 3436 declarat

537 3464 929 3519 (ander-scits).
