2170 3848
1169 254 1291 310 178

409 402 548 452 finita
581 415 845 465 corporum
878 399 1246 460 exercitatione,
1277 401 1583 453 redeuntium
1617 406 1679 455 ad
1708 405 1955 456 festorum
1984 420 2069 458 oe-

412 480 730 530 lebrationem
766 481 929 528 venire
959 480 1270 543 perhibetur:

542 557 651 621 6ρῶ
691 556 788 622 μὲν
821 556 1034 622 ἀνδρῶν
1066 558 1219 609 τόνδε
1251 558 1500 624 γυμνάδα
1533 559 1720 614 στόλον

547 638 820 704 στείχοντα
853 639 1079 703 θεωρόν,
1115 635 1173 690 ἐκ
1205 640 1409 705 τρόχων
1442 642 1797 706 πεπαυμένον.

413 720 603 782 Quibus
662 721 822 768 verbis
879 721 1093 770 chorum,
1152 721 1418 786 significari
1480 723 1794 772 manifestum
1849 727 1940 775 eet.
2018 723 2073 775 ln

412 801 597 848 medias
632 801 778 862 igitur
812 801 1004 863 nuptias
1042 801 1316 849 inciderunt
1349 801 1461 860 illa,
1511 818 1634 865 qnae
1679 803 1757 850 his
1789 803 1951 850 verbis
1984 818 2072 852 ex-

412 881 550 944 ponit
583 879 833 942 Hyginus:
903 881 1034 942 „Qui
1079 895 1188 927 cnm
1226 881 1476 943 expositus
1513 887 1664 942 esset,
1699 897 1821 946 equa
1854 882 1988 929 venit
2021 886 2074 930 et

414 960 460 1008 ei
506 959 582 1006 lac
626 959 986 1021 praestabat*).
1058 959 1265 1020 Quidam
1325 966 1491 1023 pastor
1548 977 1722 1024 equam
1781 965 2074 1024 persecutus

413 1038 535 1086 vidit
567 1038 819 1095 infantem,
855 1046 1002 1101 atque
1036 1055 1148 1086 eum
1184 1038 1395 1088 sustulit.
1463 1040 1560 1102 Qui
1594 1047 1732 1088 veste
1766 1040 1897 1102 regia
1930 1039 2074 1087 indu-

413 1124 518 1167 tum
566 1134 677 1165 cum
720 1118 766 1166 in
803 1134 965 1166 casam
1011 1118 1236 1179 tulisset,
1285 1118 1410 1165 alter
1443 1126 1725 1183 compastor
1757 1119 1973 1183 rogavit,
2021 1121 2076 1166 ut

413 1198 507 1247 sibi
529 1213 641 1245 eum
666 1196 901 1245 infantem
925 1197 1142 1246 donaret.
1210 1197 1298 1245 Ille
1327 1198 1371 1245 ei
1398 1199 1594 1246 donavit
1615 1198 1722 1246 sine
1747 1205 1900 1248 veste.
1946 1197 2075 1246 Cum

413 1282 576 1326 autem
612 1277 741 1324 inter
775 1293 861 1325 eos
896 1277 1104 1341 iurgium
1139 1283 1300 1335 esset,
1349 1277 1477 1339 quod
1514 1279 1595 1341 qui
1630 1294 1834 1342 puerum
1869 1293 2074 1341 accepe-

412 1361 488 1405 rat
535 1355 741 1420 insignia
774 1357 1085 1421 ingenuitatis
1133 1363 1445 1419 reposceret,
1497 1358 1579 1405 ille
1627 1365 1789 1406 autem
1839 1372 1937 1404 non
1984 1357 2072 1404 da-

412 1441 504 1495 ret,
539 1436 1030 1483 contendentes
1066 1436 1139 1483 ad
1185 1452 1403 1497 regem
1441 1436 1846 1499 Cercyonem
1882 1450 2071 1483 vene-

414 1520 564 1566 runt
613 1519 674 1562 et
721 1515 1124 1562 contendere
1191 1512 1593 1578 coeperunt.”
1677 1513 1878 1563 Tertius
1923 1513 2074 1575 igitur

415 1594 650 1644 dramatis
699 1597 839 1641 actus
885 1594 972 1642 lite
1015 1600 1264 1656 pastorum
1299 1593 1557 1659 confectus
1591 1599 1696 1653 est,
1747 1595 1796 1642 in
1831 1609 1924 1656 qua
1958 1608 2074 1642 con-

412 1675 656 1733 tentione,
705 1688 928 1719 caussam
979 1672 1187 1719 invicem
1231 1677 1282 1719 et
1327 1680 1613 1721 accusatore
1657 1678 1707 1721 et
1740 1689 1826 1722 reo
1860 1672 2075 1735 dicente,

412 1755 558 1818 plane
618 1751 831 1812 fuseque
887 1756 1134 1798 narratum
1197 1756 1302 1810 est,
1375 1752 1622 1813 quomodo
1687 1751 1849 1800 infans
1904 1753 2072 1800 inven-

414 1841 525 1892 tus,
574 1831 818 1892 quomodo
865 1830 1107 1885 nutritus,
1160 1830 1404 1894 quomodo
1440 1832 1660 1880 sublatus
1694 1837 1844 1879 esset.
1911 1829 2073 1879 Huius

413 1911 618 1961 actionis
664 1909 941 1972 fragmenta
977 1909 1108 1957 nulla
1141 1909 1315 1958 relicta
1350 1915 1493 1968 sunt,
1541 1912 1636 1958 nisi
1670 1910 1802 1959 forte
1825 1909 1918 1959 inc.
1948 1915 2073 1974 trag.

416 1988 631 2041 cxcvl.
667 1989 781 2035 inde
816 1989 1129 2053 depromtnm
1165 1990 1255 2037 sit:

543 2069 706 2134 τηλοῦ
739 2063 841 2132 γὰρ
878 2066 1041 2117 οἰκῶν
1075 2067 1259 2130 βίοτον
1292 2065 1659 2135 ἐξιδρυσοὶμην.

413 2151 589 2199 Potest
635 2150 809 2196 eodem
857 2148 1034 2196 referri
1078 2150 1239 2211 glossa
1284 2150 1525 2214 Hesychii
1578 2145 1937 2213 ὁδηθείης,
1982 2147 2072 2211 λη-

415 2228 622 2294 φθείης,
655 2226 926 2292 πραθείης,
959 2234 1009 2275 et
1039 2227 1202 2276 Photii
1236 2226 1312 2278 ὁδ
1322 2231 1483 2295 ἧσαι
1514 2229 1573 2280 τὸ
1609 2226 1932 2295 ὠνήσασθαι.
1967 2225 2075 2276 Εὐ-
2137 2271 2146 2279 .

422 2307 630 2374 ριπίδης
658 2301 849 2371 Ἀλόπῃ
882 2305 969 2356 καὶ
1004 2305 1260 2357 Κύκλωπι
1275 2307 1366 2372 **).
1434 2310 1603 2375 Pergit
1635 2309 1815 2358 deinde
1848 2307 2075 2372 Hyginus

413 2391 552 2438 hisce
601 2390 788 2436 verbis:
855 2386 978 2447 „Ille
1025 2394 1217 2443 autem,
1267 2388 1349 2450 qui
1383 2388 1617 2437 infantem
1664 2390 1899 2438 donatum
1931 2402 2075 2442 acce-

414 2474 583 2534 perat,
626 2473 856 2530 repetere
889 2465 1096 2528 insignia
1140 2468 1319 2531 coepit.
1386 2467 1524 2528 Quae
1569 2485 1677 2516 cum
1713 2469 1859 2517 allata
1891 2470 2074 2525 essent,

416 2555 465 2597 et
498 2552 789 2612 agnosceret
824 2545 1046 2609 Cercyon
1091 2562 1150 2594 ea
1196 2562 1308 2595 esse
1343 2563 1403 2595 ex
1436 2554 1573 2596 veste
1606 2549 1757 2596 scissa
1791 2547 1924 2595 filiae
1957 2560 2074 2594 suae

416 2628 625 2691 Alopes,
662 2627 826 2675 nutrix
861 2627 1039 2674 timens
1073 2626 1180 2690 regi
1231 2627 1461 2674 indicium
1515 2628 1635 2676 fecit
1678 2626 1915 2675 infantem
1961 2639 2073 2673 eum
2111 2670 2120 2679 ,

415 2707 597 2771 Alopes
633 2702 794 2755 esse.''
862 2705 938 2754 Ne
970 2706 1116 2754 huius
1151 2706 1348 2768 quidem
1380 2712 1517 2754 actus
1553 2708 1812 2771 quicquam
1845 2705 2072 2754 relictum

416 2792 505 2834 est.
572 2786 811 2834 Extremo
855 2784 1065 2848 denique
1110 2792 1223 2835 actu
1269 2785 1428 2849 Alope
1484 2788 1533 2835 in
1589 2786 1826 2835 iudicium
1881 2788 2070 2839 vocata,

415 2866 659 2922 convicta,
706 2866 928 2913 damnata
973 2872 1119 2927 atque
1171 2866 1409 2930 supplicio
1445 2866 1622 2915 affecta
1655 2868 1746 2913 est.
1814 2863 2070 2928 Hyginus:

414 2944 548 3005 „Qui
582 2945 733 2993 filiam
766 2945 909 2993 iussit
942 2945 1003 2993 ad
1036 2960 1206 2994 necem
1239 2945 1449 3004 includi,
1491 2944 1726 2993 infantem
1760 2951 1923 2993 autem
1957 2955 2070 3005 pro-

414 3023 513 3072 iici.
516 3021 546 3043 '’
614 3023 896 3084 Orationis,
932 3040 1024 3087 qua
1061 3028 1200 3088 pater
1231 3024 1382 3073 filiam
1416 3025 1684 3088 increpavit
1716 3021 2066 3085 incusavitque‚

415 3102 541 3150 haec
575 3110 768 3153 exstant
803 3104 1108 3168 fragmenta.

468 3227 520 3282 ³⁵)
549 3228 697 3284 Etym.
717 3229 801 3272 Μ.-
832 3228 1094 3282 Ἱππιόθων,
1122 3228 1376 3285 κερηνῶνος
1402 3229 1499 3279 πῶς
1527 3224 1834 3285 (Ἱπποθόων,
1864 3221 2067 3283 Κερκυό-

549 3312 629 3347 νος
655 3295 811 3353 παῖς),
854 3295 929 3343 ὅτι
967 3298 1121 3355 λάθρα
1163 3295 1306 3342 αὐτὸν
1347 3299 1394 3342 ἐκ
1425 3299 1711 3349 Ποσειδῶνος
1739 3293 1948 3352 κυήσασα
1975 3291 2066 3349 ἐξέ-

546 3369 706 3423 θηκεν,
735 3368 876 3419 ἵππος
904 3367 954 3414 δὲ
983 3365 1126 3414 αὐτὸν
1153 3367 1416 3426 ξέθρεψεν.

438 3436 515 3491 *ἢ
545 3438 669 3494 Cycl.
698 3453 742 3481 v.
772 3438 841 3481 12.
