2124 3860
284 2938 413 2985 41„

1140 245 1259 302 292
1312 307 1314 311 ,

346 396 453 447 Hos
498 394 628 442 enim
660 390 876 440 comicus
907 390 1028 441 facit
1061 389 1429 457 μινυρίζοντας
1461 389 1587 460 μέλη
1621 392 1808 461 doxazo
1825 397 2002 459 -μελι-

344 469 998 537 σιδωνο-φρυνιχ-ήρατα
1032 470 1206 537 (Vesp.
1236 470 1392 533 220),
1427 472 1517 520 hoa
1551 475 1670 523 dicit
1704 477 1764 524 ab
1801 475 2002 525 histrio-

343 554 485 603 nibus
518 552 617 600 reis
650 552 919 601 demulceri
953 552 1220 601 recitandis
1255 551 1560 615 pulcerrimis
1588 555 1862 620 quibusque
1888 554 2004 602 Nio-

343 631 437 681 bae
483 631 634 690 locis,
682 648 828 696 quam
862 631 1136 694 Aeschylus
1182 633 1451 695 scripserat
1485 631 1697 682 fabulam
1732 634 1799 697 (v.
1835 635 2003 692 585.);

340 717 448 761 tum
484 710 870 759 Philocleontem
907 711 1026 758 facit
1061 709 1248 758 ebrium
1286 711 1561 775 priscorum
1586 714 1875 776 tragicorum
1897 728 2004 760 car-

341 790 469 839 mina
501 806 591 853 per
623 796 775 838 totam
813 796 1008 838 noctem
1043 790 1221 838 saltare
1255 806 1507 854 nugasque
1531 806 1644 840 esse
1677 791 2005 846 recen-tiorum

341 869 620 932 tragoedias
657 870 852 929 dicere3
886 871 1002 918 item
1035 869 1389 933 Strepsiadem‚
1425 870 1506 933 qui
1541 875 1617 918 est
1647 886 1708 918 ex
1734 869 1906 918 eadem
1934 869 2007 916 di—

340 948 576 1013 sciplina,
611 948 800 996 inducit
833 965 860 995 a
894 948 1022 1008 filio,
1058 954 1111 996 ut
1145 948 1326 1011 aliquid
1363 949 1595 1013 Aeschyli
1632 954 1800 1010 canat,
1835 953 2007 1012 peten-

339 1032 470 1076 tem:
508 1044 604 1090 quo
641 1034 906 1092 spernente
939 1034 1133 1092 poetam
1169 1027 1364 1090 plenum
1402 1030 1657 1092 strepitus,
1691 1028 2007 1092 incongruum

340 1123 398 1155 ac
445 1106 750 1171 turgidorum
795 1123 976 1171 pompa
1023 1108 1281 1155 verborum
1327 1107 1622 1169 gloriosum,
1667 1107 1750 1156 ille
1793 1108 2010 1170 graviter

341 1185 512 1234 dolens
548 1187 722 1250 vixque
749 1193 1030 1250 temperans
1057 1186 1159 1233 irae
1186 1186 1448 1233 admodum
1475 1187 1679 1235 acerbe:
1714 1187 1827 1248 „Tu
1862 1181 2007 1246 iam‚”

340 1265 509 1327 inquit,
544 1266 909 1324 „recentiorum
936 1266 1143 1313 istorum
1177 1264 1378 1328 aliquid,
1414 1265 1768 1329 qualiacunque
1792 1271 1904 1313 sunt
1927 1265 2010 1312 illa

341 1343 608 1407 sapientia,
653 1344 844 1392 recita'’
893 1342 1044 1403 (mab.
1082 1345 1210 1390 1364
1244 1347 1419 1406 seqq).
1504 1343 1600 1391 Hic
1642 1344 1740 1392 fuit
1771 1343 2008 1391 maiorum

342 1427 458 1469 natu
506 1422 681 1470 civium
722 1424 771 1470 in
823 1419 1123 1484 Aeschylum
1171 1421 1555 1485 Euripidemque
1603 1424 1823 1482 animus,
1869 1437 2010 1486 pror-

342 1515 426 1549 sus
461 1499 632 1547 similis
666 1501 726 1559 ei,
763 1515 860 1562 quo
894 1499 1106 1564 Augusti
1141 1502 1445 1563 temporibus
1468 1500 1675 1550 Romani
1697 1503 1890 1565 priscos
1924 1500 2009 1549 ad-

341 1580 569 1627 mirantes
606 1578 837 1642 aequales
855 1579 1138 1641 scriptores
1175 1579 1577 1629 contemnebant:

474 1656 622 1718 „Hos
659 1656 842 1705 ediscit
878 1664 927 1705 et
963 1657 1051 1705 hos
1087 1664 1199 1705 arto
1231 1659 1428 1723 stipata
1477 1658 1684 1707 theatro

475 1736 693 1802 Spectat
709 1737 875 1785 Roma
893 1743 1093 1802 potens,
1125 1737 1276 1786 habet
1303 1737 1391 1785 hos
1417 1745 1755 1804 numeratque
1771 1736 2007 1804 poeta8.'.'

344 1816 551 1868 Subiicit.
586 1832 806 1864 caussam
843 1815 1023 1864 favoris
1057 1817 1320 1865 Horatius:

473 1895 610 1957 „Vel
643 1897 766 1961 quia
787 1896 863 1943 nil
887 1903 1100 1953 rectum,
1137 1897 1238 1944 nisi
1259 1897 1395 1962 qaod
1417 1898 1620 1962 placuit
1644 1897 1756 1957 sibi,
1796 1895 2010 1958 ducant,

482 1974 573 2024 Vel
606 1976 728 2040 qaia
761 1982 915 2041 turpe
942 1982 1133 2040 putant
1161 1993 1353 2042 parere
1385 1977 1662 2025 minoribus
1697 1982 1746 2024 et
1782 1991 1917 2042 quae

476 2054 733 2103 Imberbes
769 2054 1015 2113 didicere,
1053 2072 1199 2104 senes
1227 2055 1499 2122 perdenda
1519 2053 1737 2120 fateri.’'

345 2135 398 2184 In
439 2135 546 2198 pari
581 2135 729 2197 igitur
758 2150 929 2182 caussa
964 2151 1056 2183 non
1093 2142 1170 2184 est
1204 2136 1506 2193 mirandum,
1557 2136 1687 2199 quod
1720 2134 1910 2198 pariter
1939 2133 2010 2182 in-

345 2213 548 2278 dignans
592 2213 858 2277 Euripides
902 2230 930 2260 a
975 2214 1381 2276 reprehendendo
1412 2214 1659 2276 Aeschylo
1695 2228 1865 2277 parum
1899 2211 2009 2260 aba·

345 2292 518 2351 tinuit,
571 2291 621 2338 id
669 2291 798 2353 quod
834 2293 991 2340 tribus
1027 2292 1077 2338 in
1112 2293 1375 2353 tragoediis
1409 2292 1591 2339 factum
1628 2307 1739 2339 esse
1772 2290 2011 2343 videmus.

345 2370 399 2419 ln
434 2370 719 2434 Supplicum
754 2370 882 2418 euim
916 2369 1079 2418 fabula
1113 2376 1304 2434 septem
1337 2370 1466 2429 illos,
1502 2371 1584 2433 qui
1614 2370 1663 2418 in
1700 2369 1888 2418 Thebis
1922 2356 2013 2433 opss

345 2449 618 2515 pugnandis
654 2450 939 2511 occiderint,
973 2450 1240 2513 respiciens
1275 2448 1525 2497 Theseum
1559 2449 1682 2497 fecit
1715 2464 1775 2496 ex
1803 2448 2011 2496 Adrasto

346 2529 553 2577 virtutes
578 2529 875 2593 singulorum
902 2528 1039 2576 hisce
1063 2528 1222 2576 verbis
1249 2528 1607 2576 sciscitantem:
1644 2527 1787 2588 „Dic‚
1821 2532 1874 2574 ut
1893 2542 2011 2590 pru-

346 2607 554 2661 dentior,
588 2608 855 2655 iunioribus
889 2609 1062 2656 horum
1098 2607 1431 2671 popularium:
1469 2623 1648 2671 gnarus
1685 2607 1811 2654 enim
1846 2621 2012 2654 rerum

347 2703 420 2735 es.
486 2684 602 2734 Vidi
625 2693 788 2734 autem
825 2703 994 2735 eorum
1021 2687 1221 2744 maiora,
1257 2702 1403 2748 quam
1430 2686 1591 2750 verbis
1617 2686 1711 2733 dici
1737 2690 1902 2748 queat,
1935 2683 2011 2732 fa-

349 2766 543 2824 cinora,
579 2766 756 2829 quibus
791 2781 969 2829 capere
1003 2767 1173 2814 urbem
1207 2766 1525 2815 conabantur.
1592 2764 1762 2812 Illud
1804 2769 2013 2812 tamen

348 2859 425 2893 un
480 2860 529 2892 -m
579 2859 698 2892 nou
732 2844 1187 2909 interrogabo,
1237 2860 1308 2892 ne
1356 2845 1468 2891 sim
1504 2843 1855 2903 ridiculus,
1902 2856 2012 2889 cum

416 2861 678 2987 *quisque
711 2922 762 2970 in
789 2939 950 2987 pugna
978 2924 1236 2971 contulerit
1263 2922 1456 2986 pedem,
1497 2923 1572 2970 vel
1608 2923 1746 2969 cuius
1781 2922 2009 2969 adversa-

348 3001 537 3048 riorum
573 3001 715 3049 hasta
749 3002 1031 3051 vulneratus
1067 3002 1143 3049 nit.
1202 3000 1370 3050 Vanae
1405 3002 1531 3050 enim
1566 3002 1690 3049 tales
1726 3007 1838 3049 sunt
1863 2998 2009 3048 orati-

350 3093 469 3127 ones
502 3095 598 3147 non
631 3081 791 3128 minus
828 3081 905 3139 iis,
941 3081 1024 3144 qui
1058 3079 1286 3141 audiunt,
1322 3098 1463 3145 quam
1499 3082 1587 3139 iis,
1621 3080 1705 3142 qui
1740 3079 1933 3136 dicunt,
1969 3078 2011 3125 si

352 3157 478 3220 quis,
503 3158 583 3220 qui
608 3159 748 3206 stetit
771 3159 819 3206 in
847 3175 1020 3223 pugna,
1043 3160 1229 3207 crebris
1250 3161 1311 3208 ob
1335 3161 1503 3208 oculos
1530 3160 1706 3207 ictibus
1730 3159 2008 3205 commeau-

349 3236 500 3295 tibus‚
535 3251 623 3299 pro
659 3244 794 3286 certo
827 3239 1015 3287 nuntiet
1039 3238 1338 3302 singulorum
1371 3240 1592 3287 virtutes.
1657 3237 1816 3298 Quare
1849 3250 2008 3297 neque

350 3328 588 3376 quaerere
637 3315 756 3363 talia
812 3333 987 3379 queam
1032 3331 1190 3380 neque
1249 3318 1399 3366 fidem
1448 3319 1630 3366 habere
1686 3313 2005 3364 narrantibus.

348 3390 544 3442 Etenim
573 3393 652 3441 vix
682 3394 855 3458 aliquis
887 3395 996 3459 ipsa
1015 3396 1291 3446 necessaria
1323 3412 1524 3446 cernere
1549 3399 1683 3444 stans
1708 3395 1879 3442 contra
1909 3389 2004 3439 ho-
