2170 3848
1006 248 1087 303 29

199 391 331 457 finge
382 393 600 444 furorem
647 395 751 444 viro
798 393 907 443 sine
968 394 1045 443 his
1089 390 1376 454 ambagibus
1418 392 1642 454 immitti,
1687 390 1872 442 liberos

199 473 331 521 nullo
378 482 518 524 antea
564 475 785 540 periculo
819 480 1035 522 tentatos
1069 472 1305 536 iugulari,
1351 477 1404 520 et
1437 489 1525 536 pro
1559 480 1693 522 metu
1727 477 1876 536 atque

198 554 518 604 miseratione
543 557 700 605 solum
733 556 991 603 horrorem
1025 553 1306 616 reliqueris,
1342 554 1623 618 corruperis
1659 552 1875 603 fabulam

198 635 585 699 prudentissimo
647 635 852 683 consilio
899 634 1175 696 inventam,
1223 634 1463 681 everteris
1508 649 1631 696 opus
1686 649 1878 682 summa

196 715 381 778 ingenii
414 717 595 765 virtute
628 715 970 778 compositum.
1047 713 1113 762 Et
1147 717 1419 778 queruntur
1451 713 1674 761 homines
1705 728 1878 762 vecor-

200 795 290 844 des
326 796 390 844 de
423 795 612 844 duabus
648 795 919 843 actionibus
954 794 1124 857 inepte
1158 793 1429 857 copulatis,
1467 780 1697 841 accusant
1731 809 1877 858 argu-

200 877 354 939 menti
392 875 787 940 amplitudinem3
834 875 1216 938 turpitudinem,
1265 874 1382 936 quin
1416 874 1563 922 etiam
1599 874 1877 922 immanita-

198 965 298 1005 tem
338 956 422 1004 isti
448 955 755 1018 simplicitati
783 955 946 1002 inesse
978 970 1073 1002 non
1105 954 1398 1016 intelligunt.
1472 953 1572 1001 Sed
1607 969 1688 1000 res
1724 954 1875 1001 etiam

198 1037 340 1102 ipsae
385 1035 667 1083 necessario
713 1035 839 1082 inter
875 1051 931 1083 se
963 1035 1156 1082 iunctae
1192 1041 1328 1092 sunt,
1372 1050 1533 1097 neque
1566 1034 1724 1081 altera
1759 1033 1878 1082 dra·

198 1117 344 1165 matis
379 1131 492 1180 pars
526 1117 586 1164 ab
622 1114 775 1163 altera
809 1121 1014 1179 propter
1049 1130 1254 1162 caussae
1289 1114 1598 1176 effectusque
1633 1114 1879 1162 rationem

198 1195 366 1244 divelli
403 1200 578 1259 potest.
659 1194 809 1243 Certe
844 1194 972 1242 enim
1008 1194 1192 1243 furoris
1229 1195 1456 1243 divinitus
1494 1194 1702 1242 immissi
1737 1208 1880 1242 caus-

200 1292 306 1325 sam
351 1281 547 1324 exstare
579 1290 786 1323 necesse
820 1279 911 1323 est.
993 1275 1216 1336 Quamne
1260 1282 1425 1323 autem
1463 1289 1684 1322 caussam
1737 1272 1879 1322 iusti-

198 1371 336 1406 orem
385 1371 497 1404 esse
530 1360 784 1420 putamus,
831 1371 977 1418 quam
1011 1355 1242 1404 Herculis
1277 1357 1338 1403 ad
1372 1354 1559 1403 inferos
1593 1353 1882 1403 descensio-

199 1453 312 1486 nem
339 1435 554 1498 victique
580 1434 787 1483 Cerberi
814 1443 866 1484 et
894 1436 942 1483 in
971 1435 1130 1484 lucem
1160 1436 1396 1501 protracti
1428 1435 1696 1484 invidiam?
1731 1435 1880 1483 Atro-

200 1517 276 1566 cia
320 1517 422 1582 pati
470 1515 553 1579 qui
599 1515 782 1564 atrocia
830 1515 1059 1563 moliatur
1106 1521 1158 1564 et
1190 1515 1486 1563 immanibus
1521 1513 1881 1563 calamitatibus

198 1597 447 1662 prosterni
482 1595 568 1659 qui
602 1596 832 1644 immania
866 1595 1085 1644 facinora
1119 1601 1407 1660 perpetret,
1441 1602 1636 1643 aeterna
1672 1594 1878 1642 deorum

200 1678 282 1727 lex
318 1683 396 1725 est
429 1684 576 1740 atque
610 1676 849 1725 voluntas,
932 1676 1194 1736 Hercules,
1231 1682 1465 1740 quantum
1499 1675 1719 1722 valerent
1750 1675 1880 1721 vires

198 1757 440 1806 humanae
475 1758 536 1804 ad
570 1756 838 1803 vincendos
874 1771 1077 1815 omnes,
1114 1771 1434 1819 quoscunque
1468 1760 1626 1811 terra,
1664 1754 1877 1812 coelum,

200 1853 338 1885 mare
362 1843 514 1890 creat,
543 1841 760 1883 terrores
787 1835 1014 1899 exemplo
1039 1852 1129 1884 suo
1164 1837 1332 1900 generi
1366 1836 1579 1882 humano
1614 1833 1880 1882 ostendere

202 1916 384 1964 voluit:
432 1916 572 1964 cuius
624 1915 824 1962 audacia
866 1916 1119 1979 provocati
1152 1916 1223 1963 dii
1256 1915 1642 1962 imbecillitatem
1679 1920 1880 1962 naturae

121 2037 126 2041 .
199 1997 443 2045 humanae
488 1994 711 2043 eiusdem
745 1995 837 2041 viri
871 1994 1227 2043 calamitatibus
1263 1995 1526 2042 ostendere
1561 2010 1656 2042 nou
1692 1995 1878 2043 omise-

199 2082 328 2124 runt.
410 2075 651 2122 Ultimum
701 2076 806 2124 eius
849 2075 1081 2138 idemque
1127 2075 1507 2123 audacissimum
1541 2074 1730 2122 facinus
1765 2073 1878 2135 fuit,

198 2157 330 2220 quod
356 2156 498 2204 etiam
526 2156 697 2202 mortis
731 2155 978 2215 timorem,
1014 2171 1111 2217 quo
1147 2155 1580 2204 vehementissime
1613 2155 1711 2202 vita
1745 2170 1878 2202 mor·

198 2237 367 2285 talium
400 2236 735 2299 perturbatur,
771 2237 977 2284 removit
1011 2241 1078 2296 et,
1113 2252 1261 2298 quum
1298 2236 1431 2282 vivus
1468 2235 1527 2282 ad
1563 2235 1749 2299 inferos
1784 2234 1877 2282 de-

199 2316 496 2375 scendisset,
521 2331 617 2364 non
652 2317 810 2364 solum
837 2316 944 2381 ipse
971 2316 1226 2364 incolumis
1260 2315 1374 2363 inde
1408 2315 1568 2375 rediit,
1604 2300 1877 2364 sed⁸etiam

198 2396 514 2445 formidinem
542 2396 872 2457 morientium,
894 2397 1181 2455 Cerberum,
1202 2396 1446 2459 captivum
1472 2397 1689 2454 abduxit,
1718 2395 1875 2459 quod-

199 2492 298 2540 que
345 2478 552 2524 amicum
602 2491 742 2523 suum
779 2492 841 2523 ex
876 2477 1082 2525 vinculis
1117 2475 1386 2524 inferorum
1422 2475 1680 2523 liberatum
1716 2478 1762 2523 in
1799 2475 1874 2522 lu-

199 2573 308 2606 cem
334 2557 570 2607 restituit.
621 2555 759 2604 Talia
793 2572 888 2604 non
923 2556 1080 2622 potuit
1115 2555 1250 2604 ferre
1283 2556 1498 2619 impune,
1533 2557 1622 2603 sed
1655 2555 1876 2604 efficien-

201 2636 316 2684 dum
343 2636 441 2685 fuit
467 2637 578 2695 diis,
611 2643 664 2685 ut
689 2652 780 2700 pro
813 2637 924 2701 ipso
955 2636 1103 2685 liberi
1138 2651 1358 2699 uxorque
1394 2636 1515 2695 eiuS,
1539 2643 1624 2684 aut
1657 2636 1876 2684 hostium

201 2716 249 2763 vi
282 2722 381 2774 aut,
417 2717 545 2780 quod
582 2716 810 2764 miserius
847 2723 939 2774 est,
972 2717 1126 2780 ipsius
1163 2732 1309 2764 manu
1344 2715 1588 2775 trucidati,
1621 2731 1737 2763 orco
1772 2720 1874 2763 tra-

201 2795 454 2844 derentur.
517 2795 600 2844 Sic
634 2796 868 2844 Herculis
903 2797 1037 2844 salus
1072 2797 1175 2844 suis
1212 2795 1442 2861 perniciei
1479 2794 1760 2859 duplicique
1793 2811 1874 2843 ra-

199 2875 335 2923 tione
355 2875 484 2923 illius
516 2878 715 2925 audacia
738 2876 815 2923 his
846 2876 1043 2925 funesta
1064 2883 1168 2925 est:
1205 2876 1417 2940 primum
1448 2877 1577 2923 euim
1603 2892 1699 2924 non
1727 2876 1874 2924 rede-

199 2963 316 3003 unte
352 2955 436 3001 illo
471 2971 560 3018 per
595 2955 782 3019 Lycum
818 2958 1064 3004 interituri
1099 2962 1239 3015 sunt,
1282 2970 1484 3004 reverso
1519 2959 1683 3007 autem
1716 2955 1875 3019 ipsius

199 3034 359 3084 furori
394 3034 521 3081 obvii
554 3036 931 3086 interficiuntur.

329 3114 561 3162 Herculis
621 3117 789 3178 vigore
844 3117 1124 3181 invictoque
1167 3117 1346 3165 robore
1393 3119 1662 3180 conspecto
1710 3130 1873 3176 seneS,

196 3209 318 3243 suae
352 3194 705 3243 imbecillitatis
738 3198 1008 3256 recordati,
1055 3202 1380 3256 senectutem,
1415 3212 1538 3245 onus
1572 3197 1729 3244 Aetna
1761 3210 1873 3258 gra-

197 3274 323 3335 vina„
348 3275 488 3322 cuius
518 3264 738 3338 pondere
760 3284 908 3340 caput
940 3284 1168 3340 gravetur
1201 3276 1464 3339 lumenque
1497 3276 1749 3324 oculorum
1785 3275 1873 3324 ob-

196 3358 450 3413 scuretur,
497 3354 858 3416 abominantur,
902 3358 1211 3406 iuventutem
1255 3357 1481 3404 omnibus
1515 3355 1692 3420 opibus
1726 3370 1874 3420 prae-

197 3434 484 3484 stantiorem
531 3450 645 3484 esse
689 3437 988 3499 praedicant.
1056 3436 1299 3486 Debuisse
1342 3439 1547 3486 censent
1580 3436 1702 3485 deos
1738 3450 1871 3484 mor-
