2170 3866
897 267 1029 328 49⁹5

18 455 26 473 0
114 428 282 484 tamen
313 418 429 488 plus
463 418 692 470 omuibus
726 418 779 469 in
811 418 963 469 rebus
997 414 1118 466 huic
1151 428 1301 479 quam
1337 412 1412 463 illi
1435 411 1626 476 tribuit,
1660 426 1824 479 neque

115 519 234 556 cum
266 502 353 552 illa
385 499 740 565 intempestive
782 497 1150 548 confabulatur.

247 583 455 633 Electra
502 579 732 630 omnibus
782 578 1044 641 virtutibus
1081 573 1258 641 Pyladi
1291 590 1385 640 par
1426 578 1478 624 et
1512 573 1690 623 similis
1726 579 1823 638 est,

115 663 400 728 meritoque
435 660 644 711 Orestes
678 660 812 709 hunc
846 659 1085 708 miserum
1117 656 1231 704 fore
1265 655 1417 715 dicit,
1460 655 1501 704 si
1535 654 1621 703 illa
1657 655 1824 719 prive-

114 751 215 797 tur.
286 743 414 792 Cum
458 741 587 791 virili
638 746 806 789 autem
857 737 1158 788 fortitudine
1201 752 1300 785 non
1350 735 1576 800 corporis
1611 738 1829 799 tantum,

114 829 173 875 ut
205 824 277 874 ait
309 822 553 882 Orestes,
588 820 802 870 formam
835 819 991 868 habet
1026 818 1323 867 muliebrem
1358 817 1691 878 coniunctam,
1730 816 1825 865 sed

114 904 436 957 teneritatem
487 917 685 966 quoque
731 900 884 950 animi
934 915 1177 949 summam
1225 903 1276 946 et
1323 897 1580 962 pietatem.
1659 896 1826 945 Fratri

116 1002 174 1036 oe
207 983 564 1048 emancipavit3
598 983 647 1031 iu
682 982 832 1031 huius
868 996 1039 1030 amore
1075 984 1179 1028 tota
1215 983 1319 1039 est;
1356 978 1489 1028 hunc
1524 977 1700 1026 morbo
1735 977 1826 1026 ab·

114 1065 262 1128 sumi,
296 1064 431 1114 hunc
468 1062 649 1128 capitis
686 1062 974 1111 damnatum
1008 1060 1182 1109 videns
1218 1058 1383 1124 plorat
1417 1062 1469 1108 et
1494 1057 1824 1130 lamentatum

115 1146 225 1211 ipsa
260 1150 477 1195 mortem
510 1144 615 1208 pati
651 1159 748 1192 uon
784 1146 1000 1192 recusat.

251 1225 334 1275 Sic
380 1224 542 1274 tribus
591 1221 1036 1288 praestantissimis
1093 1220 1326 1286 personis
1373 1219 1544 1268 drama
1593 1223 1825 1268 ornatum

114 1306 362 1356 videmus.
432 1305 624 1366 Quibus
658 1304 869 1351 multum
906 1300 1137 1367 dispares
1175 1307 1292 1350 suut
1326 1299 1548 1349 Menelai
1572 1294 1826 1348 Helenae-

115 1401 216 1450 que
247 1399 435 1446 mores,
468 1384 596 1431 adeo
630 1381 812 1445 vitiosi,
851 1388 907 1432 ut
942 1383 1191 1447 satyricae
1236 1382 1395 1446 magis
1440 1380 1641 1429 fabulae
1675 1396 1826 1444 quam

111 1464 331 1530 tragicae
364 1463 629 1512 convenire
662 1462 944 1513 videantur.
1012 1463 1194 1528 Neque
1226 1479 1310 1511 me
1344 1462 1475 1527 fugit
1507 1462 1606 1510 hoc
1641 1478 1671 1510 a
1695 1460 1827 1510 mul-

114 1545 181 1594 tis
216 1543 579 1609 reprehensum
616 1559 758 1604 esse,
808 1544 941 1592 inter
985 1560 1110 1608 quos
1146 1548 1226 1592 est
1260 1542 1592 1604 Aristoteles,
1644 1541 1730 1605 qui
1778 1541 1830 1592 in

108 1625 341 1690 poeticae
392 1640 437 1675 c.
475 1626 554 1673 15.
588 1621 638 1688 ἓ.
677 1627 722 1674 5.
760 1623 979 1673 Menelai
1029 1640 1294 1689 personam
1341 1629 1578 1687 tanquam
1647 1638 1827 1671 exem-

115 1706 253 1770 plum
287 1704 461 1770 posuit
500 1704 759 1769 pravitatis
796 1721 992 1754 morum
1029 1721 1128 1754 non
1162 1700 1559 1773 necessariaeftl‘).
1632 1701 1732 1764 Qui
1782 1701 1828 1750 si

113 1791 323 1852 propter
359 1801 434 1845 ea,
470 1801 600 1849 quae
633 1785 699 1834 de
731 1784 949 1834 Menelai
984 1783 1130 1833 factis
1164 1785 1506 1845 tradebantur,
1534 1793 1640 1834 {non
1665 1782 1827 1832 fuisse

114 1865 456 1916 necessarium
490 1870 693 1926 censet,
742 1871 798 1913 ut
843 1865 1089 1930 pravitate
1132 1880 1328 1913 morum
1363 1863 1424 1911 ab
1458 1863 1702 1929 Euripide
1737 1862 1828 1912 de-

113 1945 437 2007 formaretur,
473 1948 614 1994 recte
650 1945 852 2010 quidem
890 1946 1000 1995 sine
1036 1944 1186 1994 dubio
1223 1943 1416 2004 statuit,
1455 1943 1546 1993 sed
1571 1944 1691 1993 vitio
1716 1959 1827 1993 ver-

113 2026 178 2075 tit
211 2025 281 2088 id,
318 2026 451 2089 quod
486 2026 658 2075 vitium
693 2042 790 2075 non
826 2042 939 2076 esse
964 2026 1116 2075 hodie
1141 2041 1315 2074 omnes
1339 2024 1638 2089 intelligunt.
1692 2023 1823 2073 Nam

113 2105 311 2155 etiamsi
355 2121 454 2155 uon
501 2105 597 2155 fuit
645 2122 887 2168 necesse,
935 2107 1047 2155 fieri
1092 2112 1261 2154 tamen
1296 2105 1486 2170 potuit,
1534 2109 1591 2154 ut
1625 2120 1824 2155 morum

111 2185 333 2252 pravitas
367 2187 457 2246 iis,
492 2202 619 2250 quae
652 2186 914 2236 Menelaus
953 2191 1155 2249 egerat,
1191 2187 1454 2235 subesset:
1491 2191 1544 2234 et
1578 2184 1690 2250 quis
1728 2201 1821 2235 un-

114 2281 264 2330 quam
302 2265 562 2329 derogabit
594 2267 760 2330 poetis
796 2266 1068 2327 licentiam,
1103 2282 1250 2329 quam
1285 2264 1364 2314 vel
1398 2281 1567 2315 rerum
1607 2265 1829 2330 scripto-

113 2346 253 2396 ribus
288 2346 494 2408 damuS,
529 2360 698 2395 mores
733 2346 991 2396 hominum
1028 2347 1412 2410 voluntatesque
1446 2345 1602 2407 taleS,
1649 2345 1827 2410 quales

111 2426 262 2476 factis
285 2441 459 2475 eorum
477 2427 783 2490 conveniant,
813 2427 1127 2494 effingendi‘i
1164 2427 1250 2476 Sin
1293 2432 1504 2492 propter
1545 2426 1828 2490 argumenti

113 2511 342 2555 naturam
362 2521 451 2554 seu
470 2504 669 2556 fabulae
698 2512 997 2556 structuram
1029 2507 1366 2557 necessariam
1387 2506 1545 2555 fuisse
1572 2505 1720 2555 istam
1738 2522 1829 2556 ne-

112 2590 199 2652 gat
222 2585 535 2650 pravitatem,
578 2585 702 2636 dixit
739 2587 808 2648 id,
847 2587 1188 2652 quod-dicere
1222 2587 1304 2636 vix
1339 2587 1539 2651 dignum
1574 2586 1672 2635 fuit
1699 2586 1830 2636 tanti

112 2665 353 2715 acuminis
388 2666 510 2716 viro.
577 2665 783 2717 Planum
837 2667 968 2717 enim
1008 2674 1088 2718 est
1123 2667 1202 2717 vel
1243 2667 1442 2716 indocto
1487 2665 1710 2716 tollenda
1741 2666 1829 2717 illa

112 2745 358 2811 pravitate
386 2745 494 2795 tolli
513 2762 695 2809 rerum,
721 2765 848 2812 quae
862 2753 1093 2812 aguntur,
1121 2747 1530 2813 implicationem,
1556 2747 1664 2796 tolli
1682 2763 1828 2798 caus-

114 2841 224 2875 sam
262 2825 638 2876 interficiendae
672 2828 914 2889 Helenae,
950 2845 1113 2894 neque
1157 2828 1422 2892 quicquam
1462 2827 1692 2891 relinqui,
1729 2844 1828 2893 quo

113 2905 381 2967 efficiatur,
418 2921 481 2954 ne
512 2913 616 2956 tres
643 2907 773 2970 illae,
805 2909 869 2958 de
892 2910 1070 2973 quibus
1100 2924 1252 2972 supra
1275 2909 1614 2973 exposuimuS,
1638 2924 1828 2972 perso·-

112 3001 210 3036 nae
237 2985 616 3036 crudelissimae
639 2993 788 3053 atque
806 2989 1154 3039 atrocissimae
1180 3004 1296 3038 esse
1323 2987 1600 3039 videantur.
1639 2987 1829 3039 Mirum

113 3065 166 3115 id
216 3081 417 3131 quoque
452 3070 556 3128 eat,
606 3069 740 3132 quod
787 3070 1086 3119 Aristoteles
1129 3068 1353 3118 Menelai
1400 3068 1603 3134 quidem
1637 3085 1829 3132 mores,

114 3148 250 3212 quod
284 3146 554 3197 deformati
590 3153 792 3213 essent,
827 3149 1146 3216 vituperavit,
1178 3150 1426 3200 Helenam
1461 3155 1629 3200 autem
1666 3150 1828 3215 pluri-

114 3242 251 3277 mum
285 3231 532 3278 mutatam
567 3229 629 3279 ab
664 3228 782 3294 illa,
826 3247 974 3297 quam
1009 3228 1210 3280 effinxit
1241 3230 1513 3295 Homerus,
1552 3236 1604 3281 et
1637 3246 1738 3281 non
1771 3230 1824 3281 in

170 3406 221 3462 *)
250 3404 344 3451 ἔστι
384 3405 434 3451 δὲ
475 3403 773 3464 παράδειγμα
815 3405 1044 3464 πονηρίας
1081 3405 1166 3464 μὲν
1211 3402 1367 3463 ἤθους
1405 3424 1469 3466 μη
1509 3402 1765 3463 ἀναγκαῖον
1803 3403 1828 3447 ὁ

256 3476 494 3530 Μενέλαος
521 3474 547 3523 ὁ
578 3475 629 3522 ἐν
657 3476 723 3534 τῷ
751 3473 961 3534 Ὀρέστῃ.

182 3546 248 3598 Τ.
285 3548 349 3598 Π.
1430 3550 1495 3598 32
