2170 3848
939 282 1020 340 85

569 466 635 520 A.
727 463 1380 537 Supplices.

268 600 426 650 Notus
463 607 542 649 est
574 601 748 659 honos,
787 613 884 662 quo
918 599 977 646 ab
1000 597 1386 651 Atheniensibus
1420 595 1554 646 affici
1592 599 1819 651 solebant

138 683 222 746 qui
268 698 361 747 pro
412 682 568 746 patria
613 682 884 744 pugnantes
920 677 1233 739 occiderant,
1279 693 1391 725 cum
1426 677 1560 726 iusta
1593 679 1820 730 funebria

136 761 334 828 publice
371 765 723 826 peragerentur
758 764 808 807 et
849 775 877 805 a
921 757 1225 822 principibus
1261 757 1474 805 civitatis
1509 758 1623 807 viris
1659 759 1818 809 virtus

139 858 311 891 eorum
326 847 376 890 et
400 841 573 889 merita
598 839 797 903 copiose
821 838 1155 886 laudarentur.
1195 837 1451 886 Eiusmodi
1474 837 1820 902 exsequiarum

139 921 396 986 imaginem
418 920 513 968 hac
534 919 789 981 tragoedia
808 934 1095 982 expressam
1121 918 1365 967 videmus.
1418 916 1545 966 Nam
1569 933 1819 982 quaecun-

139 1018 236 1067 que
278 1002 408 1049 vitae
452 999 694 1047 humanae
747 998 941 1057 insunt,
987 997 1132 1062 digna
1189 1015 1316 1063 quae
1360 999 1528 1062 poesis
1576 998 1818 1059 imitetur,

134 1082 310 1131 horum
360 1078 483 1128 nihil
525 1078 744 1139 tristiuS,
792 1078 914 1127 nihil
959 1080 1178 1142 gradile,
1224 1079 1345 1128 nihil
1381 1077 1665 1142 tragoediae
1697 1094 1820 1127 con-

133 1159 442 1221 venientius,
511 1175 659 1222 quam
719 1159 922 1208 fortium
996 1160 1210 1208 virorum
1269 1164 1486 1221 morteS‚
1556 1158 1818 1210 invenitur.

136 1241 301 1304 Quum
342 1245 509 1288 autem
543 1239 718 1287 sedare
753 1239 1179 1303 perturbationes,
1229 1241 1421 1304 erigere
1456 1239 1641 1286 animos
1677 1243 1816 1287 metu

134 1321 215 1369 vel
248 1319 557 1384 aegritudine
590 1319 824 1379 afflictos,
855 1336 1070 1384 purgare
1103 1319 1501 1367 vehementiores
1537 1318 1748 1367 affectus
1771 1322 1821 1367 et

136 1401 458 1450 constantiam
493 1399 739 1447 mentibus
763 1399 1052 1464 ingenerare
1077 1400 1365 1463 tragoediae
1388 1399 1697 1463 propositum
1735 1397 1820 1456 sit,

138 1480 386 1546 quomodo
431 1479 527 1527 hoc
570 1484 830 1543 praestare
867 1479 1121 1528 efficacius
1157 1485 1356 1543 potest,
1404 1495 1548 1543 quam
1586 1477 1821 1527 imitando

137 1567 189 1611 et
234 1559 475 1624 exemplis
509 1560 928 1622 repraesentando
978 1576 1053 1619 ea,
1101 1575 1229 1623 quae
1263 1558 1490 1623 plurimis
1526 1574 1618 1606 usu
1652 1557 1822 1606 venire

138 1646 193 1690 et
223 1641 452 1689 accidere
489 1639 651 1687 solent
684 1639 1048 1688 communiter?
1102 1639 1304 1688 Alienos
1341 1640 1469 1686 enim
1504 1623 1820 1687 casus‘simi-

139 1721 212 1770 les
245 1720 461 1786 propriis
497 1735 646 1781 quum
678 1719 946 1779 intuemur,
979 1719 1089 1767 fieri
1122 1720 1274 1779 solet,
1309 1724 1362 1766 ut
1395 1718 1475 1765 his
1509 1718 1670 1766 minus
1704 1733 1820 1782 per-

138 1802 425 1860 turbemur,
473 1805 523 1847 et
566 1799 798 1846 liberiore
834 1799 993 1846 animo
1029 1803 1215 1847 sortem
1252 1790 1534 1846 mortalium
1568 1798 1822 1846 universo-

140 1897 249 1930 rum
283 1883 569 1944 reputantes
603 1883 751 1942 atque
784 1879 984 1941 propria
1020 1878 1361 1926 communibus
1392 1881 1712 1925 accensentes
1738 1893 1820 1925 ac-

142 1959 470 2025 quiescamus.
537 1957 864 2006 Meditatione
918 1958 1047 2006 enim
1093 1974 1191 2006 non
1239 1962 1428 2006 tantum
1479 1956 1672 2018 futura,
1723 1956 1821 2005 'sed

142 2039 290 2088 etiam
324 2037 606 2103 praesentia
642 2036 770 2085 mala
803 2038 1103 2098 minuuntur,
1141 2037 1411 2100 eademque
1446 2036 1697 2086 solaminis
1729 2036 1819 2085 do-

139 2119 296 2168 lorum
328 2118 519 2166 initium
554 2123 649 2167 est.

271 2197 396 2247 Tam
433 2204 595 2264 aptam
630 2203 828 2263 tamque
861 2215 978 2249 vere
1011 2198 1246 2264 tragicam
1274 2199 1528 2247 materiam
1564 2198 1695 2261 quod
1725 2212 1823 2245 non

141 2279 464 2343 frequentius.
497 2284 692 2328 veteres
739 2279 915 2342 tragici
960 2283 1288 2339 tractassent,
1348 2278 1626 2326 mirandum
1673 2281 1823 2337 esset,

140 2360 234 2409 nisi
268 2375 510 2407 summam
556 2360 730 2408 eadem
762 2359 970 2408 haberet
1002 2359 1389 2423 implicationum
1424 2358 1665 2422 inopiam,
1714 2356 1822 2419 qui·

138 2441 233 2491 bus
269 2455 394 2504 quae
428 2445 596 2501 carent
629 2445 942 2504 argumenta,
978 2454 1139 2503 neque
1172 2455 1340 2488 rerum
1376 2438 1615 2486 varietate
1650 2436 1824 2484 distin-

142 2521 227 2583 gui
272 2523 483 2583 possunt
529 2525 582 2567 et
627 2525 794 2567 carent
837 2524 941 2568 tum
987 2535 1177 2568 morum
1229 2518 1666 2566 describendorum
1716 2521 1823 2564 tum

141 2600 384 2648 actionum
427 2598 840 2653 instituendarum
888 2600 1091 2661 cauvssiS.
1162 2598 1265 2646 Has
1312 2602 1471 2645 tantas
1505 2596 1824 2645 difficultates

145 2679 427 2728 felicissima
452 2679 639 2742 ingenii
687 2679 907 2728 sollertia
939 2680 1057 2728 vicit
1087 2679 1357 2742 Euripides
1391 2678 1535 2734 adeo,
1569 2681 1625 2724 ut
1658 2675 1824 2740 primo

145 2760 385 2824 adspectu
420 2759 504 2821 qui
535 2759 788 2808 intuentur
822 2775 948 2824 opus
983 2760 1156 2807 rudem
1186 2757 1461 2817 materiam,
1498 2772 1561 2804 ex
1585 2771 1680 2820 qua
1705 2770 1822 2804 con-

145 2840 357 2888 formata
389 2844 523 2887 tanta
555 2845 784 2888 venustas
820 2845 913 2901 est,
947 2840 1027 2888 vix
1060 2843 1342 2904 agnoscant.

276 2919 543 2983 Templum
569 2919 769 2967 Cereris
795 2919 1079 2967 Eleusiniae
1106 2920 1521 2982 repraesentatur,
1556 2919 1670 2964 ante
1694 2913 1826 2978 quod

146 3015 304 3066 prope
339 3015 472 3051 aram
507 3014 565 3046 ac
597 2999 891 3047 vestibulum
928 3000 1140 3060 Aethra,
1189 2996 1376 3045 Thesei
1410 3000 1596 3055 mater,
1633 2994 1826 3043 consti-

147 3085 253 3129 tuta
287 3078 617 3143 conspicitur3
668 3078 720 3126 in
754 3079 859 3126 basi
894 3079 997 3126 sive
1031 3078 1201 3126 infimo
1236 3076 1417 3140 gradu,
1465 3075 1585 3123 orbe
1619 3074 1824 3123 dimidio

147 3160 301 3222 facto,
335 3158 550 3207 feminae
584 3158 791 3223 Argivae
825 3159 1075 3224 supplices
1114 3174 1225 3206 cum
1261 3156 1409 3205 ramis
1446 3154 1634 3215 olivae,
1669 3154 1825 3203 tonsis

150 3239 358 3304 capillis,
395 3238 606 3286 sordidis
642 3238 860 3287 vestibus
895 3239 1255 3297 consederunt,
1291 3251 1495 3299 quarum
1534 3234 1632 3282 dux
1667 3233 1825 3282 Adra·

151 3328 257 3368 stus
292 3335 381 3368 rex
414 3319 465 3366 in
501 3333 691 3368 summo
726 3318 881 3382 gradu
916 3324 967 3367 et
999 3334 1155 3384 prope
1192 3316 1327 3364 fores
1352 3314 1525 3378 templi
1553 3315 1713 3378 capite
1736 3312 1825 3361 ob-

150 3399 318 3448 voluto
367 3399 536 3456 sedet,
589 3398 838 3462 suppliciis
872 3398 922 3445 in
957 3414 1043 3446 ara
1075 3396 1345 3461 depositis,
1394 3395 1676 3457 circumque
1711 3408 1827 3441 eum

152 3479 294 3544 pueri
329 3478 538 3539 ducum,
588 3478 671 3542 qui
705 3478 834 3542 apud
868 3477 1069 3529 Thebas
1102 3476 1412 3525 interierunt.
1481 3474 1687 3539 Septem
1721 3489 1827 3521 ma-
