2170 3866
907 204 1032 263 473

268 355 501 425 „Neque
535 360 646 405 tam
680 353 931 405 terribilis
963 353 1074 402 ulla
1096 349 1272 417 fando
1307 349 1477 399 oratio
1522 355 1600 400 est

272 437 394 489 Nec
426 453 536 487 sors
570 453 668 487 nec
703 437 785 484 ira
820 435 1063 485 coelitum
1099 433 1360 481 invectum
1402 431 1614 493 malum,

274 518 425 583 Quod
457 535 560 568 non
593 524 790 567 natura
823 516 1053 564 humana
1082 511 1339 579 patiendo
1375 514 1625 577 ecferat?
1657 555 1660 557 .

135 617 268 667 quae
301 601 452 650 verba
486 605 715 648 revocata
750 614 778 645 a
813 596 1019 645 Socrate
1054 610 1195 653 esse,
1245 610 1396 658 quum
1431 593 1569 642 forte
1603 593 1654 642 in
1688 592 1834 643 thea-

136 685 217 731 tro
252 681 482 739 adesset,
530 680 748 729 tradunt.
830 677 898 726 Et
945 682 1059 724 sunt
1092 690 1266 723 revera
1300 674 1629 739 gravissima,
1681 690 1835 740 quum

137 770 190 812 et
222 762 382 828 gentis
415 759 791 808 Tantalidarum
824 758 927 806 fata
963 763 1016 805 et
1041 756 1260 804 omnium
1295 754 1663 817 tragoediarum
1689 772 1836 820 argu-

136 848 303 892 menta
351 841 653 890 describant.
732 837 971 887 Tantalus
1031 837 1164 885 enim
1215 836 1592 900 intemperantis
1639 836 1837 900 linguae

136 929 401 988 peccatum
434 921 574 970 luens
608 935 701 984 per
737 935 905 967 aerem
939 918 1123 975 fertur,
1161 933 1279 965 saxo
1312 917 1484 965 vertici
1514 917 1837 978 imminente;

135 1001 394 1067 Thyestes
430 1017 632 1050 suorum
661 1001 927 1050 liberorum
954 999 1146 1046 viscera
1167 998 1400 1063 gustavit,
1438 1013 1467 1045 a
1495 996 1650 1046 fratre
1680 999 1836 1048 Atreo

136 1084 395 1148 apposita3
440 1081 590 1131 huius
636 1081 771 1130 filius
808 1081 1146 1144 Agamemnon
1182 1079 1242 1126 ab
1292 1095 1446 1128 uxore
1491 1078 1718 1128 adultera
1762 1079 1839 1128 in-

136 1162 384 1213 terfectus
432 1167 540 1212 est:
598 1162 731 1225 quod
779 1160 1024 1209 ulciscens
1071 1159 1237 1208 scelus
1296 1159 1536 1222 Orestes,
1597 1159 1841 1209 suadente

136 1243 391 1308 Apolline,
427 1242 692 1291 adiuvante
725 1248 776 1289 et
812 1240 1014 1289 Electra
1048 1248 1100 1288 et
1133 1239 1348 1303 Pylade,
1396 1245 1608 1288 matrem
1654 1240 1842 1290 occidit

135 1322 363 1372 facinore
396 1338 708 1386 nequaquam
745 1320 876 1386 apud
913 1335 1085 1368 omnes
1128 1320 1331 1372 decoro.
1401 1319 1524 1369 Inde
1559 1320 1715 1369 miser
1748 1322 1841 1370 im-

135 1401 269 1451 mani
302 1403 567 1452 tabescens
614 1402 792 1450 morbo
841 1402 889 1449 in
939 1399 1088 1449 cubili
1123 1399 1285 1459 iacet,
1334 1407 1563 1449 materno
1599 1402 1842 1466 sanguine

134 1482 364 1532 furorem
398 1483 650 1531 excitante
686 1488 736 1530 et
769 1481 1077 1545 agitantibus
1117 1496 1232 1528 eum
1269 1479 1452 1530 Furiis.
1522 1481 1707 1532 Sextus
1741 1483 1842 1532 iam

137 1563 249 1612 dies
298 1569 408 1623 est,
457 1578 521 1612 ex
567 1578 663 1626 quo
713 1562 933 1626 iugulata
982 1568 1143 1609 mater
1178 1566 1230 1608 et
1263 1577 1386 1626 rogo
1424 1578 1608 1626 corpus
1644 1563 1842 1613 illatum

138 1649 234 1704 est,
270 1660 368 1708 quo
403 1649 632 1707 tempore
679 1641 764 1690 ille
799 1658 960 1705 neque
996 1641 1108 1688 cibo
1151 1647 1409 1690 recreatus
1446 1658 1609 1706 neque
1645 1643 1842 1692 lavacro

138 1730 379 1788 purgatus
427 1724 479 1771 in
522 1723 654 1771 lecto
703 1723 890 1770 cubans
941 1720 1168 1769 amiculis
1217 1722 1507 1783 involvitur-3
1554 1723 1844 1772 remittente

139 1818 199 1853 se
242 1804 495 1854 interdum
540 1803 716 1852 morbo
766 1802 994 1851 lacrimat
1039 1806 1127 1850 aut
1174 1817 1204 1850 e
1242 1803 1390 1850 cubili
1426 1804 1689 1867 prosiliens
1726 1804 1842 1870 equi

138 1883 296 1932 instar
343 1885 459 1950 iugo
506 1883 704 1932 liberati
753 1882 1122 1947 circumagitur.
1202 1883 1245 1932 A
1295 1884 1479 1933 civibus
1514 1892 1681 1934 autem
1715 1901 1843 1950 aqua

138 1963 337 2028 ignique
371 1964 633 2029 parricidis
668 1964 990 2012 interdictum
1024 1967 1133 2021 est,
1181 1970 1410 2013 arcentur
1445 1965 1718 2030 colloquio,
1764 1970 1843 2015 at·-

140 2060 238 2109 que
285 2045 436 2094 etiam
486 2044 667 2109 capitis
714 2044 1014 2108 supplicium
1059 2044 1353 2094 intenditur.
1422 2046 1564 2095 Haec
1614 2053 1690 2096 est
1734 2047 1843 2098 dies

141 2124 434 2190 praefinita,
471 2141 567 2189 qua
603 2125 815 2190 capitale
850 2125 1128 2189 periculum
1174 2126 1483 2175 subeundum
1522 2133 1627 2191 est,
1664 2128 1843 2178 decer-

138 2205 374 2254 nentibus
423 2205 647 2269 Argivis,
696 2210 751 2253 ut
785 2212 871 2254 aut
903 2205 1155 2268 lapidibus
1199 2207 1471 2256 obruantur
1505 2214 1590 2257 aut
1623 2208 1844 2273 gladium

139 2285 309 2350 iugulo
357 2283 669 2336 admoveant.
740 2284 854 2333 Una
895 2285 1194 2349 relinquitur
1230 2303 1378 2352 spes,
1426 2287 1540 2337 fore
1572 2294 1630 2338 ut
1667 2289 1843 2339 Mene-

138 2364 279 2427 laus,
325 2365 409 2430 qui
456 2365 607 2414 modo
655 2381 717 2414 ex
752 2362 908 2414 Troia
949 2381 1180 2416 reversus
1229 2368 1279 2416 in
1325 2375 1525 2432 portum
1572 2369 1842 2434 Nauplium

139 2461 291 2495 naves
336 2445 573 2506 deduxit,
633 2453 868 2509 suscepto
919 2447 1193 2510 patrocinio
1238 2449 1514 2512 periculum
1566 2450 1842 2514 propulset.

141 2524 389 2575 Helenam
423 2526 525 2586 ine,
559 2526 805 2575 malorum
842 2542 1098 2587 caussam,
1132 2535 1281 2576 noctu
1316 2530 1379 2577 ad
1414 2531 1587 2578 urbem
1625 2531 1842 2594 praemi-

142 2605 210 2655 sit
243 2607 451 2666 timens,
499 2623 561 2656 ne
595 2607 707 2670 quis
743 2622 947 2666 eorum,
988 2623 1195 2671 quorum
1231 2608 1376 2657 liberi
1412 2610 1543 2674 apud
1580 2609 1720 2660 Ilium
1757 2626 1842 2660 oc-

142 2686 450 2747 cubuerunt,
508 2692 829 2752 conspectam
876 2687 1123 2752 lapidibus
1174 2689 1473 2754 impeteret:
1533 2707 1659 2756 quae
1706 2691 1841 2741 intus

142 2774 481 2816 commoratur
514 2783 626 2816 cum
661 2767 767 2815 filia
792 2767 1081 2826 Hermiona,
1118 2785 1264 2832 quam
1291 2770 1691 2835 Clytaemnestra
1718 2772 1841 2822 edu-

142 2848 292 2909 cavit,
329 2852 382 2896 et
417 2847 745 2897 calamitatem
782 2850 961 2898 domus
999 2850 1240 2914 deplorat.

275 2928 567 2977 Communis
619 2930 751 2977 vitae
795 2929 1090 2995 imaginem,
1136 2932 1378 2981 malorum
1424 2933 1627 2994 talium,
1676 2933 1842 2997 qualia

140 3007 373 3057 accidere
407 3010 554 3057 etiam
590 3009 860 3059 humilibus
898 3011 1076 3068 solent,
1114 3018 1164 3060 et
1198 3028 1389 3062 morum
1428 3015 1703 3078 vulgarium
1731 3014 1840 3063 imi-

139 3090 382 3139 tationem
428 3089 598 3150 vides3
650 3090 794 3140 adest
837 3099 1072 3154 aegrotus
1118 3093 1169 3140 in
1211 3092 1397 3142 lectulo
1436 3097 1651 3153 cubans,
1702 3095 1844 3144 adest

141 3178 379 3235 cognata,
412 3186 539 3233 quae
573 3176 742 3231 curet,
788 3172 939 3221 instat
973 3172 1208 3221 iudicium
1243 3174 1447 3224 forense
1482 3181 1534 3225 et
1569 3175 1845 3240 periculum

142 3250 356 3314 capitale
402 3250 695 3310 homicidis3
741 3251 925 3301 femina
960 3253 1114 3301 nobili
1150 3253 1259 3303 loco
1295 3261 1441 3319 nata,
1489 3255 1722 3304 adulterii
1756 3270 1844 3304 rea

145 3335 198 3380 et
230 3330 508 3380 communis
543 3346 720 3380 caussa
753 3333 1025 3395 malorum,
1062 3333 1179 3383 dum
1214 3336 1383 3386 odium
1418 3336 1729 3403 popularium
1766 3340 1842 3384 at-

146 3425 246 3476 que
279 3412 431 3462 etiam
468 3413 818 3464 contumeliam
850 3420 1072 3478 veretur,
1106 3416 1269 3481 palam
1303 3418 1354 3468 in
1384 3417 1638 3484 publicum
1673 3414 1844 3482 prodi·
