2170 3848
934 249 1016 306 55

128 405 334 465 perotus
368 403 445 448 est
462 396 530 463 *).
590 396 940 447 Palaestricam
977 399 1104 448 enim
1140 397 1368 446 Theseus
1403 398 1593 462 primus
1626 398 1814 447 invenit

126 487 179 530 et
210 479 608 546 palaestritarum
656 478 944 543 disciplinae
989 483 1161 526 auctor
1193 477 1316 525 fuit:
1363 483 1507 525 autea
1542 477 1671 526 enim
1706 477 1812 527 sola

126 576 389 625 corporum
425 558 759 623 magnitudine
794 575 850 606 ac
886 561 1064 607 robore
1098 558 1146 606 in
1184 558 1314 606 lucta
1350 554 1663 606 certabant.''

257 640 450 703 Duplex
480 640 628 701 igitur
651 639 886 687 dramatis
915 643 1254 700 argumentum
1271 637 1428 685 fuisse
1443 638 1663 686 videtur:
1697 655 1808 688 nam

125 725 180 770 et
213 729 467 770 certamen
493 719 680 768 'l'hesei
716 719 1016 782 caedemque
1049 719 1180 782 regis
1216 717 1392 767 nefarii
1427 723 1479 764 et
1512 718 1808 781 agnitionem
1836 706 1838 709 Ι

125 800 403 865 Hippothoi
440 815 497 847 ac
525 798 889 846 restitutionem
922 799 1130 846 infuisse
1164 798 1459 858 testimonia,
1495 813 1623 860 quae
1646 803 1807 846 trans-

125 879 742 945 scripsim11s=‚‘osten‹lunt.
793 879 837 926 A
863 878 1093 942 Neptuno
1115 879 1456 943 Hippothoum
1492 883 1806 941 procreatum

124 977 237 1010 esse
272 974 368 1008 non
402 957 564 1020 potuit
598 957 795 1019 probari
830 958 939 1005 sine
978 959 1145 1007 matris
1180 957 1477 1007 testimonio.
1555 957 1806 1018 Quamob-

122 1055 225 1088 rem
260 1037 450 1102 Alopen
496 1052 525 1084 e
568 1037 778 1085 vinculis
814 1038 1013 1086 liberari
1060 1037 1282 1100 (carcere
1317 1039 1443 1085 enim
1481 1037 1644 1085 clausa
1678 1036 1806 1100 erat)

119 1133 326 1168 necesse
358 1116 469 1166 fuit.
539 1116 591 1165 ld
627 1117 687 1164 ab
723 1118 1028 1183 Hippothoo,
1063 1119 1276 1168 ducente
1311 1119 1372 1166 ad
1409 1133 1656 1165 carcerem
1693 1119 1806 1178 deo,

119 1204 381 1261 antequam
419 1213 474 1246 se
508 1213 568 1245 ex
604 1197 686 1245 illa
721 1205 884 1246 natum
922 1214 1035 1247 esse
1069 1206 1420 1264 cognosceret,
1470 1197 1657 1245 factum
1691 1213 1806 1246 esse

119 1279 341 1328 coniicio.
409 1279 475 1327 Et
508 1285 912 1341 repraesentatur
946 1279 1241 1343 anaglypho,
1277 1279 1408 1341 quod
1437 1277 1804 1326 Winckelman·

119 1374 212 1408 nus
246 1357 468 1405 Monum.
503 1358 633 1406 ined.
672 1360 771 1406 tab.
809 1361 890 1408 92.
928 1359 1219 1422 divulgavit,
1266 1359 1424 1422 Alope
1458 1359 1583 1407 turri
1619 1359 1803 1419 clausa,

119 1437 273 1503 digito
308 1438 383 1486 ori
419 1438 615 1486 admoto
651 1439 856 1487 audiens
892 1454 966 1497 ea,
1003 1455 1126 1502 quae
1149 1456 1174 1487 a
1199 1440 1391 1487 duobus
1417 1439 1671 1487 iuvenibus
1695 1438 1802 1486 lau-

118 1518 270 1568 reatis
306 1515 528 1581 (Theseo
563 1525 615 1567 et
640 1518 953 1584 Hippothoo)
973 1521 1280 1579 nuntiantur3
1317 1519 1458 1567 adest
1485 1520 1633 1567 etiam
1659 1535 1801 1583 equa,

118 1615 247 1662 quae
279 1599 560 1660 expositum
597 1600 814 1660 nutrivit,
851 1604 902 1648 et
930 1601 1121 1649 hinnitu
1157 1600 1340 1648 salutat
1364 1600 1637 1659 mulierem,
1671 1599 1803 1648 unde

71 1724 78 1731 ,
117 1679 264 1727 facile
296 1678 541 1743 intelligas
587 1681 787 1728 iuvenes
825 1681 884 1727 ab
921 1680 1015 1728 hac
1049 1681 1157 1745 ipsa
1192 1682 1252 1728 ad
1290 1696 1572 1739 carcerem,
1617 1679 1666 1728 in
1702 1695 1800 1742 quo

117 1759 277 1822 Alope
311 1758 478 1805 clausa
511 1766 638 1817 erat,
676 1760 917 1808 deductos
947 1776 1090 1819 esse3
1126 1758 1190 1808 cf.
1217 1760 1406 1808 welck.
1441 1777 1489 1824 p.
1510 1762 1623 1809 715.
1678 1759 1800 1808 Luci

119 1839 271 1902 igitur
321 1837 511 1885 reddita
557 1840 763 1899 mulier,
812 1856 962 1903 quum
1014 1841 1075 1888 ad
1111 1839 1365 1888 Theseum
1402 1841 1614 1888 adducta
1648 1845 1798 1900 esset,

121 1924 391 1981 conquesta
426 1925 500 1965 est
535 1920 598 1967 de
630 1921 803 1968 iniuria
839 1927 891 1968 et
924 1921 1105 1968 acerbe
1139 1921 1383 1968 accusavit
1405 1926 1765 1984 stupratorem:

249 1996 451 2062 πλήσας
482 1995 549 2047 δὲ
571 1991 744 2062 νηδὺν
779 1998 895 2049 οὐδ’
932 2001 1065 2065 ὄναρ
1098 2001 1212 2050 κατ’
1249 1998 1520 2066 εὐφρόνην

248 2076 424 2143 φίλοις
456 2075 644 2140 ἔδειξεν
670 2077 858 2130 αὐτόν.

117 2159 319 2208 Praeter
365 2159 460 2207 hoc
502 2159 836 2223 fragmentum
884 2162 1079 2209 nonnisi
1125 2178 1272 2211 unum
1322 2168 1512 2211 certum
1550 2166 1796 2211 servatum

117 2245 211 2301 est,
246 2240 377 2304 quod
413 2255 474 2287 ex
509 2243 764 2304 prooemio
801 2242 1087 2307 decerptum
1125 2258 1238 2290 esse
1271 2242 1493 2290 videtur:

241 2318 512 2385 κυήματος
546 2318 626 2384 (δὲ
658 2319 950 2387 παρθένος)
986 2321 1295 2386 θεοσπόρου

239 2398 479 2466 γέμουσα
500 2398 598 2464 **).

245 2481 438 2541 Pastor,
472 2481 555 2544 qui
582 2481 922 2547 Hippothoum
949 2483 1258 2543 educaverat,
1295 2484 1459 2532 audita
1479 2483 1660 2545 Alopes
1682 2496 1792 2529 nar-

112 2562 320 2621 ratione,
355 2578 486 2619 eum,
522 2578 665 2625 quem
686 2563 968 2612 sustulisset
992 2569 1139 2627 atque
1158 2566 1437 2623 educasset,
1473 2563 1618 2610 huius
1635 2561 1794 2609 filium

115 2657 228 2690 esse
261 2641 520 2690 intellexit.
589 2641 714 2690 Nam
748 2643 879 2691 illius
917 2660 1113 2708 quoque
1147 2644 1432 2693 testimonio
1469 2643 1529 2691 ad
1563 2659 1668 2691 rem
1707 2657 1792 2689 ex-

75 2728 78 2731 ’
115 2721 389 2786 plicandam
434 2737 556 2784 opus
605 2722 718 2772 fuit.
789 2723 1072 2782 Postrema,
1121 2726 1295 2788 quibus
1338 2723 1560 2771 mulieris
1595 2722 1792 2786 quidem

114 2801 337 2859 mutatio,
374 2801 705 2852 adolescentis
733 2810 898 2852 autem
920 2805 1134 2853 honores
1170 2804 1598 2870 praedicebantur,
1635 2819 1663 2850 a
1691 2801 1791 2851 Mi-

170 2955 219 3012 *)
249 2955 480 2998 Plutarch.
509 2955 585 2998 vit.
615 2958 752 2999 Thes.
785 2973 821 2999 c.
851 2958 932 3000 ll:
967 2956 1013 3001 ἓν
1042 2957 1091 3002 δὲ
1120 2955 1339 3002 Ἐλευσῖνι
1366 2956 1606 3013 Κερκυόνα
1634 2956 1717 3000 τὸν
1746 2955 1791 3010 ἐξ

252 3022 486 3083 Ἀρκαδίας
504 3029 848 3078 καταπαλαίσας
872 3025 1035 3073 ἀνεῖλε.
1075 3030 1255 3072 Diodor.
1276 3031 1345 3084 lv,
1372 3030 1452 3072 59:
1485 3028 1630 3072 ἀνεῖλε
1651 3026 1699 3070 δὲ
1714 3027 1791 3070 καὶ

253 3095 358 3152 περὶ
397 3093 483 3152 τὴν
514 3094 744 3142 Ἐλευσῖνα
773 3098 1015 3157 Κερκυόνα
1046 3101 1127 3144 τὸν
1159 3102 1494 3144 διαπαλαίοντα
1530 3103 1626 3148 τοῖς
1656 3114 1791 3149 παρι-

256 3167 360 3209 οῦσι
388 3166 465 3210 καὶ
494 3165 575 3209 τὸν
603 3165 862 3223 ἡττηθέντα
892 3173 1244 3230 διαφθείροντα.
1290 3171 1358 3214 cf.
1374 3173 1503 3214 Plato
1527 3171 1671 3227 Legg.
1696 3169 1790 3210 vll.

252 3236 471 3292 p.796.A.
531 3238 693 3281 Suidas
721 3254 756 3281 s.
786 3257 828 3283 v.
860 3242 1092 3300 Κερκυών.
1165 3265 1168 3269 ·

145 3307 223 3363 ¹W)
251 3308 452 3351 Eustath.
482 3309 534 3351 11.
566 3310 601 3360 ζ.
632 3325 673 3364 p.
703 3309 787 3353 656
807 3327 922 3368 seq.:
957 3311 1018 3364 ιὸς
1048 3316 1181 3369 δηλοῖ
1207 3311 1284 3356 καὶ
1314 3307 1568 3369 Εὐριπίδης
1599 3308 1646 3354 ἐν
1676 3312 1790 3366 Κερ-

256 3377 411 3433 κυόνι,
441 3372 496 3423 οὗ
526 3379 611 3435 τὴν
639 3381 876 3441 θυγατέρα
905 3383 1133 3440 γέμουσαν
1161 3384 1250 3441 ἔφη
1279 3380 1483 3441 κύματθς
1510 3378 1791 3438 θεθσπόρθυ,

168 3467 176 3477 ·
259 3449 341 3494 τοῦ
370 3450 421 3495 ἐκ
452 3452 742 3504 Ποσειδῶνος
769 3452 962 3511 δηλαδή.
