2124 3860
1029 230 1155 288 379

251 383 358 433 sine
391 381 488 431 ulia
522 396 658 429 mora
693 378 753 428 ad
789 377 986 427 hostem
1022 377 1194 444 quovis
1219 376 1330 425 loco
1357 374 1686 426 invadendum
1705 377 1931 440 paratum

251 479 370 514 esse
403 461 702 511 ostendens:

387 541 684 592 Paratus
741 555 880 589 sum
939 539 1159 588 ubivis
1213 539 1456 602 petere
1507 540 1757 601 pestem
1807 548 1933 601 per

1068 634 1104 667 n
1116 634 1145 666 e
1160 634 1186 666 c
1202 633 1231 666 e
1243 634 1308 665 m.

256 703 410 754 Cuius
439 703 694 752 alacritate
715 699 1041 749 dubitationes
1070 697 1274 746 alterius
1299 696 1584 745 vincuntur:
1619 694 1780 745 solum
1806 694 1935 745 enim

255 785 465 835 fratrem
502 781 721 848 periculo
756 780 946 830 obviam
983 779 1059 827 ire
1092 793 1188 828 non
1222 779 1431 842 patitur:

390 901 422 925 „
442 863 604 912 Tete
655 877 796 910 esse
839 860 994 909 huic
1041 874 1259 908 noxae
1308 857 1708 906 obnooeium3’

258 944 335 995 Re
371 944 637 993 constituta
674 943 870 998 abeunt,
906 940 1142 989 fratribus
1170 938 1459 987 venantibus
1484 938 1534 987 in
1568 938 1680 986 loco
1717 933 1939 984 solitario

258 1023 557 1077 insidiaturi.
626 1021 700 1071 De
734 1022 829 1070 hac
863 1021 1100 1070 dramatis
1135 1026 1277 1084 parte
1311 1019 1436 1068 haec
1463 1018 1662 1085 scripsit
1680 1015 1935 1080 Hyginus:

261 1103 505 1166 „Theano
564 1103 877 1152 occasionem
935 1108 1079 1151 nacta
1095 1100 1296 1161 ‘indicat
1330 1101 1446 1149 filiis
1481 1099 1588 1148 suis
1604 1135 1619 1159 ,
1666 1097 1944 1164 suppositi-

262 1185 361 1234 tios
409 1184 601 1249 priores
649 1199 776 1232 esse.
846 1182 1046 1244 Itaque,
1109 1198 1219 1231 cum
1263 1182 1314 1231 in
1361 1180 1672 1230 venationem
1720 1179 1947 1239 exierint,

263 1281 351 1315 eos
387 1264 555 1313 cultris
589 1260 904 1311 interficite.''

394 1343 747 1407 interposi-tum
794 1346 873 1390 est
927 1355 1124 1390 carmen
1170 1339 1311 1388 chori
1363 1339 1574 1389 alterum
1589 1376 1604 1401 ,
1663 1354 1762 1405 quo
1810 1340 1950 1391 finito

263 1430 436 1491 pastor
467 1423 543 1472 vel
576 1421 791 1486 agricola
825 1421 974 1483 idem,
1011 1422 1094 1486 qui
1127 1421 1351 1483 geminos
1387 1420 1631 1485 quondam
1666 1421 1952 1483 sustulerat,

266 1505 326 1553 ad
363 1503 651 1570 exponenda
686 1520 760 1565 ea,
796 1519 923 1566 quae
954 1503 1034 1550 his
1068 1502 1233 1550 verbis
1270 1501 1499 1566 Hyginus
1534 1502 1718 1562 refert,
1754 1502 1805 1550 in
1838 1518 1949 1552 sce-

268 1603 378 1635 nam
428 1585 635 1648 prodiit:
683 1584 796 1644 „liii
843 1588 1009 1631 autem
1054 1581 1226 1630 matris
1261 1583 1452 1631 monitu
1498 1598 1612 1631 cum
1645 1582 1695 1631 in
1731 1573 1951 1632 montem

268 1666 504 1727 exissent,
541 1665 784 1730 proelium
820 1664 951 1711 inter
984 1679 1039 1712 se
1074 1662 1442 1712 commiserunt.
1514 1662 1746 1726 Neptuno
1786 1668 1955 1712 autem

270 1746 541 1807 adiuvante,
577 1745 794 1809 Neptuni
826 1744 916 1792 filii
948 1744 1172 1791 vicerunt
1206 1748 1258 1791 et
1282 1757 1369 1790 eos
1393 1742 1768 1792 interfecerunt.
1819 1743 1955 1806 Quo·

272 1843 382 1875 rum
430 1841 634 1890 corpora
670 1841 783 1873 cum
818 1824 867 1872 iu
901 1824 1087 1887 regiam
1126 1823 1268 1870 allata
1303 1828 1473 1872 essent
1490 1861 1503 1883 ‚
1554 1823 1759 1873 Theano
1795 1823 1957 1873 cultro

274 1906 528 1955 venatorio
578 1921 634 1954 se
678 1901 981 1954 interfecit.''
1061 1903 1302 1968 Reginam
1362 1920 1603 1968 quaerens
1660 1905 1785 1956 haec
1834 1904 1957 1953 dicit

274 1987 472 2035 nuntius
488 2002 501 2034 ε

409 2065 599 2127 „Em‚
665 2065 924 2132 aliquis
985 2070 1169 2114 cette
1228 2064 1293 2113 in
1345 2071 1791 2130 conspectum,
1841 2070 1958 2114 aut

1119 2144 1202 2196 ad
1254 2162 1422 2204 eam,
1479 2145 1596 2194 ubi
1659 2150 1789 2208 est,
1846 2161 1960 2195 nos

1117 2224 1152 2273 d
1170 2242 1205 2274 u
1219 2242 1247 2275 c
1259 2226 1311 2273 it
1328 2221 1409 2273 e.”

277 2308 390 2361 Bini
425 2307 644 2374 singulos
678 2306 841 2356 adorti
875 2312 1015 2356 erant
1041 2305 1131 2367 sic,
1171 2312 1227 2357 ut
1259 2305 1418 2355 altero
1444 2304 1634 2354 obviam
1661 2309 1810 2354 eunte
1834 2304 1962 2356 alter

281 2408 310 2440 a
343 2398 484 2455 tergo
517 2388 880 2452 imprudentem
915 2392 1140 2452 peteret:

414 2507 446 2529 ‚,
467 2469 739 2520 Obviam
770 2475 901 2531 est,
934 2469 1128 2534 itque
1164 2464 1550 2523 advorsum,
1586 2470 1820 2529 aptus;
1856 2466 1998 2514 al-v

871 2540 875 2542 ἡ
1067 2554 1173 2597 ter
1197 2547 1596 2610 inpromptu
1624 2551 1963 2611 occupat.”

287 2631 548 2682 Rationem
563 2668 575 2691 ‚
627 2645 721 2692 qua
754 2628 1073 2693 Melanippae
1118 2627 1207 2675 filii
1254 2625 1461 2689 coguitis
1497 2624 1687 2673 insidiis
1721 2624 1965 2690 impetum

286 2710 611 2777 propulerint‚
649 2711 768 2758 satis
803 2711 1071 2760 ostendunt
1102 2708 1313 2756 haecce:
1659 2697 1662 2701 ’

424 2827 455 2852 ,,
476 2789 889 2852 Constituit,
939 2804 1194 2855 cognov
1214 2789 1300 2845 it;
1346 2786 1595 2834 sensim
1645 2785 1966 2836 conlocat

837 2878 862 2901 0
1123 2884 1265 2918 sese
1311 2868 1379 2915 in
1424 2867 1638 2916 locum

431 2953 736 3012 Celsum‚·
783 2952 936 3001 hinc
982 2949 1287 3000 manibus
1338 2963 1590 3014 rapere
1622 2945 1828 2996 rodus
1861 2962 1968 2994 sa-

1127 3046 1318 3079 xeum
1342 3027 1603 3094 grande
1629 3033 1690 3076 et
1713 3026 1968 3093 grave.’'

428 3193 770 3256 „Revolso
818 3191 1115 3260 stipite”
1347 3218 1413 3226 -—
1580 3215 1657 3235 —.

297 3277 463 3327 Finita
503 3273 780 3325 narratione
827 3287 1036 3339 corpora
1073 3271 1449 3323 interfectorum
1483 3270 1534 3318 in
1569 3283 1763 3319 scenam
1798 3281 1971 3331 repor-

298 3362 482 3409 tantur.
548 3355 898 3404 Lamentorum
932 3354 1131 3419 reginae
1164 3368 1281 3418 pars
1313 3340 1438 3403 haec
1471 3350 1594 3402 fuit:
