2170 3866
1001 274 1146 334 am-

201 421 338 475 xlme
370 419 586 489 populos
618 421 810 487 prolata
834 425 944 484 est3
976 420 1310 473 eruditionem
1336 423 1504 470 autem
1530 432 1648 470 mox
1680 416 1908 484 potent-in

202 508 377 554 secuta
411 508 520 560 est,
567 502 629 551 ab
665 503 726 551 iis
744 539 758 563 ‚
793 503 877 567 qui
909 508 1056 552 antea
1090 503 1211 551 clari
1238 501 1457 562 fuerant,
1489 499 1551 548 ad
1589 496 1906 548 obscuriores

202 583 461 634 translata.
524 583 687 632 Huius
713 582 1000 632 mutationis
1041 584 1175 632 inter
1205 580 1511 632 Macedones
1538 579 1772 644 princeps
1807 577 1904 626 Ar-

205 664 410 714 chelaus
430 664 525 712 fuit
542 680 633 713 rex
647 661 716 727 *),
740 663 927 728 gloriae
948 664 1113 729 gentis
1139 662 1289 721 illins,
1310 662 1441 711 sicut
1466 660 1755 709 Fridericus
1777 657 1902 706 Gai-

205 744 406 793 lielmus
428 744 781 803 Borussorum,
814 749 1008 803 auctor,
1042 759 1319 807 quanquam
1346 742 1444 789 iam
1474 740 1783 800 Alexander,
1818 738 1905 802 qui

204 825 399 891 primus
436 825 533 873 hoc
575 825 776 873 nomine
807 823 1083 888 appellatus
1111 830 1203 884 est,
1236 822 1545 887 temporibus
1571 821 1693 872 belli
1720 819 1908 869 Persici

205 905 385 966 clarus,
414 904 631 964 divitias,
658 905 836 968 quibus
863 904 1161 964 abundabat,
1192 904 1254 952 ad
1271 902 1507 951 colendos
1532 908 1707 965 poetas
1731 906 1904 949 contu-

204 985 353 1036 lerat:
378 986 444 1035 de
468 1001 565 1049 quo
591 985 718 1033 haec
743 985 947 1049 scripsit
962 984 1161 1033 Solinus
1186 999 1229 1032 c.
1248 985 1336 1031 15:
1363 982 1476 1042 „Ita
1499 982 1766 1031 affluenter
1789 997 1905 1030 suc-

204 1081 380 1115 cessus
415 1066 523 1114 eius
557 1065 852 1129 ampliandis
889 1067 1064 1130 opibus
1098 1063 1457 1129 proficiebant,
1494 1068 1549 1112 ut
1583 1068 1699 1111 ante
1732 1075 1905 1111 omnes

204 1145 423 1210 Apollini
457 1144 697 1209 Delphos,
737 1145 837 1194 lovi
870 1145 1071 1194 Elidem
1105 1148 1289 1194 statuas
1327 1159 1501 1193 aureas
1537 1143 1667 1192 dono
1696 1143 1904 1191 miserit.

206 1224 472 1291 Voluptati
507 1226 699 1274 aurium
734 1226 1164 1289 indulgentissime
1199 1224 1399 1273 deditus
1433 1223 1533 1272 fuit
1562 1224 1668 1280 sic,
1705 1226 1764 1271 ut
1797 1223 1908 1286 plu·

206 1305 393 1368 rimoS‚
439 1307 522 1369 qui
557 1305 739 1355 fidibus
778 1305 1030 1364 sciebant,
1083 1306 1201 1354 dum
1236 1305 1383 1366 vixit,
1418 1305 1466 1352 in
1500 1320 1646 1353 usum
1681 1303 1909 1353 oblecta-

205 1386 362 1436 menti
407 1385 550 1434 donis
599 1386 818 1434 tenuerit
866 1385 1178 1447 liberalibus,
1225 1384 1358 1433 inter
1392 1400 1517 1448 quos
1552 1389 1604 1433 et
1639 1384 1909 1434 Pindarum

204 1464 470 1530 lyricum.”
520 1465 670 1514 Hunc
698 1466 854 1529 igitur
876 1465 1098 1514 imitatus
1124 1465 1399 1514 Archelaus
1428 1465 1732 1514 clarissimos
1761 1480 1909 1528 ιιιιοεὸ

207 1562 306 1611 que
338 1545 519 1594 artium
555 1546 830 1595 liberalium
866 1552 1100 1594 auctores
1135 1547 1197 1594 ad
1235 1561 1290 1594 se
1324 1546 1586 1594 arcessivit
1606 1553 1656 1593 et
1674 1551 1908 1610 receptos

207 1625 486 1675 liberaliter
517 1611 692 1674 habuit
731 1633 881 1689 atque
915 1626 1167 1675 munifice.
1238 1625 1366 1675 Nam
1401 1632 1452 1674 et
1485 1625 1747 1674 Socratem
1782 1626 1908 1674 invi.-

207 1706 332 1755 tavit
368 1702 597 1771 (Diogen.
634 1706 798 1755 Laert.
835 1706 892 1766 ll,
927 1709 976 1766 9,
1011 1708 1095 1753 25.
1131 1705 1311 1755 Senec.
1348 1706 1412 1755 de
1447 1705 1615 1755 benef·
1649 1704 1712 1768 V,
1749 1708 1794 1755 5.
1809 1689 1919 1770 **).x

210 1786 402 1835 Aelian.
439 1785 499 1836 V.
535 1785 601 1836 H.
639 1785 775 1846 XIV,
813 1785 919 1850 17.)
970 1791 1021 1834 et
1066 1785 1273 1836 Platone
1324 1803 1445 1836 usus
1495 1793 1572 1836 est
1604 1787 1908 1838 amicissimo

210 1865 551 1932 (Speusippus
587 1883 667 1930 ap.
697 1868 877 1916 Athen.
904 1867 990 1928 Xl,
1019 1868 1097 1914 15.
1119 1883 1168 1931 p.
1196 1865 1336 1928 506.)
1373 1873 1427 1915 et
1449 1865 1771 1917 Timotheum
1799 1881 1912 1918 mus*-

211 1947 402 2010 sicum,
454 1947 769 2012 Agathonem
805 1953 1024 2013 poetam,
1060 1947 1340 1996 Zeuxidem
1370 1947 1613 2010 pictorem
1649 1949 1912 2005 arcessivit

212 2026 487 2088 (Plutarch.
525 2043 701 2090 regum
737 2028 1096 2093 apophthegm.
1122 2045 1171 2091 p.
1202 2030 1312 2077 17⁷.
1342 2024 1482 2094 (94.).
1539 2029 1726 2078 Aelian.
1754 2029 1814 2079 V.
1844 2030 1909 2081 H.

211 2106 347 2170 xlv,
387 2105 520 2170 12),
557 2123 768 2170 quorum
802 2109 956 2166 hunc,
994 2108 1374 2171 quadringentas
1408 2108 1702 2173 impendens
1737 2110 1911 2172 minas,

210 2187 353 2236 iussit
399 2187 603 2236 domum
649 2203 790 2236 suam
836 2189 1039 2253 picturis
1076 2204 1344 2248 exornare,
1390 2205 1595 2253 quarum
1643 2195 1781 2238 tanta
1814 2190 1912 2240 fuit

209 2266 530 2332 pulcritud0‚
579 2272 636 2315 ut
680 2269 825 2317 multi
875 2286 904 2317 e
948 2269 1233 2334 longinquis
1269 2274 1433 2317 terrae
1465 2270 1696 2333 partibus
1733 2287 1910 2337 magno

210 2349 376 2397 studio
409 2348 606 2396 illarum
641 2349 1134 2414 contemplandarum
1182 2365 1364 2405 caussa,
1399 2350 1638 2399 venirent.
1706 2351 1911 2416 Euripi—

212 2427 291 2477 dis
320 2444 438 2476 vero
474 2429 837 2478 consuetudine
872 2445 968 2494 non
1003 2435 1193 2478 tantum
1229 2430 1594 2487 delectabatur,
1631 2432 1721 2479 sed
1758 2433 1909 2482 etiam

215 2506 538 2556 adiuvabatur
582 2507 739 2571 adeo,
786 2514 842 2557 ut
876 2509 1297 2572 quemadmodum
1333 2509 1604 2558 Goethium
1640 2510 1740 2559 dux
1773 2501 1910 2562 Wei-

211 2587 484 2646 marensiS,
534 2588 604 2636 ita
646 2588 734 2638 ille
782 2589 1081 2654 Euripidem
1130 2589 1447 2637 consiliorum
1482 2606 1684 2639 suorum
1717 2592 1913 2642 faceret

211 2667 526 2732 participem.
597 2666 669 2716 De
703 2685 799 2732 qua
834 2676 1012 2734 poetae
1047 2671 1280 2733 regisque
1314 2669 1532 2718 amicitia
1564 2671 1691 2720 haec
1720 2689 1909 2722 memo-

211 2747 320 2797 riae
353 2747 575 2812 prodidit
608 2748 804 2798 Solinus
841 2766 885 2800 c.
925 2752 1015 2797 15:
1064 2750 1406 2813 „Archelaus,
1443 2752 1663 2814 prudens
1699 2754 1772 2802 rei
1805 2754 1910 2802 bel-

213 2827 371 2884 licae,
416 2828 661 2876 navalium
708 2832 862 2879 etiam
898 2837 1206 2878 commentor
1252 2831 1588 2893 proeliorum,
1636 2834 1908 2883 intantum

216 2907 495 2957 litterarum
524 2913 717 2956 amator
750 2909 865 2970 fuit,
902 2917 958 2958 ut
989 2910 1221 2974 Euripidi
1255 2911 1445 2974 tragico
1482 2913 1907 2963 consiliorum

218 3003 487 3038 suorum
545 3003 850 3038 summam
905 2990 1234 3039 crederet.
1315 2991 1468 3039 Cuius
1533 3008 1769 3058 suprema
1812 3011 1908 3044 non

277 3198 330 3253 ²²)
359 3195 592 3306 Βεςηειγὲῐ
608 3197 679 3307 ἑὼ
711 3197 783 3241 01.
813 3198 885 3253 91,
914 3200 955 3244 3.
988 3203 1047 3245 ad
1079 3201 1149 3244 01.
1178 3202 1250 3256 95,
1279 3204 1321 3245 1.
1363 3203 1460 3246 sive
1490 3204 1549 3246 ab
1582 3215 1699 3244 anno
1727 3199 1814 3243 414
1852 3203 1909 3245 ad

356 3281 519 3310 annum
580 3268 604 3307 {l
638 3299 648 3308 .

246 3339 327 3395 *ἢ
354 3338 638 3392 „Archelaus
665 3351 744 3379 rex
770 3338 1008 3384 Socratem
1037 3343 1243 3399 rogavit,
1271 3348 1321 3387 ut
1349 3344 1409 3387 ad
1436 3359 1486 3387 se
1518 3343 1717 3392 veniret3
1746 3340 1912 3384 dixisse

361 3409 572 3453 Socrates
608 3408 800 3451 traditur
838 3413 960 3456 nolle
989 3428 1037 3456 se
1068 3415 1127 3456 ad
1155 3428 1259 3457 eum
1290 3414 1468 3465 venire,
1512 3427 1541 3455 a
1568 3427 1656 3468 quo
1685 3411 1912 3468 acciperet

363 3477 604 3530 beneficia,
639 3492 744 3523 cum
772 3481 961 3527 reddere
992 3483 1061 3527 illi
1091 3483 1219 3539 paria
1247 3499 1334 3528 non
1361 3484 1553 3540 posset.”
