<?xml version="1.0" encoding="UTF-8"?>
<!DOCTYPE html PUBLIC "-//W3C//DTD XHTML 1.0 Transitional//EN"
    "http://www.w3.org/TR/xhtml1/DTD/xhtml1-transitional.dtd">
<html xmlns="http://www.w3.org/1999/xhtml" xml:lang="en" lang="en">
 <head>
  <title>
</title>
<meta http-equiv="Content-Type" content="text/html;charset=utf-8" />
  <meta name='ocr-system' content='tesseract 3.04.00' />
  <meta name='ocr-capabilities' content='ocr_page ocr_carea ocr_par ocr_line ocrx_word'/>
</head>
<body>
  <div class='ocr_page' id='page_1' title='image "./euripidesrestitu02hartuoft_0109.png"; bbox 0 0 2170 3848; ppageno 0'>
   <div class='ocr_carea' id='block_1_1' title="bbox 936 244 1018 303">
    <p class='ocr_par' dir='ltr' id='par_1_1' title="bbox 936 244 1018 303">
     <span class='ocr_line' id='line_1_1' title="bbox 936 244 1018 303; baseline -0.024 0"><span class='ocrx_word' id='word_1_1' title='bbox 936 244 1018 303; x_wconf 76' lang='lat'><strong>97</strong></span> 
     </span>
    </p>
   </div>
   <div class='ocr_carea' id='block_1_2' title="bbox 132 389 1823 3411">
    <p class='ocr_par' dir='ltr' id='par_1_2' title="bbox 132 389 1823 3411">
     <span class='ocr_line' id='line_1_2' title="bbox 137 389 1812 462; baseline -0.003 -16"><span class='ocrx_word' id='word_1_2' title='bbox 137 411 284 462; x_wconf 86' lang='lat' dir='ltr'><strong>quum</strong></span> <span class='ocrx_word' id='word_1_3' title='bbox 321 393 588 461; x_wconf 78' lang='lat' dir='ltr'>capiendae</span> <span class='ocrx_word' id='word_1_4' title='bbox 622 393 761 443; x_wconf 88' lang='lat' dir='ltr'><strong>urbis</strong></span> <span class='ocrx_word' id='word_1_5' title='bbox 813 397 1033 459; x_wconf 86' lang='lat' dir='ltr'><strong>potestas</strong></span> <span class='ocrx_word' id='word_1_6' title='bbox 1080 393 1239 450; x_wconf 87' lang='lat' dir='ltr'><strong>esset,</strong></span> <span class='ocrx_word' id='word_1_7' title='bbox 1291 393 1548 439; x_wconf 89' lang='lat' dir='ltr'><strong>contentus</strong></span> <span class='ocrx_word' id='word_1_8' title='bbox 1598 389 1695 439; x_wconf 86' lang='lat' dir='ltr'><strong>fuit</strong></span> <span class='ocrx_word' id='word_1_9' title='bbox 1751 408 1812 441; x_wconf 88' lang='lat' dir='ltr'><strong>ea</strong></span> 
     </span>
     <span class='ocr_line' id='line_1_3' title="bbox 134 467 1812 542; baseline -0.002 -18"><span class='ocrx_word' id='word_1_10' title='bbox 134 475 429 542; x_wconf 80' lang='lat' dir='ltr'><strong>perfecisse,</strong></span> <span class='ocrx_word' id='word_1_11' title='bbox 466 489 671 538; x_wconf 85' lang='lat' dir='ltr'><strong>quorum</strong></span> <span class='ocrx_word' id='word_1_12' title='bbox 708 489 881 522; x_wconf 89' lang='lat' dir='ltr'><strong>caussa</strong></span> <span class='ocrx_word' id='word_1_13' title='bbox 915 471 1182 520; x_wconf 84' lang='lat' dir='ltr'><strong>exercitum</strong></span> <span class='ocrx_word' id='word_1_14' title='bbox 1217 467 1519 529; x_wconf 82' lang='lat' dir='ltr'><strong>adduxerat,</strong></span> <span class='ocrx_word' id='word_1_15' title='bbox 1556 470 1702 533; x_wconf 89' lang='lat' dir='ltr'><strong>plane</strong></span> <span class='ocrx_word' id='word_1_16' title='bbox 1734 472 1812 520; x_wconf 88' lang='lat' dir='ltr'><strong>di-</strong></span> 
     </span>
     <span class='ocr_line' id='line_1_4' title="bbox 134 549 1811 617; baseline -0.001 -15"><span class='ocrx_word' id='word_1_17' title='bbox 134 570 309 605; x_wconf 76' lang='lat' dir='ltr'><strong>versus</strong></span> <span class='ocrx_word' id='word_1_18' title='bbox 345 560 397 604; x_wconf 87' lang='lat' dir='ltr'><strong>et</strong></span> <span class='ocrx_word' id='word_1_19' title='bbox 430 571 459 603; x_wconf 90' lang='lat' dir='ltr'><strong>a</strong></span> <span class='ocrx_word' id='word_1_20' title='bbox 498 557 693 617; x_wconf 88' lang='lat' dir='ltr'><strong>septem</strong></span> <span class='ocrx_word' id='word_1_21' title='bbox 742 553 950 602; x_wconf 89' lang='lat' dir='ltr'><strong>ducibus</strong></span> <span class='ocrx_word' id='word_1_22' title='bbox 985 550 1305 613; x_wconf 82' lang='lat' dir='ltr'><strong>Argivorum,</strong></span> <span class='ocrx_word' id='word_1_23' title='bbox 1357 549 1459 611; x_wconf 88' lang='lat' dir='ltr'><strong>qui,</strong></span> <span class='ocrx_word' id='word_1_24' title='bbox 1508 565 1656 612; x_wconf 86' lang='lat' dir='ltr'><strong>quum</strong></span> <span class='ocrx_word' id='word_1_25' title='bbox 1692 553 1811 601; x_wconf 87' lang='lat' dir='ltr'><strong>satis</strong></span> 
     </span>
     <span class='ocr_line' id='line_1_5' title="bbox 133 628 1813 699; baseline -0.002 -16"><span class='ocrx_word' id='word_1_26' title='bbox 133 635 304 699; x_wconf 84' lang='lat' dir='ltr'><strong>aequis</strong></span> <span class='ocrx_word' id='word_1_27' title='bbox 356 633 716 683; x_wconf 87' lang='lat' dir='ltr'><strong>conditionibus</strong></span> <span class='ocrx_word' id='word_1_28' title='bbox 775 631 956 682; x_wconf 90' lang='lat' dir='ltr'><strong>bellum</strong></span> <span class='ocrx_word' id='word_1_29' title='bbox 1004 628 1237 678; x_wconf 87' lang='lat' dir='ltr'><strong>Eteocles</strong></span> <span class='ocrx_word' id='word_1_30' title='bbox 1297 643 1596 692; x_wconf 87' lang='lat' dir='ltr'><strong>componere</strong></span> <span class='ocrx_word' id='word_1_31' title='bbox 1645 631 1813 692; x_wconf 82' lang='lat' dir='ltr'><strong>vellet,</strong></span> 
     </span>
     <span class='ocr_line' id='line_1_6' title="bbox 132 707 1812 776; baseline -0.003 -12"><span class='ocrx_word' id='word_1_32' title='bbox 132 715 215 764; x_wconf 85' lang='lat' dir='ltr'><strong>his</strong></span> <span class='ocrx_word' id='word_1_33' title='bbox 249 731 345 764; x_wconf 89' lang='lat' dir='ltr'><strong>non</strong></span> <span class='ocrx_word' id='word_1_34' title='bbox 380 713 596 762; x_wconf 87' lang='lat' dir='ltr'><strong>contenti</strong></span> <span class='ocrx_word' id='word_1_35' title='bbox 642 711 922 776; x_wconf 87' lang='lat' dir='ltr'><strong>perierunt,</strong></span> <span class='ocrx_word' id='word_1_36' title='bbox 969 714 1021 758; x_wconf 90' lang='lat' dir='ltr'><strong>et</strong></span> <span class='ocrx_word' id='word_1_37' title='bbox 1056 726 1083 757; x_wconf 93' lang='lat' dir='ltr'><strong>a</strong></span> <span class='ocrx_word' id='word_1_38' title='bbox 1118 707 1469 756; x_wconf 88' lang='lat' dir='ltr'><strong>Thebanorum</strong></span> <span class='ocrx_word' id='word_1_39' title='bbox 1515 723 1665 771; x_wconf 84' lang='lat' dir='ltr'><strong>rege,</strong></span> <span class='ocrx_word' id='word_1_40' title='bbox 1710 712 1812 774; x_wconf 85' lang='lat' dir='ltr'><strong>qui,</strong></span> 
     </span>
     <span class='ocr_line' id='line_1_7' title="bbox 135 787 1813 859; baseline -0.002 -15"><span class='ocrx_word' id='word_1_41' title='bbox 135 810 287 859; x_wconf 90' lang='lat' dir='ltr'><strong>quum</strong></span> <span class='ocrx_word' id='word_1_42' title='bbox 323 796 531 858; x_wconf 89' lang='lat' dir='ltr'><strong>repente</strong></span> <span class='ocrx_word' id='word_1_43' title='bbox 561 791 821 855; x_wconf 91' lang='lat' dir='ltr'><strong>opulentus</strong></span> <span class='ocrx_word' id='word_1_44' title='bbox 858 804 918 838; x_wconf 81' lang='lat' dir='ltr'><strong>ex</strong></span> <span class='ocrx_word' id='word_1_45' title='bbox 957 789 1105 853; x_wconf 89' lang='lat' dir='ltr'><strong>inope</strong></span> <span class='ocrx_word' id='word_1_46' title='bbox 1147 787 1312 836; x_wconf 85' lang='lat' dir='ltr'><strong>factus</strong></span> <span class='ocrx_word' id='word_1_47' title='bbox 1348 791 1509 848; x_wconf 89' lang='lat' dir='ltr'><strong>esset,</strong></span> <span class='ocrx_word' id='word_1_48' title='bbox 1553 787 1813 852; x_wconf 84' lang='lat' dir='ltr'><strong>impatiens</strong></span> 
     </span>
     <span class='ocr_line' id='line_1_8' title="bbox 134 866 1814 933; baseline -0.002 -11"><span class='ocrx_word' id='word_1_49' title='bbox 134 873 387 922; x_wconf 77' lang='lat' dir='ltr'><strong>felicitatis</strong></span> <span class='ocrx_word' id='word_1_50' title='bbox 412 877 462 922; x_wconf 91' lang='lat' dir='ltr'><strong>et</strong></span> <span class='ocrx_word' id='word_1_51' title='bbox 487 869 840 919; x_wconf 82' lang='lat' dir='ltr'><strong>contumeliose</strong></span> <span class='ocrx_word' id='word_1_52' title='bbox 867 873 1086 917; x_wconf 88' lang='lat' dir='ltr'><strong>tractans</strong></span> <span class='ocrx_word' id='word_1_53' title='bbox 1113 868 1291 925; x_wconf 84' lang='lat' dir='ltr'><strong>victoS,</strong></span> <span class='ocrx_word' id='word_1_54' title='bbox 1316 867 1413 915; x_wconf 92' lang='lat' dir='ltr'><strong>iam</strong></span> <span class='ocrx_word' id='word_1_55' title='bbox 1435 866 1642 916; x_wconf 85' lang='lat' dir='ltr'><strong>invicem</strong></span> <span class='ocrx_word' id='word_1_56' title='bbox 1668 885 1814 933; x_wconf 90' lang='lat' dir='ltr'><strong>prae-</strong></span> 
     </span>
     <span class='ocr_line' id='line_1_9' title="bbox 136 947 1814 1017; baseline -0.001 -16"><span class='ocrx_word' id='word_1_57' title='bbox 136 953 363 1017; x_wconf 81' lang='lat' dir='ltr'><strong>cipitatus</strong></span> <span class='ocrx_word' id='word_1_58' title='bbox 398 955 490 1000; x_wconf 88' lang='lat' dir='ltr'><strong>est.</strong></span> <span class='ocrx_word' id='word_1_59' title='bbox 555 949 746 998; x_wconf 86' lang='lat' dir='ltr'><strong>Eadem</strong></span> <span class='ocrx_word' id='word_1_60' title='bbox 779 948 1094 997; x_wconf 86' lang='lat' dir='ltr'><strong>immodestia</strong></span> <span class='ocrx_word' id='word_1_61' title='bbox 1126 947 1457 1001; x_wconf 89' lang='lat' dir='ltr'><strong>Athenienses</strong></span> <span class='ocrx_word' id='word_1_62' title='bbox 1492 948 1663 1012; x_wconf 85' lang='lat' dir='ltr'><strong>paucis</strong></span> <span class='ocrx_word' id='word_1_63' title='bbox 1699 956 1814 999; x_wconf 90' lang='lat' dir='ltr'><strong>ante</strong></span> 
     </span>
     <span class='ocr_line' id='line_1_10' title="bbox 134 1026 1815 1094; baseline -0.001 -14"><span class='ocrx_word' id='word_1_64' title='bbox 134 1032 288 1091; x_wconf 89' lang='lat' dir='ltr'><strong>annis,</strong></span> <span class='ocrx_word' id='word_1_65' title='bbox 325 1045 475 1094; x_wconf 89' lang='lat' dir='ltr'><strong>quum</strong></span> <span class='ocrx_word' id='word_1_66' title='bbox 510 1028 722 1091; x_wconf 84' lang='lat' dir='ltr'><strong>Cleonti,</strong></span> <span class='ocrx_word' id='word_1_67' title='bbox 757 1028 946 1077; x_wconf 88' lang='lat' dir='ltr'><strong>homini</strong></span> <span class='ocrx_word' id='word_1_68' title='bbox 972 1027 1252 1089; x_wconf 88' lang='lat' dir='ltr'><strong>ambitioso,</strong></span> <span class='ocrx_word' id='word_1_69' title='bbox 1286 1026 1489 1075; x_wconf 87' lang='lat' dir='ltr'><strong>mallent</strong></span> <span class='ocrx_word' id='word_1_70' title='bbox 1519 1044 1663 1091; x_wconf 87' lang='lat' dir='ltr'><strong>quam</strong></span> <span class='ocrx_word' id='word_1_71' title='bbox 1690 1031 1815 1079; x_wconf 90' lang='lat' dir='ltr'><strong>ami-</strong></span> 
     </span>
     <span class='ocr_line' id='line_1_11' title="bbox 135 1107 1815 1174; baseline 0.001 -15"><span class='ocrx_word' id='word_1_72' title='bbox 135 1111 205 1159; x_wconf 88' lang='lat' dir='ltr'><strong>cis</strong></span> <span class='ocrx_word' id='word_1_73' title='bbox 237 1110 425 1174; x_wconf 78' lang='lat' dir='ltr'><strong>patriae</strong></span> <span class='ocrx_word' id='word_1_74' title='bbox 459 1110 822 1173; x_wconf 86' lang='lat' dir='ltr'><strong>obtemperare,</strong></span> <span class='ocrx_word' id='word_1_75' title='bbox 856 1108 1060 1157; x_wconf 90' lang='lat' dir='ltr'><strong>nimium</strong></span> <span class='ocrx_word' id='word_1_76' title='bbox 1094 1107 1406 1156; x_wconf 89' lang='lat' dir='ltr'><strong>intendentes</strong></span> <span class='ocrx_word' id='word_1_77' title='bbox 1441 1122 1612 1155; x_wconf 88' lang='lat' dir='ltr'><strong>arcum</strong></span> <span class='ocrx_word' id='word_1_78' title='bbox 1646 1108 1815 1174; x_wconf 80' lang='lat' dir='ltr'><strong>frege-</strong></span> 
     </span>
     <span class='ocr_line' id='line_1_12' title="bbox 134 1186 1814 1254; baseline 0.001 -16"><span class='ocrx_word' id='word_1_79' title='bbox 134 1196 269 1250; x_wconf 88' lang='lat' dir='ltr'><strong>rant,</strong></span> <span class='ocrx_word' id='word_1_80' title='bbox 320 1194 373 1239; x_wconf 88' lang='lat' dir='ltr'><strong>et</strong></span> <span class='ocrx_word' id='word_1_81' title='bbox 417 1206 565 1254; x_wconf 91' lang='lat' dir='ltr'><strong>quum</strong></span> <span class='ocrx_word' id='word_1_82' title='bbox 613 1188 883 1253; x_wconf 87' lang='lat' dir='ltr'><strong>prudenter</strong></span> <span class='ocrx_word' id='word_1_83' title='bbox 935 1187 1250 1237; x_wconf 84' lang='lat' dir='ltr'><strong>consulentes</strong></span> <span class='ocrx_word' id='word_1_84' title='bbox 1301 1186 1473 1235; x_wconf 89' lang='lat' dir='ltr'><strong>audire</strong></span> <span class='ocrx_word' id='word_1_85' title='bbox 1521 1187 1814 1252; x_wconf 86' lang='lat' dir='ltr'><strong>noluissent,</strong></span> 
     </span>
     <span class='ocr_line' id='line_1_13' title="bbox 136 1266 1815 1332; baseline 0 -14"><span class='ocrx_word' id='word_1_86' title='bbox 136 1274 317 1319; x_wconf 89' lang='lat' dir='ltr'><strong>eventu</strong></span> <span class='ocrx_word' id='word_1_87' title='bbox 352 1269 484 1318; x_wconf 82' lang='lat' dir='ltr'><strong>docti</strong></span> <span class='ocrx_word' id='word_1_88' title='bbox 538 1269 832 1328; x_wconf 87' lang='lat' dir='ltr'><strong>doluerunt;</strong></span> <span class='ocrx_word' id='word_1_89' title='bbox 886 1268 951 1318; x_wconf 89' lang='lat' dir='ltr'><strong>cf.</strong></span> <span class='ocrx_word' id='word_1_90' title='bbox 989 1267 1049 1316; x_wconf 90' lang='lat' dir='ltr'><strong>T.</strong></span> <span class='ocrx_word' id='word_1_91' title='bbox 1086 1267 1124 1315; x_wconf 94' lang='lat' dir='ltr'><strong>I.</strong></span> <span class='ocrx_word' id='word_1_92' title='bbox 1158 1283 1208 1331; x_wconf 89' lang='lat' dir='ltr'><strong>p.</strong></span> <span class='ocrx_word' id='word_1_93' title='bbox 1245 1269 1358 1316; x_wconf 85' lang='lat'><strong>505.</strong></span> <span class='ocrx_word' id='word_1_94' title='bbox 1430 1266 1585 1315; x_wconf 88' lang='lat' dir='ltr'><strong>Cuius</strong></span> <span class='ocrx_word' id='word_1_95' title='bbox 1619 1269 1815 1332; x_wconf 87' lang='lat' dir='ltr'><strong>peccati</strong></span> 
     </span>
     <span class='ocr_line' id='line_1_14' title="bbox 134 1346 1817 1414; baseline 0 -16"><span class='ocrx_word' id='word_1_96' title='bbox 134 1350 234 1398; x_wconf 91' lang='lat' dir='ltr'><strong>hoc</strong></span> <span class='ocrx_word' id='word_1_97' title='bbox 281 1349 393 1398; x_wconf 93' lang='lat' dir='ltr'><strong>loco</strong></span> <span class='ocrx_word' id='word_1_98' title='bbox 443 1364 533 1414; x_wconf 92' lang='lat' dir='ltr'><strong>per</strong></span> <span class='ocrx_word' id='word_1_99' title='bbox 578 1349 842 1398; x_wconf 85' lang='lat' dir='ltr'><strong>Adrastum</strong></span> <span class='ocrx_word' id='word_1_100' title='bbox 901 1348 1164 1397; x_wconf 84' lang='lat' dir='ltr'><strong>salubriter</strong></span> <span class='ocrx_word' id='word_1_101' title='bbox 1212 1346 1556 1398; x_wconf 87' lang='lat' dir='ltr'><strong>admonentur.</strong></span> <span class='ocrx_word' id='word_1_102' title='bbox 1641 1347 1817 1398; x_wconf 88' lang='lat' dir='ltr'><strong>Nuntii</strong></span> 
     </span>
     <span class='ocr_line' id='line_1_15' title="bbox 134 1426 1817 1493; baseline 0 -15"><span class='ocrx_word' id='word_1_103' title='bbox 134 1435 300 1479; x_wconf 89' lang='lat' dir='ltr'><strong>autem</strong></span> <span class='ocrx_word' id='word_1_104' title='bbox 333 1429 549 1478; x_wconf 88' lang='lat' dir='ltr'><strong>narratio</strong></span> <span class='ocrx_word' id='word_1_105' title='bbox 598 1428 856 1493; x_wconf 85' lang='lat' dir='ltr'><strong>diligentia</strong></span> <span class='ocrx_word' id='word_1_106' title='bbox 890 1435 942 1477; x_wconf 91' lang='lat' dir='ltr'><strong>et</strong></span> <span class='ocrx_word' id='word_1_107' title='bbox 986 1426 1413 1476; x_wconf 86' lang='lat' dir='ltr'><strong>verisimilitudine</strong></span> <span class='ocrx_word' id='word_1_108' title='bbox 1446 1442 1610 1476; x_wconf 90' lang='lat' dir='ltr'><strong>rerum</strong></span> <span class='ocrx_word' id='word_1_109' title='bbox 1648 1429 1817 1478; x_wconf 86' lang='lat' dir='ltr'><strong>excel-</strong></span> 
     </span>
     <span class='ocr_line' id='line_1_16' title="bbox 133 1506 1816 1572; baseline 0.001 -15"><span class='ocrx_word' id='word_1_110' title='bbox 133 1509 220 1558; x_wconf 87' lang='lat' dir='ltr'><strong>lit:</strong></span> <span class='ocrx_word' id='word_1_111' title='bbox 245 1509 375 1558; x_wconf 88' lang='lat' dir='ltr'><strong>nihil</strong></span> <span class='ocrx_word' id='word_1_112' title='bbox 409 1510 539 1558; x_wconf 91' lang='lat' dir='ltr'><strong>enim</strong></span> <span class='ocrx_word' id='word_1_113' title='bbox 571 1509 655 1558; x_wconf 89' lang='lat' dir='ltr'><strong>ille</strong></span> <span class='ocrx_word' id='word_1_114' title='bbox 702 1512 896 1568; x_wconf 86' lang='lat' dir='ltr'><strong>narrat,</strong></span> <span class='ocrx_word' id='word_1_115' title='bbox 925 1508 1016 1556; x_wconf 89' lang='lat' dir='ltr'><strong>nisi</strong></span> <span class='ocrx_word' id='word_1_116' title='bbox 1054 1508 1186 1572; x_wconf 86' lang='lat' dir='ltr'><strong>quod</strong></span> <span class='ocrx_word' id='word_1_117' title='bbox 1220 1506 1610 1556; x_wconf 83' lang='lat' dir='ltr'><strong>animadvertere</strong></span> <span class='ocrx_word' id='word_1_118' title='bbox 1645 1514 1697 1558; x_wconf 90' lang='lat' dir='ltr'><strong>et</strong></span> <span class='ocrx_word' id='word_1_119' title='bbox 1729 1526 1816 1558; x_wconf 89' lang='lat' dir='ltr'><strong>au-</strong></span> 
     </span>
     <span class='ocr_line' id='line_1_17' title="bbox 135 1587 1816 1653; baseline 0.002 -18"><span class='ocrx_word' id='word_1_120' title='bbox 135 1588 244 1637; x_wconf 88' lang='lat' dir='ltr'><strong>dire</strong></span> <span class='ocrx_word' id='word_1_121' title='bbox 294 1588 551 1638; x_wconf 91' lang='lat' dir='ltr'><strong>commode</strong></span> <span class='ocrx_word' id='word_1_122' title='bbox 596 1589 707 1653; x_wconf 89' lang='lat' dir='ltr'><strong>ipse</strong></span> <span class='ocrx_word' id='word_1_123' title='bbox 749 1588 984 1653; x_wconf 80' lang='lat' dir='ltr'><strong>potuerit.</strong></span> <span class='ocrx_word' id='word_1_124' title='bbox 1052 1587 1206 1637; x_wconf 90' lang='lat' dir='ltr'><strong>Addit</strong></span> <span class='ocrx_word' id='word_1_125' title='bbox 1250 1587 1460 1649; x_wconf 88' lang='lat' dir='ltr'><strong>deinde,</strong></span> <span class='ocrx_word' id='word_1_126' title='bbox 1506 1592 1816 1638; x_wconf 89' lang='lat' dir='ltr'><strong>mortuorum</strong></span> 
     </span>
     <span class='ocr_line' id='line_1_18' title="bbox 136 1667 1817 1734; baseline 0 -17"><span class='ocrx_word' id='word_1_127' title='bbox 136 1683 348 1734; x_wconf 86' lang='lat' dir='ltr'><strong>corpora</strong></span> <span class='ocrx_word' id='word_1_128' title='bbox 381 1668 595 1718; x_wconf 90' lang='lat' dir='ltr'><strong>militum</strong></span> <span class='ocrx_word' id='word_1_129' title='bbox 629 1668 825 1732; x_wconf 85' lang='lat' dir='ltr'><strong>quidem</strong></span> <span class='ocrx_word' id='word_1_130' title='bbox 861 1669 1011 1715; x_wconf 91' lang='lat' dir='ltr'><strong>humo</strong></span> <span class='ocrx_word' id='word_1_131' title='bbox 1047 1668 1274 1715; x_wconf 88' lang='lat' dir='ltr'><strong>mandata</strong></span> <span class='ocrx_word' id='word_1_132' title='bbox 1310 1682 1422 1715; x_wconf 85' lang='lat' dir='ltr'><strong>esse</strong></span> <span class='ocrx_word' id='word_1_133' title='bbox 1468 1667 1519 1715; x_wconf 92' lang='lat' dir='ltr'><strong>in</strong></span> <span class='ocrx_word' id='word_1_134' title='bbox 1555 1673 1697 1730; x_wconf 87' lang='lat' dir='ltr'><strong>parte</strong></span> <span class='ocrx_word' id='word_1_135' title='bbox 1733 1668 1817 1717; x_wconf 85' lang='lat' dir='ltr'><strong>ci-</strong></span> 
     </span>
     <span class='ocr_line' id='line_1_19' title="bbox 134 1747 1820 1810; baseline 0.001 -15"><span class='ocrx_word' id='word_1_136' title='bbox 134 1747 389 1796; x_wconf 89' lang='lat' dir='ltr'><strong>thaeronis</strong></span> <span class='ocrx_word' id='word_1_137' title='bbox 425 1748 725 1796; x_wconf 86' lang='lat' dir='ltr'><strong>Eleutheras</strong></span> <span class='ocrx_word' id='word_1_138' title='bbox 760 1755 1014 1810; x_wconf 75' lang='lat' dir='ltr'><strong>vergente,</strong></span> <span class='ocrx_word' id='word_1_139' title='bbox 1051 1747 1234 1796; x_wconf 92' lang='lat' dir='ltr'><strong>ducum</strong></span> <span class='ocrx_word' id='word_1_140' title='bbox 1269 1751 1433 1794; x_wconf 91' lang='lat' dir='ltr'><strong>autem</strong></span> <span class='ocrx_word' id='word_1_141' title='bbox 1469 1748 1692 1796; x_wconf 90' lang='lat' dir='ltr'><strong>curribus</strong></span> <span class='ocrx_word' id='word_1_142' title='bbox 1726 1749 1820 1797; x_wconf 88' lang='lat' dir='ltr'><strong>im·</strong></span> 
     </span>
     <span class='ocr_line' id='line_1_20' title="bbox 135 1825 1817 1891; baseline 0.001 -16"><span class='ocrx_word' id='word_1_143' title='bbox 135 1827 302 1891; x_wconf 88' lang='lat' dir='ltr'><strong>posita</strong></span> <span class='ocrx_word' id='word_1_144' title='bbox 334 1828 434 1875; x_wconf 91' lang='lat' dir='ltr'><strong>huc</strong></span> <span class='ocrx_word' id='word_1_145' title='bbox 468 1827 678 1888; x_wconf 88' lang='lat' dir='ltr'><strong>adduci,</strong></span> <span class='ocrx_word' id='word_1_146' title='bbox 725 1826 988 1874; x_wconf 90' lang='lat' dir='ltr'><strong>admodum</strong></span> <span class='ocrx_word' id='word_1_147' title='bbox 1039 1826 1254 1874; x_wconf 88' lang='lat' dir='ltr'><strong>humane</strong></span> <span class='ocrx_word' id='word_1_148' title='bbox 1290 1825 1476 1873; x_wconf 88' lang='lat' dir='ltr'><strong>Thesei</strong></span> <span class='ocrx_word' id='word_1_149' title='bbox 1520 1826 1675 1890; x_wconf 91' lang='lat' dir='ltr'><strong>ipsius</strong></span> <span class='ocrx_word' id='word_1_150' title='bbox 1710 1845 1817 1877; x_wconf 86' lang='lat' dir='ltr'><strong>ma-</strong></span> 
     </span>
     <span class='ocr_line' id='line_1_21' title="bbox 135 1905 1817 1971; baseline 0.001 -17"><span class='ocrx_word' id='word_1_151' title='bbox 135 1907 279 1955; x_wconf 83' lang='lat' dir='ltr'><strong>nibus</strong></span> <span class='ocrx_word' id='word_1_152' title='bbox 313 1922 374 1955; x_wconf 86' lang='lat' dir='ltr'><strong>ex</strong></span> <span class='ocrx_word' id='word_1_153' title='bbox 407 1906 561 1955; x_wconf 90' lang='lat' dir='ltr'><strong>caede</strong></span> <span class='ocrx_word' id='word_1_154' title='bbox 595 1911 871 1971; x_wconf 85' lang='lat' dir='ltr'><strong>protracta,</strong></span> <span class='ocrx_word' id='word_1_155' title='bbox 917 1905 1083 1954; x_wconf 88' lang='lat' dir='ltr'><strong>abluta</strong></span> <span class='ocrx_word' id='word_1_156' title='bbox 1129 1905 1452 1968; x_wconf 85' lang='lat' dir='ltr'><strong>vestibusque</strong></span> <span class='ocrx_word' id='word_1_157' title='bbox 1500 1907 1667 1955; x_wconf 79' lang='lat' dir='ltr'><strong>stratis</strong></span> <span class='ocrx_word' id='word_1_158' title='bbox 1722 1907 1817 1956; x_wconf 90' lang='lat' dir='ltr'><strong>im-</strong></span> 
     </span>
     <span class='ocr_line' id='line_1_22' title="bbox 139 1983 1818 2051; baseline 0.002 -18"><span class='ocrx_word' id='word_1_159' title='bbox 139 1985 303 2050; x_wconf 87' lang='lat' dir='ltr'><strong>posita</strong></span> <span class='ocrx_word' id='word_1_160' title='bbox 338 1992 389 2034; x_wconf 93' lang='lat' dir='ltr'><strong>et</strong></span> <span class='ocrx_word' id='word_1_161' title='bbox 422 1991 661 2034; x_wconf 84' lang='lat' dir='ltr'><strong>contecta.</strong></span> <span class='ocrx_word' id='word_1_162' title='bbox 733 1985 921 2046; x_wconf 78' lang='lat' dir='ltr'><strong>Quibus</strong></span> <span class='ocrx_word' id='word_1_163' title='bbox 969 1985 1150 2033; x_wconf 88' lang='lat' dir='ltr'><strong>auditis</strong></span> <span class='ocrx_word' id='word_1_164' title='bbox 1185 1983 1428 2033; x_wconf 87' lang='lat' dir='ltr'><strong>Adrastus</strong></span> <span class='ocrx_word' id='word_1_165' title='bbox 1463 2000 1572 2034; x_wconf 88' lang='lat' dir='ltr'><strong>cum</strong></span> <span class='ocrx_word' id='word_1_166' title='bbox 1606 1986 1818 2051; x_wconf 88' lang='lat' dir='ltr'><strong>plancti-</strong></span> 
     </span>
     <span class='ocr_line' id='line_1_23' title="bbox 136 2058 1820 2128; baseline 0.002 -16"><span class='ocrx_word' id='word_1_167' title='bbox 136 2065 230 2113; x_wconf 88' lang='lat' dir='ltr'><strong>bus</strong></span> <span class='ocrx_word' id='word_1_168' title='bbox 289 2069 340 2113; x_wconf 87' lang='lat' dir='ltr'><strong>et</strong></span> <span class='ocrx_word' id='word_1_169' title='bbox 383 2064 612 2113; x_wconf 88' lang='lat' dir='ltr'><strong>lamentis</strong></span> <span class='ocrx_word' id='word_1_170' title='bbox 667 2065 857 2113; x_wconf 89' lang='lat' dir='ltr'><strong>obviam</strong></span> <span class='ocrx_word' id='word_1_171' title='bbox 923 2064 1170 2113; x_wconf 83' lang='lat' dir='ltr'><strong>defunctis</strong></span> <span class='ocrx_word' id='word_1_172' title='bbox 1219 2063 1488 2112; x_wconf 88' lang='lat' dir='ltr'><strong>carissimis</strong></span> <span class='ocrx_word' id='word_1_173' title='bbox 1540 2058 1820 2128; x_wconf 83' lang='lat' dir='ltr'><strong>p&#39;roficisci-</strong></span> 
     </span>
     <span class='ocr_line' id='line_1_24' title="bbox 135 2145 1821 2212; baseline 0.002 -20"><span class='ocrx_word' id='word_1_174' title='bbox 135 2148 246 2205; x_wconf 83' lang='lat' dir='ltr'><strong>tur,</strong></span> <span class='ocrx_word' id='word_1_175' title='bbox 294 2148 479 2194; x_wconf 90' lang='lat' dir='ltr'><strong>matres</strong></span> <span class='ocrx_word' id='word_1_176' title='bbox 514 2151 674 2193; x_wconf 85' lang='lat' dir='ltr'><strong>autem</strong></span> <span class='ocrx_word' id='word_1_177' title='bbox 711 2145 895 2194; x_wconf 91' lang='lat' dir='ltr'><strong>ibidem</strong></span> <span class='ocrx_word' id='word_1_178' title='bbox 931 2147 1195 2193; x_wconf 84' lang='lat' dir='ltr'><strong>adventum</strong></span> <span class='ocrx_word' id='word_1_179' title='bbox 1231 2149 1553 2208; x_wconf 80' lang='lat' dir='ltr'><strong>exspectant,</strong></span> <span class='ocrx_word' id='word_1_180' title='bbox 1595 2147 1821 2212; x_wconf 82' lang='lat' dir='ltr'><strong>gauden-</strong></span> 
     </span>
     <span class='ocr_line' id='line_1_25' title="bbox 133 2224 1817 2292; baseline 0.004 -20"><span class='ocrx_word' id='word_1_181' title='bbox 133 2230 240 2282; x_wconf 79' lang='lat' dir='ltr'><strong>tes,</strong></span> <span class='ocrx_word' id='word_1_182' title='bbox 293 2224 425 2290; x_wconf 89' lang='lat' dir='ltr'><strong>quod</strong></span> <span class='ocrx_word' id='word_1_183' title='bbox 459 2226 560 2273; x_wconf 85' lang='lat' dir='ltr'><strong>voti</strong></span> <span class='ocrx_word' id='word_1_184' title='bbox 608 2232 863 2290; x_wconf 88' lang='lat' dir='ltr'><strong>compotes</strong></span> <span class='ocrx_word' id='word_1_185' title='bbox 913 2226 1013 2273; x_wconf 90' lang='lat' dir='ltr'><strong>sint</strong></span> <span class='ocrx_word' id='word_1_186' title='bbox 1056 2224 1235 2285; x_wconf 83' lang='lat' dir='ltr'><strong>factae,</strong></span> <span class='ocrx_word' id='word_1_187' title='bbox 1282 2224 1528 2288; x_wconf 87' lang='lat' dir='ltr'><strong>simulque</strong></span> <span class='ocrx_word' id='word_1_188' title='bbox 1571 2224 1817 2292; x_wconf 82' lang='lat' dir='ltr'><strong>lugenteS,</strong></span> 
     </span>
     <span class='ocr_line' id='line_1_26' title="bbox 133 2303 1820 2371; baseline 0.004 -19"><span class='ocrx_word' id='word_1_189' title='bbox 133 2303 267 2367; x_wconf 87' lang='lat' dir='ltr'><strong>quod</strong></span> <span class='ocrx_word' id='word_1_190' title='bbox 310 2304 630 2354; x_wconf 88' lang='lat' dir='ltr'><strong>acerbissima</strong></span> <span class='ocrx_word' id='word_1_191' title='bbox 705 2305 973 2354; x_wconf 88' lang='lat' dir='ltr'><strong>liberorum</strong></span> <span class='ocrx_word' id='word_1_192' title='bbox 1020 2304 1229 2368; x_wconf 86' lang='lat' dir='ltr'><strong>funera,</strong></span> <span class='ocrx_word' id='word_1_193' title='bbox 1287 2304 1437 2353; x_wconf 85' lang='lat' dir='ltr'><strong>orbae</strong></span> <span class='ocrx_word' id='word_1_194' title='bbox 1500 2310 1552 2353; x_wconf 91' lang='lat' dir='ltr'><strong>et</strong></span> <span class='ocrx_word' id='word_1_195' title='bbox 1596 2308 1820 2371; x_wconf 77' lang='lat' dir='ltr'><strong>privatae</strong></span> 
     </span>
     <span class='ocr_line' id='line_1_27' title="bbox 133 2383 1820 2450; baseline 0.003 -18"><span class='ocrx_word' id='word_1_196' title='bbox 133 2383 302 2433; x_wconf 84' lang='lat' dir='ltr'><strong>fructu</strong></span> <span class='ocrx_word' id='word_1_197' title='bbox 333 2385 788 2446; x_wconf 80' lang='lat' dir='ltr'><strong>matrimoniorum,</strong></span> <span class='ocrx_word' id='word_1_198' title='bbox 846 2386 896 2434; x_wconf 87' lang='lat' dir='ltr'><strong>in</strong></span> <span class='ocrx_word' id='word_1_199' title='bbox 950 2389 1175 2433; x_wconf 82' lang='lat' dir='ltr'><strong>extrema</strong></span> <span class='ocrx_word' id='word_1_200' title='bbox 1221 2389 1384 2433; x_wconf 86' lang='lat' dir='ltr'><strong>aetate</strong></span> <span class='ocrx_word' id='word_1_201' title='bbox 1441 2386 1820 2450; x_wconf 89' lang='lat' dir='ltr'><strong>conspicaturae</strong></span> 
     </span>
     <span class='ocr_line' id='line_1_28' title="bbox 135 2464 1819 2529; baseline 0.003 -17"><span class='ocrx_word' id='word_1_202' title='bbox 135 2465 250 2512; x_wconf 83' lang='lat' dir='ltr'><strong>sint.</strong></span> <span class='ocrx_word' id='word_1_203' title='bbox 319 2464 559 2513; x_wconf 87' lang='lat' dir='ltr'><strong>Adductis</strong></span> <span class='ocrx_word' id='word_1_204' title='bbox 595 2465 912 2514; x_wconf 85' lang='lat' dir='ltr'><strong>cadaveribus</strong></span> <span class='ocrx_word' id='word_1_205' title='bbox 948 2470 998 2512; x_wconf 89' lang='lat' dir='ltr'><strong>et</strong></span> <span class='ocrx_word' id='word_1_206' title='bbox 1032 2465 1081 2511; x_wconf 88' lang='lat' dir='ltr'><strong>in</strong></span> <span class='ocrx_word' id='word_1_207' title='bbox 1118 2470 1384 2529; x_wconf 88' lang='lat' dir='ltr'><strong>conspectu</strong></span> <span class='ocrx_word' id='word_1_208' title='bbox 1419 2466 1611 2528; x_wconf 87' lang='lat' dir='ltr'><strong>positis,</strong></span> <span class='ocrx_word' id='word_1_209' title='bbox 1646 2474 1819 2517; x_wconf 85' lang='lat' dir='ltr'><strong>mutua</strong></span> 
     </span>
     <span class='ocr_line' id='line_1_29' title="bbox 136 2544 1820 2610; baseline 0.004 -19"><span class='ocrx_word' id='word_1_210' title='bbox 136 2544 359 2607; x_wconf 88' lang='lat' dir='ltr'><strong>sequitur</strong></span> <span class='ocrx_word' id='word_1_211' title='bbox 391 2545 593 2593; x_wconf 86' lang='lat' dir='ltr'><strong>Adrasti</strong></span> <span class='ocrx_word' id='word_1_212' title='bbox 627 2546 864 2610; x_wconf 86' lang='lat' dir='ltr'><strong>chorique</strong></span> <span class='ocrx_word' id='word_1_213' title='bbox 898 2545 1252 2608; x_wconf 86' lang='lat' dir='ltr'><strong>comploratio,</strong></span> <span class='ocrx_word' id='word_1_214' title='bbox 1301 2545 1427 2593; x_wconf 92' lang='lat' dir='ltr'><strong>inter</strong></span> <span class='ocrx_word' id='word_1_215' title='bbox 1463 2562 1607 2609; x_wconf 90' lang='lat' dir='ltr'><strong>quam</strong></span> <span class='ocrx_word' id='word_1_216' title='bbox 1641 2547 1820 2597; x_wconf 83' lang='lat' dir='ltr'><strong>funera</strong></span> 
     </span>
     <span class='ocr_line' id='line_1_30' title="bbox 135 2623 1819 2693; baseline 0.003 -22"><span class='ocrx_word' id='word_1_217' title='bbox 135 2623 296 2672; x_wconf 89' lang='lat' dir='ltr'><strong>velata</strong></span> <span class='ocrx_word' id='word_1_218' title='bbox 329 2623 692 2689; x_wconf 86' lang='lat' dir='ltr'><strong>amplectuntur</strong></span> <span class='ocrx_word' id='word_1_219' title='bbox 726 2630 942 2684; x_wconf 89' lang='lat' dir='ltr'><strong>matres,</strong></span> <span class='ocrx_word' id='word_1_220' title='bbox 964 2625 1159 2672; x_wconf 64' lang='lat' dir='ltr'><strong>&gt;laniant</strong></span> <span class='ocrx_word' id='word_1_221' title='bbox 1192 2640 1375 2688; x_wconf 82' lang='lat' dir='ltr'><strong>genaS,</strong></span> <span class='ocrx_word' id='word_1_222' title='bbox 1416 2625 1620 2690; x_wconf 82' lang='lat' dir='ltr'><strong>pulvere</strong></span> <span class='ocrx_word' id='word_1_223' title='bbox 1655 2628 1819 2693; x_wconf 89' lang='lat' dir='ltr'><strong>capita</strong></span> 
     </span>
     <span class='ocr_line' id='line_1_31' title="bbox 137 2701 1820 2771; baseline 0.003 -21"><span class='ocrx_word' id='word_1_224' title='bbox 137 2701 431 2752; x_wconf 88' lang='lat' dir='ltr'><strong>deformant.</strong></span> <span class='ocrx_word' id='word_1_225' title='bbox 483 2704 688 2754; x_wconf 91' lang='lat' dir='ltr'><strong>Numeri</strong></span> <span class='ocrx_word' id='word_1_226' title='bbox 722 2705 871 2754; x_wconf 89' lang='lat' dir='ltr'><strong>huius</strong></span> <span class='ocrx_word' id='word_1_227' title='bbox 907 2705 1186 2753; x_wconf 89' lang='lat' dir='ltr'><strong>commatici</strong></span> <span class='ocrx_word' id='word_1_228' title='bbox 1212 2709 1385 2752; x_wconf 89' lang='lat' dir='ltr'><strong>cantus</strong></span> <span class='ocrx_word' id='word_1_229' title='bbox 1416 2706 1679 2754; x_wconf 83' lang='lat' dir='ltr'><strong>maximam</strong></span> <span class='ocrx_word' id='word_1_230' title='bbox 1704 2724 1820 2771; x_wconf 88' lang='lat' dir='ltr'><strong>par-</strong></span> 
     </span>
     <span class='ocr_line' id='line_1_32' title="bbox 136 2783 1820 2851; baseline 0.004 -20"><span class='ocrx_word' id='word_1_231' title='bbox 136 2788 238 2831; x_wconf 86' lang='lat' dir='ltr'><strong>tem</strong></span> <span class='ocrx_word' id='word_1_232' title='bbox 286 2798 348 2832; x_wconf 84' lang='lat' dir='ltr'><strong>ex</strong></span> <span class='ocrx_word' id='word_1_233' title='bbox 396 2783 638 2833; x_wconf 77' lang='lat' dir='ltr'><strong>dochmiia</strong></span> <span class='ocrx_word' id='word_1_234' title='bbox 687 2789 926 2835; x_wconf 85' lang='lat' dir='ltr'><strong>constant.</strong></span> <span class='ocrx_word' id='word_1_235' title='bbox 995 2786 1206 2834; x_wconf 86' lang='lat' dir='ltr'><strong>Cantant</strong></span> <span class='ocrx_word' id='word_1_236' title='bbox 1253 2791 1420 2833; x_wconf 88' lang='lat' dir='ltr'><strong>autem</strong></span> <span class='ocrx_word' id='word_1_237' title='bbox 1465 2801 1561 2834; x_wconf 91' lang='lat' dir='ltr'><strong>non</strong></span> <span class='ocrx_word' id='word_1_238' title='bbox 1598 2787 1820 2851; x_wconf 82' lang='lat' dir='ltr'><strong>singulae</strong></span> 
     </span>
     <span class='ocr_line' id='line_1_33' title="bbox 135 2862 1706 2923; baseline 0.006 -11"><span class='ocrx_word' id='word_1_239' title='bbox 135 2867 340 2923; x_wconf 87' lang='lat' dir='ltr'><strong>matres,</strong></span> <span class='ocrx_word' id='word_1_240' title='bbox 375 2862 466 2912; x_wconf 86' lang='lat' dir='ltr'><strong>sed</strong></span> <span class='ocrx_word' id='word_1_241' title='bbox 500 2865 808 2915; x_wconf 87' lang='lat' dir='ltr'><strong>coniunctae.</strong></span> <span class='ocrx_word' id='word_1_242' title='bbox 1702 2917 1706 2922; x_wconf 22' lang='grc' dir='ltr'><strong>Α</strong></span> 
     </span>
     <span class='ocr_line' id='line_1_34' title="bbox 269 2942 1819 3008; baseline 0.004 -18"><span class='ocrx_word' id='word_1_243' title='bbox 269 2942 476 3004; x_wconf 78' lang='lat' dir='ltr'><strong>Quaerit</strong></span> <span class='ocrx_word' id='word_1_244' title='bbox 544 2944 722 2993; x_wconf 91' lang='lat' dir='ltr'><strong>deinde</strong></span> <span class='ocrx_word' id='word_1_245' title='bbox 783 2944 1010 2994; x_wconf 88' lang='lat' dir='ltr'><strong>Theseus</strong></span> <span class='ocrx_word' id='word_1_246' title='bbox 1073 2946 1138 2994; x_wconf 93' lang='lat' dir='ltr'><strong>de</strong></span> <span class='ocrx_word' id='word_1_247' title='bbox 1196 2948 1503 2995; x_wconf 87' lang='lat' dir='ltr'><strong>mortuorum</strong></span> <span class='ocrx_word' id='word_1_248' title='bbox 1573 2946 1819 3008; x_wconf 79' lang='lat' dir='ltr'><strong>laudibuS,</strong></span> 
     </span>
     <span class='ocr_line' id='line_1_35' title="bbox 135 3022 1819 3090; baseline 0.003 -19"><span class='ocrx_word' id='word_1_249' title='bbox 135 3037 233 3072; x_wconf 90' lang='lat' dir='ltr'><strong>non</strong></span> <span class='ocrx_word' id='word_1_250' title='bbox 277 3023 373 3071; x_wconf 89' lang='lat' dir='ltr'><strong>illis</strong></span> <span class='ocrx_word' id='word_1_251' title='bbox 424 3022 622 3087; x_wconf 89' lang='lat' dir='ltr'><strong>quidem</strong></span> <span class='ocrx_word' id='word_1_252' title='bbox 668 3024 863 3074; x_wconf 87' lang='lat' dir='ltr'><strong>bellicis</strong></span> <span class='ocrx_word' id='word_1_253' title='bbox 910 3025 1083 3088; x_wconf 87' lang='lat' dir='ltr'><strong>(vanos</strong></span> <span class='ocrx_word' id='word_1_254' title='bbox 1119 3024 1248 3073; x_wconf 91' lang='lat' dir='ltr'><strong>enim</strong></span> <span class='ocrx_word' id='word_1_255' title='bbox 1285 3041 1399 3075; x_wconf 87' lang='lat' dir='ltr'><strong>esse</strong></span> <span class='ocrx_word' id='word_1_256' title='bbox 1454 3025 1538 3090; x_wconf 89' lang='lat' dir='ltr'><strong>qui</strong></span> <span class='ocrx_word' id='word_1_257' title='bbox 1589 3027 1819 3088; x_wconf 89' lang='lat' dir='ltr'><strong>doceant,</strong></span> 
     </span>
     <span class='ocr_line' id='line_1_36' title="bbox 138 3103 1821 3171; baseline 0.002 -21"><span class='ocrx_word' id='word_1_258' title='bbox 138 3117 288 3166; x_wconf 89' lang='lat' dir='ltr'><strong>quem</strong></span> <span class='ocrx_word' id='word_1_259' title='bbox 323 3104 531 3167; x_wconf 89' lang='lat' dir='ltr'><strong>quisque</strong></span> <span class='ocrx_word' id='word_1_260' title='bbox 566 3103 615 3150; x_wconf 89' lang='lat' dir='ltr'><strong>in</strong></span> <span class='ocrx_word' id='word_1_261' title='bbox 650 3104 853 3169; x_wconf 88' lang='lat' dir='ltr'><strong>proeliis</strong></span> <span class='ocrx_word' id='word_1_262' title='bbox 899 3105 1264 3167; x_wconf 87' lang='lat' dir='ltr'><strong>vulneraverit,</strong></span> <span class='ocrx_word' id='word_1_263' title='bbox 1316 3121 1478 3170; x_wconf 86' lang='lat' dir='ltr'><strong>neque</strong></span> <span class='ocrx_word' id='word_1_264' title='bbox 1520 3121 1670 3171; x_wconf 86' lang='lat' dir='ltr'><strong>posse</strong></span> <span class='ocrx_word' id='word_1_265' title='bbox 1701 3107 1821 3155; x_wconf 87' lang='lat' dir='ltr'><strong>talia</strong></span> 
     </span>
     <span class='ocr_line' id='line_1_37' title="bbox 138 3182 1822 3249; baseline 0.002 -19"><span class='ocrx_word' id='word_1_266' title='bbox 138 3198 230 3246; x_wconf 91' lang='lat' dir='ltr'><strong>pro</strong></span> <span class='ocrx_word' id='word_1_267' title='bbox 266 3184 531 3247; x_wconf 88' lang='lat' dir='ltr'><strong>compertis</strong></span> <span class='ocrx_word' id='word_1_268' title='bbox 565 3182 795 3248; x_wconf 85' lang='lat' dir='ltr'><strong>referri),</strong></span> <span class='ocrx_word' id='word_1_269' title='bbox 846 3183 935 3233; x_wconf 91' lang='lat' dir='ltr'><strong>sed</strong></span> <span class='ocrx_word' id='word_1_270' title='bbox 981 3185 1047 3234; x_wconf 93' lang='lat' dir='ltr'><strong>de</strong></span> <span class='ocrx_word' id='word_1_271' title='bbox 1080 3184 1320 3234; x_wconf 90' lang='lat' dir='ltr'><strong>civilibus.</strong></span> <span class='ocrx_word' id='word_1_272' title='bbox 1388 3186 1692 3249; x_wconf 86' lang='lat' dir='ltr'><strong>Aeschylum</strong></span> <span class='ocrx_word' id='word_1_273' title='bbox 1725 3187 1822 3234; x_wconf 91' lang='lat' dir='ltr'><strong>hoc</strong></span> 
     </span>
     <span class='ocr_line' id='line_1_38' title="bbox 135 3260 1822 3330; baseline 0.003 -21"><span class='ocrx_word' id='word_1_274' title='bbox 135 3260 249 3310; x_wconf 91' lang='lat' dir='ltr'><strong>loco</strong></span> <span class='ocrx_word' id='word_1_275' title='bbox 310 3261 578 3326; x_wconf 88' lang='lat' dir='ltr'><strong>vituperari</strong></span> <span class='ocrx_word' id='word_1_276' title='bbox 621 3263 936 3312; x_wconf 81' lang='lat' dir='ltr'><strong>manifestum</strong></span> <span class='ocrx_word' id='word_1_277' title='bbox 988 3269 1094 3325; x_wconf 83' lang='lat' dir='ltr'><strong>est3</strong></span> <span class='ocrx_word' id='word_1_278' title='bbox 1140 3269 1362 3315; x_wconf 90' lang='lat' dir='ltr'><strong>ceterum</strong></span> <span class='ocrx_word' id='word_1_279' title='bbox 1414 3267 1562 3315; x_wconf 91' lang='lat' dir='ltr'><strong>etiam</strong></span> <span class='ocrx_word' id='word_1_280' title='bbox 1615 3270 1822 3330; x_wconf 89' lang='lat' dir='ltr'><strong>propter</strong></span> 
     </span>
     <span class='ocr_line' id='line_1_39' title="bbox 137 3342 1823 3411; baseline 0.003 -22"><span class='ocrx_word' id='word_1_281' title='bbox 137 3356 295 3404; x_wconf 83' lang='lat' dir='ltr'><strong>genus</strong></span> <span class='ocrx_word' id='word_1_282' title='bbox 340 3342 664 3406; x_wconf 88' lang='lat' dir='ltr'><strong>laudationis,</strong></span> <span class='ocrx_word' id='word_1_283' title='bbox 715 3359 814 3408; x_wconf 84' lang='lat' dir='ltr'><strong>qua</strong></span> <span class='ocrx_word' id='word_1_284' title='bbox 863 3359 983 3394; x_wconf 91' lang='lat' dir='ltr'><strong>usus</strong></span> <span class='ocrx_word' id='word_1_285' title='bbox 1031 3348 1112 3393; x_wconf 88' lang='lat' dir='ltr'><strong>est</strong></span> <span class='ocrx_word' id='word_1_286' title='bbox 1171 3344 1469 3411; x_wconf 75' lang='lat' dir='ltr'><strong>EuripideS,</strong></span> <span class='ocrx_word' id='word_1_287' title='bbox 1530 3346 1625 3395; x_wconf 88' lang='lat' dir='ltr'><strong>hac</strong></span> <span class='ocrx_word' id='word_1_288' title='bbox 1675 3361 1823 3410; x_wconf 89' lang='lat' dir='ltr'><strong>prae-</strong></span> 
     </span>
    </p>
   </div>
   <div class='ocr_carea' id='block_1_3' title="bbox 138 3418 1822 3553">
    <p class='ocr_par' dir='ltr' id='par_1_3' title="bbox 138 3418 1822 3553">
     <span class='ocr_line' id='line_1_40' title="bbox 138 3418 1822 3549; baseline 0.004 -81"><span class='ocrx_word' id='word_1_289' title='bbox 138 3418 325 3549; x_wconf 46' lang='lat'><strong>&amp;23⁰⁸</strong></span> <span class='ocrx_word' id='word_1_290' title='bbox 386 3437 509 3488; x_wconf 88' lang='lat' dir='ltr'><strong>opus</strong></span> <span class='ocrx_word' id='word_1_291' title='bbox 555 3422 666 3472; x_wconf 87' lang='lat' dir='ltr'><strong>fuit.</strong></span> <span class='ocrx_word' id='word_1_292' title='bbox 751 3422 1026 3488; x_wconf 71' lang='lat' dir='ltr'><strong>Spei-nebat</strong></span> <span class='ocrx_word' id='word_1_293' title='bbox 1082 3430 1281 3490; x_wconf 87' lang='lat' dir='ltr'><strong>noster,</strong></span> <span class='ocrx_word' id='word_1_294' title='bbox 1342 3430 1400 3476; x_wconf 92' lang='lat' dir='ltr'><strong>ut</strong></span> <span class='ocrx_word' id='word_1_295' title='bbox 1443 3426 1618 3487; x_wconf 89' lang='lat' dir='ltr'><strong>inane,</strong></span> <span class='ocrx_word' id='word_1_296' title='bbox 1680 3424 1822 3488; x_wconf 80' lang='lat' dir='ltr'><strong>quid-</strong></span> 
     </span>
     <span class='ocr_line' id='line_1_41' title="bbox 251 3501 1450 3553; baseline 0.003 -4"><span class='ocrx_word' id='word_1_297' title='bbox 251 3534 263 3549; x_wconf 92' lang='lat'><em>.</em></span> <span class='ocrx_word' id='word_1_298' title='bbox 299 3501 358 3550; x_wconf 95' lang='lat'><strong>11.</strong></span> <span class='ocrx_word' id='word_1_299' title='bbox 1418 3509 1450 3553; x_wconf 78' lang='grc'><strong>’1</strong></span> 
     </span>
    </p>
   </div>
  </div>
 </body>
</html>
