2170 3848
1123 284 1242 341 166

490 434 533 482 A
578 430 912 481 misericordia
955 432 1017 480 ad
1050 446 1191 495 spem
1225 432 1446 481 traducti·
1470 440 1775 498 spectatores
1822 436 2024 487 felicem

361 528 525 563 rerum
559 511 746 574 exitum
778 515 913 560 tanto
947 511 1174 574 cupidius
1209 517 1464 579 exoptant,
1512 521 1689 577 quanto
1710 518 1863 582 magis
1889 516 2025 583 prio-

362 592 498 642 ribus
545 591 753 639 miseriis
802 591 1074 640 doluerunt.
1145 590 1227 638 Sic
1270 591 1424 640 altera
1468 607 1586 656 pars
1633 596 1917 661 tragoediae
1951 595 2024 645 al·

362 676 468 720 tera
503 671 758 719 adiuvatur
792 676 938 734 atque
973 675 1193 734 augetur.

490 749 823 814 Interponitur
855 765 1050 798 carmen
1086 749 1223 798 chori
1255 749 1472 798 tertium.
1540 750 1732 813 Quanto
1759 751 1894 802 luctu
1915 754 2024 802 hal·-

363 816 488 894 cyon
522 830 622 877 avis
657 828 707 876 in
741 830 890 877 maris
939 828 1159 894 scopulis
1210 830 1387 878 sedens
1432 830 1659 879 maritum
1707 836 1841 881 trans
1889 847 2025 881 mare

363 908 642 975 profectum
676 909 1006 971 amissumque
1032 915 1376 973 prosequatur,
1413 915 1551 958 tanto
1592 925 1646 958 se
1683 910 1856 960 dolore
1890 911 2028 959 aiunt

362 989 596 1037 mulieres
633 985 936 1037 Graecorum
971 993 1143 1036 coetus
1179 994 1439 1051 terraeque
1460 990 1649 1053 patriae
1678 990 2024 1039 amoenitatem

361 1066 661 1123 desiderare,
698 1066 759 1114 iis
793 1067 1108 1130 potissimum
1142 1066 1279 1127 lociS,
1314 1068 1362 1117 in
1397 1069 1574 1131 quibus
1602 1067 1747 1117 Diana
1777 1075 1888 1118 nata
1915 1083 2028 1118 esse

360 1145 631 1205 ferebatur,
669 1146 965 1208 cogitatione
999 1148 1330 1195 immorantes.
1400 1147 1552 1196 Redit
1599 1148 1756 1197 tristis
1789 1148 2029 1196 memoria

359 1225 493 1274 illius
528 1226 642 1285 diei,
678 1240 775 1288 quo
811 1226 1101 1290 expugnatis
1137 1241 1255 1274 suae
1289 1227 1420 1275 urbis
1450 1226 1702 1276 moenibus
1727 1227 1887 1292 pretio
1908 1242 2026 1276 ven-

361 1303 491 1353 ditae
535 1312 585 1354 et
627 1305 676 1353 in
726 1304 978 1353 barbaram
1031 1311 1210 1353 terram
1245 1307 1444 1354 navibus
1480 1307 1722 1355 abductae
1754 1312 1896 1370 sunt,
1941 1306 2027 1356 ubi

361 1384 607 1432 sacerdoti
644 1383 824 1433 Dianae
859 1384 1131 1433 servientes
1166 1391 1401 1448 perpetua
1437 1386 1742 1448 aegritudine
1787 1385 2025 1436 laborant.

359 1463 486 1512 Nam
531 1464 616 1526 qui
662 1479 723 1512 ex
767 1464 1054 1512 florentibus
1105 1466 1347 1526 quondam
1394 1466 1541 1513 rebus
1576 1465 1637 1512 ad
1673 1464 1899 1516 miserias
1936 1464 2024 1514 de-

362 1543 511 1601 cidit,
563 1558 751 1591 memor
785 1543 1020 1608 pristinae
1054 1542 1307 1605 fortunae,
1352 1543 1522 1592 dolere
1553 1544 1797 1607 nunquam
1831 1544 2027 1593 desinit.

361 1622 580 1671 Felicem
626 1623 772 1684 igitur
804 1622 1090 1686 praedicant
1138 1624 1413 1683 dominam,
1459 1639 1603 1686 quam
1640 1625 1702 1671 sit
1734 1623 1784 1671 in
1817 1623 2026 1689 patriam

361 1702 498 1750 navis
548 1707 778 1761 vectura,
825 1701 1021 1749 fistulae
1071 1716 1190 1748 sono
1237 1703 1448 1767 remiges
1495 1703 1754 1760 incitante,
1797 1703 2028 1767 Apolline

360 1787 471 1830 vate
503 1783 631 1830 inter
667 1781 929 1846 strepitum
963 1781 1100 1845 lyrae
1135 1796 1332 1830 cursum
1368 1782 1696 1831 secundante:
1729 1783 1777 1831 in
1812 1798 1909 1846 qua
1942 1796 2024 1830 co-

358 1860 594 1927 gitatione
630 1860 745 1909 dum
782 1875 955 1926 magno
991 1875 1101 1908 cum
1137 1861 1385 1909 desiderio
1421 1861 1720 1927 defiguntur,
1756 1860 2025 1924 navigatio-

356 1956 470 1989 nem
503 1941 576 1988 sic
608 1941 767 2006 verbis
803 1940 1098 2004 depingunt,
1134 1946 1188 1987 ut
1222 1942 1361 2003 quasi
1395 1944 1580 1989 stantes
1613 1942 1661 1990 in
1697 1941 1863 1989 littore
1898 1954 2025 1989 con-

358 2020 553 2083 spicere
587 2036 758 2068 navem
790 2019 1044 2067 videantur
1077 2019 1304 2082 expansis
1340 2020 1477 2080 velis,
1511 2021 1754 2084 porrectis
1788 2035 1878 2083 per
1907 2033 2024 2084 pro-

358 2114 461 2146 ram
496 2098 806 2156 rudentibuS,
842 2099 890 2146 in
925 2097 1076 2146 altum
1105 2098 1502 2162 proficiscentem
1517 2099 1586 2162 *).
1622 2098 1810 2147 Deinde
1837 2102 2026 2163 optant,

359 2183 414 2225 ut
447 2178 535 2225 alis
568 2179 823 2242 praeditae
860 2193 1058 2226 cursum
1098 2193 1332 2241 equorum
1369 2179 1485 2226 solis
1532 2179 1817 2238 imitentur,
1861 2183 1917 2227 ut
1946 2192 2024 2226 re-

358 2263 507 2322 pente
529 2258 574 2305 in
609 2258 824 2305 thalamo
848 2257 1068 2320 locisque
1103 2257 1164 2303 iis
1188 2259 1560 2318 constituantur,
1586 2259 1634 2305 in
1662 2258 1838 2321 quibus
1868 2271 2023 2322 quon-

358 2336 469 2384 dam
504 2337 714 2400 virgines
751 2337 1092 2401 praesentibus
1127 2337 1362 2385 matribus
1398 2336 1603 2384 choreas
1638 2337 1895 2394 duxerint,
1941 2351 2024 2384 ve-

358 2420 567 2476 nustate,
603 2416 865 2480 splendore
895 2415 1118 2477 vestium,
1155 2416 1336 2464 mundo
1371 2432 1481 2465 cum
1517 2417 1797 2480 aequalibus
1833 2420 2022 2465 certan-

359 2501 454 2546 teS.
524 2495 634 2544 Non
684 2500 850 2560 potest
894 2495 1193 2544 desiderium
1239 2496 1455 2560 patriae,
1503 2510 1599 2560 quo
1648 2496 1821 2559 quiea
1854 2499 2024 2543 carent

357 2574 494 2622 affici
529 2575 719 2635 solent,
757 2576 1145 2638 quotiescunque
1186 2575 1237 2623 in
1271 2576 1437 2623 littore
1472 2581 1655 2623 stantes
1689 2589 1836 2624 naves
1870 2574 1922 2623 in
1950 2573 2022 2622 al-

357 2659 462 2704 tum
495 2655 867 2719 proficiscentes
903 2656 1234 2720 conspiciunt,
1282 2655 1383 2703 ullo
1417 2655 1565 2702 modo
1598 2654 1758 2702 verius
1793 2653 2020 2718 exprimi,

358 2750 501 2798 quam
538 2734 721 2782 factum
757 2741 836 2784 est
868 2736 962 2784 hoc
995 2735 1415 2800 praestantissimo
1451 2733 1690 2794 carmine3
1723 2749 1884 2797 neque
1911 2732 2021 2782 cani

357 2813 454 2862 hoc
488 2815 597 2862 loco
635 2815 826 2878 aptiora
859 2820 1139 2879 potuerunt.

487 2893 720 2954 VenienS,
756 2895 883 2943 sicut
915 2894 1168 2959 Iphigenia
1213 2893 1482 2958 praedixit,
1531 2909 1618 2942 rex
1664 2891 2018 2957 exploraturus,

355 2987 417 3020 an
451 2986 589 3020 sacra
623 2974 721 3021 rite
754 2974 980 3037 perfecta
1015 2974 1132 3025 sint.
1165 2973 1214 3021 in
1247 2972 1413 3021 limine
1447 2972 1621 3037 templi
1648 2971 1838 3020 obviam
1870 2971 2019 3020 habet

355 3052 592 3115 virginem
628 3068 688 3100 ex
722 3053 844 3100 aede
880 3053 1059 3102 Dianae
1093 3053 1407 3102 simulacrum
1454 3054 1672 3101 manibus
1707 3049 2015 3099 efferentem.

355 3131 493 3179 Nova
540 3148 596 3179 re
642 3132 969 3196 stupefactum
1014 3133 1098 3181 illa
1142 3132 1368 3181 vitandae
1420 3131 1717 3194 contagionis
1751 3145 1923 3178 caussa
1956 3130 2016 3177 ab

356 3211 556 3262 introitu
604 3212 839 3261 recedere
885 3213 1038 3262 iubet.
1106 3212 1351 3277 Deinceps
1388 3228 1505 3276 rege
1539 3212 1716 3276 cupide
1748 3214 2018 3273 quaerente

414 3393 465 3447 9⁵)
494 3394 668 3436 Rursus
707 3393 779 3436 his
817 3396 1064 3441 ubertatem
1102 3395 1322 3440 inutilium
1368 3399 1607 3442 verborum
1640 3396 1783 3440 inesse
1822 3393 2018 3450 queritur

496 3463 550 3506 G.
580 3465 873 3508 Hermannus.
