2164 3840
1086 220 1209 279 386

319 387 464 438 quam
498 384 602 418 rem
638 366 794 416 invisa
825 366 921 416 fuit
953 366 1302 433 Aristophani,
1341 368 1423 431 qui
1455 368 1720 422 manifesto
1752 370 1882 420 hanc
1916 370 1990 420 fa-

319 452 480 503 bulam
515 448 700 498 notavit
732 446 855 498 Ran.
893 449 1048 495 1086:

446 527 511 579 οὐ
555 519 908 594 προαγωγοὺς
967 523 1210 587 κατέδειξ’
1258 515 1415 586 οὗτος
1470 525 1576 578 καὶ
1622 529 1992 590 τικτούσας

1159 602 1230 656 ἐν
1264 609 1410 666 τοῖς
1444 605 1697 670 ἰεροῖςς
1730 646 1736 657 ,,

320 688 523 736 Praeter
570 688 700 736 hunc
747 687 807 735 ad
851 688 975 736 hanc
1027 689 1327 753 tragoediam
1379 695 1705 752 respexerunt
1743 689 1991 754 Longinus

321 767 384 815 de
419 768 545 818 subl.
583 772 742 827 extr.,
780 767 1062 816 Athenaeus
1083 804 1097 827 ,
1149 768 1379 817 Clemens
1415 769 1584 830 Alex.,
1633 768 1774 818 Philo
1807 767 1910 818 lud.
1944 775 1995 816 et

321 862 443 911 quos
479 863 624 912 supra
660 846 1029 895 nominavimus.

511 1167 709 1236 xlx.
791 1168 902 1235 De
951 1166 1348 1238 dramatum
1395 1169 1804 1260 generibus,

454 1401 703 1466 Longinus
751 1403 1091 1453 excelsitatem
1138 1405 1379 1467 quandam
1427 1404 1656 1452 orationis
1695 1408 1747 1452 et
1780 1403 1997 1453 eminen-

326 1482 439 1530 tiam
474 1479 727 1546 (ἀκρότης
758 1478 849 1532 καὶ
883 1479 1032 1547 ἐξοχή
1066 1500 1145 1541 τις
1176 1481 1373 1546 λόγων)
1411 1499 1523 1532 esse
1557 1483 1782 1532 sublimia
1828 1482 1996 1531 dicens

327 1576 421 1609 non
473 1562 717 1609 indoctius
765 1562 862 1609 vim
911 1562 1220 1611 sublimitatis
1256 1563 1580 1625 descripsisse
1614 1579 1757 1626 quam
1791 1562 1998 1611 Kantius

326 1640 547 1697 videtur,
586 1641 726 1688 cuius
759 1641 997 1689 rationem
1032 1640 1304 1690 Vischerus
1340 1642 1592 1706 probavit,
1628 1642 1853 1690 sublimia
1887 1657 2000 1690 esse

327 1720 491 1768 volens
526 1736 644 1784 prae
680 1721 858 1784 quibus
904 1727 1069 1769 cetera
1103 1721 1264 1770 omnia
1298 1737 1446 1786 parva
1481 1726 1676 1769 essent:
1713 1720 1843 1783 quod
1883 1719 1999 1784 quid

329 1799 460 1848 aliud
490 1800 624 1859 dicit,
659 1816 802 1863 quam
828 1799 1054 1848 sublimia
1079 1815 1191 1848 esse
1212 1817 1339 1864 quae
1361 1815 1456 1848 non
1482 1801 1578 1849 sint
1603 1815 1748 1863 parva
1763 1800 1789 1847 ’ἔ
1824 1799 2001 1848 Restat

329 1879 475 1938 enim,
516 1879 608 1926 hac
642 1880 894 1943 proposita
928 1880 1229 1940 definitione,
1264 1885 1320 1928 ut
1355 1884 1616 1944 quaeratur
1650 1895 1815 1943 porro,
1849 1895 1999 1943 quae—

329 1973 440 2006 nam
491 1958 725 2017 sintina,
775 1975 896 2023 prae
943 1961 1118 2020 quibus
1152 1960 1341 2022 reliqua
1375 1975 1525 2023 parva
1567 1975 1679 2007 esse
1722 1960 1998 2015 videantur,

331 2043 382 2087 et
425 2054 662 2101 quaenam
706 2038 804 2086 sint
848 2043 1012 2086 cetera
1054 2039 1164 2096 illa,
1214 2039 1504 2101 quibuscum
1553 2044 1832 2102 comparata
1881 2039 1999 2087 emi-

330 2132 450 2165 nere
491 2118 718 2165 sublimia
762 2118 1112 2182 intelligantur.
1184 2119 1299 2184 Ipse
1343 2124 1508 2167 autem
1544 2117 1845 2179 Vischerus,
1887 2133 1998 2166 cum

331 2196 612 2245 sublimium
645 2196 792 2243 vellet
824 2197 919 2265 vim
958 2202 1352 2259 potestatemque
1388 2198 1685 2257 describere,
1719 2212 1879 2260 paene
1912 2212 1999 2259 pa-

331 2275 526 2324 raboles
554 2278 606 2321 et
640 2274 901 2338 allegoriae
936 2282 1156 2323 naturam
1200 2276 1380 2322 inscius
1429 2275 1703 2322 delineavit.
1770 2273 2002 2324 Perfecta

332 2355 461 2404 enim
506 2353 794 2416 infinitaque
842 2369 1005 2401 rerum
1052 2354 1244 2417 species
1294 2354 1336 2401 si
1371 2359 1619 2402 certarum
1665 2343 2000 2418 propriarum-

332 2450 428 2498 que
460 2449 626 2482 rerum
671 2434 914 2496 speciem,
961 2433 1137 2495 quibus
1186 2434 1323 2496 quasi
1371 2434 1658 2497 corporibus
1704 2433 2000 2495 includatur,

331 2515 550 2563 vinceret
584 2517 953 2577 superaretque,
987 2518 1105 2573 tum,
1140 2513 1282 2572 dixit,
1314 2513 1484 2561 sentiri
1508 2513 1643 2572 illud,
1677 2514 1810 2577 quod
1831 2513 2000 2578 appel-

333 2594 545 2643 laremus
593 2588 883 2655 sublime*).
966 2591 1173 2641 Fatetur
1219 2598 1381 2641 autem
1442 2592 1537 2640 alio
1581 2592 1691 2641 loco
1739 2594 1848 2658 ipse
1902 2608 1999 2643 non

392 2775 440 2828 ἢ
469 2773 741 2826 „Endlichcs
761 2773 850 2814 und
871 2772 1169 2815 Unendliches
1188 2773 1354 2814 decken
1373 2772 1470 2814 sich
1499 2772 1620 2815 nicht
1638 2773 1783 2822 mehr,
1812 2773 2000 2814 sondern

477 2843 619 2885 dieses
653 2844 771 2885 steht
806 2843 852 2884 in
887 2843 1033 2884 seiner
1067 2844 1201 2884 anem
1231 2844 1476 2885 Endlichen
1511 2844 1810 2899 iiberlegeuen
1841 2842 2000 2884 Grorse

474 2925 556 2954 vor
595 2926 690 2955 una.
747 2912 830 2954 Die
869 2913 1039 2955 Grenze
1070 2912 1408 2955 verschwindet.
1473 2914 1541 2954 Im
1580 2913 1849 2955 Erhabenen
1882 2913 2000 2954 steht

474 2980 546 3022 die
574 2982 677 3023 ldee
705 2982 750 3023 in
779 2981 924 3025 einem
953 2981 1189 3040 negativen
1204 2982 1473 3025 Verha'iltnil's
1500 2997 1579 3024 zur
1600 2981 1999 3038 Gegenstfindlich-

471 3050 585 3092 keit:
618 3051 696 3093 das
722 3052 935 3095 Absolute
963 3051 1183 3096 erscheint
1209 3052 1320 3093 iiber
1341 3053 1446 3105 jede
1466 3053 1776 3094 unmittelbare
1793 3051 1997 3093 Existenz

474 3118 845 3175 hinausgehoben
858 3154 868 3172 ,
899 3137 947 3165 es
974 3111 1030 3164 ist
1057 3122 1123 3176 (in
1152 3121 1230 3162 der
1258 3123 1419 3177 Kunst)
1445 3123 1472 3164 d
1485 3137 1508 3164 e
1517 3137 1540 3163 r
1577 3122 1610 3163 V
1623 3136 1647 3163 e
1657 3135 1679 3161 r
1689 3133 1710 3161 s
1721 3134 1750 3162 u
1763 3135 1786 3161 c
1795 3121 1828 3161 h
1841 3151 1854 3171 ,
1898 3120 1925 3161 d
1937 3133 1964 3162 a
1975 3133 1997 3161 s

475 3189 833 3234 Unendliche
897 3192 1361 3245 auszudriicken‚
1428 3193 1572 3234 ohne
1600 3191 1655 3233 in
1713 3191 1833 3231 dem
1886 3189 1997 3231 Be-

475 3259 638 3302 reich
668 3260 767 3302 der
796 3261 1199 3317 Erscheinung
1230 3262 1397 3304 einen
1426 3261 1738 3315 adaquaten
1776 3259 1996 3314 Gegen-

473 3333 521 3371 st
532 3342 560 3371 a
572 3343 598 3370 n
609 3330 637 3371 d
667 3345 690 3371 z
703 3344 733 3371 u
760 3331 844 3374 fin
855 3333 882 3373 d
893 3347 968 3374 en.
1027 3332 1237 3372 Erhaben
1266 3332 1337 3384 ist,
1368 3345 1461 3374 was
1490 3332 1630 3373 durch
1647 3329 1797 3370 seinen
1819 3329 1995 3371 Wider—

472 3400 638 3454 spruch
678 3415 826 3457 gegen
864 3402 942 3445 das
979 3402 1192 3444 Interesse
1231 3403 1309 3444 der
1340 3403 1472 3445 Sinne
1512 3399 1795 3443 unmittelbar
1822 3399 1996 3455 geffiflt,
