2150 3866
1160 264 1282 320 2⁰0

359 407 518 474 patria
553 421 608 455 se
639 406 750 472 ipse
782 406 978 471 privare
1015 409 1299 471 constituit,
1332 410 1540 474 gloriam
1574 411 1886 478 egregiorum
1921 414 2046 464 faci-

359 502 534 537 norum
593 502 686 551 per
738 487 935 536 labores
1003 494 1053 537 et
1106 491 1373 539 certamina
1427 490 1663 541 audacter
1712 495 2046 556 quaesiturus.

359 565 531 616 Facile
577 567 709 616 enim
756 572 894 617 caret
927 569 991 616 iis
1025 571 1174 618 rebus
1195 607 1209 630 ,
1258 586 1385 633 quae
1417 570 1510 631 iis,
1557 571 1641 634 qui
1675 572 1765 622 sibi
1798 573 2046 639 imperare

358 650 597 712 possunt,
639 647 841 697 minime
874 650 1185 699 necessariae
1219 655 1362 699 sunt.
1407 650 1572 700 cibum
1619 651 1748 700 enim
1779 658 2048 719 potumque

357 730 494 774 terra
525 725 710 791 ubique
745 728 1057 792 suppeditat3
1095 746 1420 795 quaecunque
1453 733 1619 779 autem
1655 730 1744 780 alit
1774 736 1928 815 terra,
1961 750 2045 784 ea-

360 803 475 854 dem
512 806 822 869 sapientibus
857 808 1019 871 patria
1054 814 1158 858 est.
1210 868 1216 875 ι

487 881 561 943 ὥς
592 887 868 952 πανταχοῦ
901 902 960 951 γε
991 885 1178 952 πατρὶς
1209 886 1246 955 ἦ
1281 888 1556 954 βόσκουσα
1589 889 1673 956 γῆ.

358 963 437 1012 Ex
461 965 635 1015 eadem
657 967 881 1016 oratione
905 968 1221 1032 depromtum
1246 985 1359 1020 esse
1377 971 1600 1035 suspicor
1623 970 1907 1034 fragmine.
1923 972 2047 1020 190:

502 1043 605 1111 ἐγὼ
640 1039 687 1096 δ’
720 1041 845 1111 ἐμὸς
878 1044 998 1112 εἰμί,

358 1144 457 1193 quo
492 1143 550 1176 se
583 1143 729 1176 suum
761 1128 918 1192 ipsius
957 1127 1212 1178 dominum
1248 1130 1406 1178 solum
1444 1144 1559 1179 esse
1596 1129 1725 1179 velle
1757 1129 2048 1179 adolescens

358 1209 648 1258 declararet.
700 1207 876 1272 Neque
892 1208 952 1256 ab
984 1210 1161 1258 eadem
1196 1212 1378 1260 absona
1411 1212 1491 1258 est
1515 1210 1774 1272 sententia,
1803 1225 1949 1274 quam
1974 1207 2048 1261 M.

358 1287 568 1339 Planud.
604 1289 654 1337 in
687 1286 837 1336 Rhet.
878 1287 964 1339 Gr.
1002 1289 1082 1338 ed.
1117 1289 1279 1339 Walz.
1314 1290 1378 1341 V.
1411 1306 1460 1354 p.
1495 1291 1610 1340 422.
1644 1289 1839 1341 attulit:

491 1366 525 1434 ἢ
561 1365 662 1433 γὰρ
696 1367 870 1427 καλῶς
905 1367 1000 1435 ζῆν
1031 1366 1066 1434 ἢ
1100 1369 1274 1429 καλῶς
1306 1367 1623 1434 τεθνηκέναι

497 1447 594 1499 τὸν
628 1447 817 1515 εὐγενῆ
847 1447 961 1515 χρή.

489 1531 584 1579 His
620 1530 861 1595 expositis
909 1530 971 1579 ad
1006 1530 1222 1595 primum
1265 1529 1634 1594 suscipiendum
1668 1530 1891 1580 laborem
1924 1547 2050 1596 pro-

361 1610 625 1671 ficiscitur,
659 1627 688 1659 a
724 1610 841 1660 Sole
873 1612 1141 1676 petituruS‚
1177 1614 1231 1658 ut
1265 1625 1419 1674 equos
1455 1610 1642 1659 divinos
1677 1611 1774 1659 sibi
1806 1611 2051 1677 regendos

361 1690 636 1755 permittat,
673 1707 772 1755 qua
803 1707 862 1740 re
894 1691 1174 1756 impetrata,
1210 1695 1378 1754 sperat
1417 1693 1523 1738 tum
1557 1691 1714 1754 patris
1742 1691 2050 1754 testimonio,
2122 1718 2124 1721 ·

362 1770 505 1834 quasi
538 1771 748 1836 pignore
783 1771 1014 1835 quodam,
1049 1775 1154 1820 tum
1190 1785 1280 1819 sua
1313 1770 1496 1818 virtute
1529 1783 1585 1818 se
1619 1769 1700 1819 dei
1734 1771 1891 1821 filium
1938 1786 2052 1822 esse

362 1853 742 1915 comprobatum
778 1851 855 1900 iri.

494 1930 695 1979 Pridem
731 1930 893 1980 lucem
926 1930 1110 1980 factam
1147 1946 1260 1980 esse
1297 1929 1479 1979 cecinit
1514 1930 1727 1988 chor-m,
1776 1934 1827 1980 et
1858 1934 2053 1996 partem

360 2010 462 2060 diei
513 2010 646 2059 inter
701 2009 794 2059 has
855 2010 1077 2060 actiones
1119 2011 1219 2059 iam
1267 2010 1574 2076 praeterisse
1619 2010 1902 2075 fingendum
1955 2014 2052 2060 est.

361 2091 512 2140 Unde
546 2089 749 2154 planum
785 2093 864 2138 est
898 2106 1016 2140 vera
1040 2107 1151 2139 cum
1180 2091 1311 2140 fictis
1348 2090 1563 2151 misceri,
1599 2105 1710 2139 cum
1742 2091 1891 2141 modo
1909 2089 2053 2140 fabu-

361 2169 437 2218 las
474 2185 689 2233 sequens
723 2169 993 2233 Euripides
1030 2170 1095 2218 de
1130 2171 1364 2235 quadriga
1391 2172 1529 2235 equis
1563 2172 1748 2230 iuncta,
1781 2169 1930 2219 modo
1963 2185 2054 2218 na-

360 2248 572 2298 turalem
624 2249 866 2297 rationem
911 2249 975 2297 de
1022 2251 1187 2298 sidere
1223 2251 1443 2314 cogitare
1487 2250 1737 2309 videatur,
1787 2252 1839 2298 et
1885 2247 2054 2298 Solem

358 2329 508 2377 modo
544 2328 692 2377 deum
743 2342 856 2376 esse
889 2327 1044 2391 fingat
1077 2345 1189 2377 cum
1225 2328 1394 2377 sidere
1429 2329 1746 2378 coniunctum
1781 2329 1932 2378 modo
1965 2344 2056 2378 re-

360 2425 474 2475 gem
510 2408 726 2471 aliquem
759 2408 811 2455 in
847 2406 995 2455 domo
1031 2408 1192 2457 vicina
1226 2408 1547 2458 habitantem.

493 2486 596 2536 Sed
643 2485 871 2551 profecto
918 2486 1227 2537 Phaethonte
1277 2489 1515 2536 stasimon
1561 2488 1812 2552 interponi
1843 2502 2055 2538 necesse

362 2568 487 2617 suit:
537 2582 633 2632 quo
669 2566 806 2615 finito
841 2565 1105 2631 Meropem
1141 2582 1253 2616 cum
1287 2573 1482 2616 caterva
1518 2566 1815 2617 famularum
1847 2569 1899 2617 in
1933 2582 2052 2617 sce-

362 2665 478 2699 nam
512 2646 703 2704 redire‚
751 2662 970 2710 quarum·
994 2646 1096 2695 dux
1140 2646 1328 2711 templa
1371 2648 1577 2696 deorum
1614 2648 1850 2713 deinceps
1885 2647 2053 2697 omnia

364 2745 459 2794 per
502 2729 674 2776 urbem
711 2727 893 2784 adiret,
931 2727 1311 2791 supplicaturus,
1358 2726 1508 2775 thura
1541 2742 1599 2776 ac
1635 2727 1765 2775 dona
1798 2725 2055 2776 oblaturus

364 2812 514 2872 atque
572 2807 736 2855 fausta
787 2806 972 2870 nuptiis
1029 2806 1122 2854 filii
1165 2810 1474 2870 precaturus,
1551 2807 1693 2856 Alter
1739 2808 1823 2856 hic
1873 2805 2055 2855 chorus

362 2889 516 2952 priori
550 2886 969 2950 superinducitur,
1006 2890 1058 2935 et
1090 2884 1232 2934 finita
1266 2885 1631 2949 supplicatione
1667 2885 1853 2935 famulo
1886 2901 1915 2933 a
1941 2883 2053 2934 Me·

362 2983 488 3032 rope
521 2966 839 3015 reducendus
874 2966 925 3014 in
961 2966 1161 3014 domum
1195 2965 1436 3014 traditur:
1484 2965 1617 3030 quod
1664 2966 1796 3015 idem
1839 2965 1890 3012 in
1923 2962 2053 3027 Hip-

365 3047 572 3112 polytosq
593 3051 643 3094 et
689 3046 740 3095 in
786 3044 1065 3094 Alexandro
1113 3060 1208 3094 usu
1259 3045 1409 3094 venit.
1490 3046 1630 3095 Haec
1676 3042 2055 3110 supplicantium

367 3130 566 3183 caterva
600 3130 862 3190 postquam
896 3141 988 3190 per
1011 3123 1255 3190 pulpitum
1282 3125 1536 3175 ambulans
1562 3141 1592 3174 e
1617 3126 1884 3188 conspectu
1914 3122 2051 3182 abiit,

370 3206 540 3255 statim
576 3221 702 3254 unus
739 3220 929 3264 eorum,
969 3205 1051 3268 qui
1086 3220 1194 3252 cum
1232 3203 1547 3253 Phaethonte
1578 3203 1792 3269 profecti
1826 3205 1958 3263 sunt,
1991 3201 2056 3251 ad

363 3286 687 3335 nuntiandum
733 3285 840 3332 eius
887 3284 1138 3334 interitum
1187 3283 1335 3332 redit.
1404 3284 1648 3333 Eventum
1690 3282 1908 3333 breviter
1941 3281 2052 3345 qui-

364 3365 494 3424 dem,
534 3365 623 3414 sed
644 3363 932 3428 Euripidem
959 3364 1067 3414 sine
1101 3362 1250 3413 dubio
1276 3379 1508 3428 sequena,
1544 3362 1720 3414 Cicero
1747 3361 1850 3414 Off.
1868 3361 1948 3426 ΠΙ,
1973 3362 2052 3411 25.
