2124 3860
1070 254 1193 311 342

273 401 510 454 mandatis
558 399 609 447 in
655 398 804 448 aedes
851 400 993 449 redit.
1062 400 1129 449 At
1178 400 1261 449 ille
1296 398 1423 449 Iovis
1471 401 1775 471 deorumque
1810 421 1960 472 opem

271 482 531 546 implorat,
580 483 636 527 ut
681 479 913 529 adiuvare
950 480 1151 529 consilia
1187 496 1274 528 sua
1311 487 1360 529 et
1395 497 1423 530 e
1456 483 1598 532 malis
1631 485 1830 536 tandem
1866 485 1958 534 ali·-

279 560 472 627 quando
509 559 715 607 miseros
750 559 958 609 liberare
993 560 1156 612 velint.

384 639 629 703 ‘Spatium
666 638 1034 703 longissimum,
1088 655 1182 704 quo
1218 656 1303 702 ea,
1339 655 1463 703 quae
1498 650 1784 708 praeparata
1825 649 1954 706 sunt,

278 720 629 786 perficiuntur,
678 719 892 768 carmine
937 721 1057 768 satis
1106 721 1237 769 brevi
1285 721 1542 785 expletur:
1607 723 1745 772 cuius
1792 724 1952 788 prima

277 799 484 863 stropha
536 798 753 847 continet
800 800 1121 864 navigationis
1177 816 1266 864 per
1321 817 1458 848 mare
1517 802 1826 866 tranquillum
1877 818 1958 852 se-

273 879 598 929 cundantibus
660 879 813 926 ventis
869 878 1030 927 factae
1093 880 1350 942 imaginem
1404 887 1569 930 tantae
1626 883 1956 943 amoenitatis,

272 965 503 1023 quantam
551 957 792 1020 effingere
844 959 1004 1022 potuit
1060 960 1131 1015 is,
1194 961 1277 1022 qui
1334 976 1440 1008 eam
1500 961 1795 1026 voluptatem
1847 978 1956 1010 sae-

271 1041 381 1103 pius
446 1038 556 1101 ipse
615 1044 924 1102 perceperat.
1017 1039 1340 1103 Antistropha
1396 1040 1584 1088 Helena
1642 1041 1843 1104 fingitur
1906 1041 1958 1090 in

271 1117 430 1184 patria
479 1121 610 1165 terra
662 1133 849 1180 ponens
898 1119 1126 1180 vestigia,
1178 1120 1420 1183 particeps
1468 1120 1693 1183 publicae
1741 1121 1956 1169 laetitiae

271 1198 533 1258 festorum,
570 1197 745 1260 quibus
782 1198 856 1246 vel
887 1198 1215 1262 Leucippides
1251 1199 1328 1246 vel
1362 1199 1673 1262 Hyacinthus
1705 1200 1948 1261 colantur,

272 1278 490 1327 revisens
540 1276 691 1324 filiam
740 1278 823 1326 diu
870 1278 1157 1329 desolatam.
1228 1277 1588 1327 Venustissima
1623 1295 1738 1327 vero
1775 1283 1851 1326 est
1885 1278 1956 1326 al·

272 1362 379 1406 tera
415 1356 648 1420 stropha:
684 1356 884 1405 Utinam
922 1373 1035 1405 aven
1069 1358 1231 1405 factae
1256 1374 1347 1421 per
1373 1374 1535 1405 aerem
1559 1358 1796 1415 feramur,
1831 1373 1958 1420 quae

270 1436 484 1485 hiemem
528 1436 779 1499 fugientes
826 1436 1342 1494 domicilia-mutant,
1396 1437 1504 1484 voci
1551 1439 1954 1501 obtemperantes

273 1516 444 1575 ducis,
495 1516 578 1578 qui
625 1521 888 1578 conspecta
935 1523 1064 1564 terra
1100 1518 1268 1581 aprica
1305 1522 1356 1564 et
1389 1516 1649 1565 fructifera
1687 1517 1954 1564 clamorem

273 1596 418 1646 tollit.
488 1595 530 1642 0
567 1594 811 1653 volucres,
849 1611 973 1657 quae
1008 1612 1118 1644 cum
1156 1597 1365 1644 nubibus
1403 1597 1619 1652 curritis,
1657 1600 1858 1644 evectae
1892 1596 1956 1645 ad

276 1674 507 1723 Pleiades
555 1680 604 1722 et
639 1673 891 1731 Orionem,
929 1677 1167 1737 nuntiate,
1205 1692 1313 1723 cum
1337 1675 1409 1723 -ad
1446 1676 1681 1724 Eurotam
1717 1691 1954 1740 pervene-

275 1755 400 1813 ritis,
436 1754 737 1812 Menelaum,
777 1754 987 1804 Dardani
1014 1756 1135 1803 urbe
1159 1770 1346 1812 eversa,
1384 1755 1582 1803 domum
1614 1755 1807 1806 reverti.
1863 1755 1956 1803 His

275 1835 586 1898 subiungitur
637 1835 859 1898 precatio
913 1852 1003 1899 pro
1054 1834 1274 1884 Helenae
1323 1834 1508 1882 salute:
1573 1834 1760 1883 Adsitis
1806 1849 1957 1882 curru

274 1914 403 1962 vecti
437 1912 767 1977 Tyndaridae,
803 1915 885 1977 qui
923 1916 1013 1963 sub
1049 1922 1295 1963 astrorum
1330 1914 1611 1962 micantium
1639 1913 1957 1961 conversione

271 1993 455 2056 templa
503 1993 736 2041 habitatis
775 1995 931 2056 coeli,
966 2002 1159 2043 servate
1195 1994 1433 2042 Helenam
1470 2010 1560 2058 per
1593 1993 1739 2041 maris
1775 1993 1955 2040 fluctus

271 2073 525 2121 coeruleos
591 2080 762 2120 ventos
821 2075 981 2123 nautis
1046 2090 1313 2138 prosperos
1376 2074 1439 2122 de
1493 2074 1632 2122 coelo
1681 2073 1956 2132 mittentes,

275 2151 505 2216 repellite
548 2168 575 2199 a
617 2168 792 2201 sorore
826 2154 1139 2218 ignominiam
1177 2154 1404 2201 connubii
1438 2153 1661 2211 barbari,
1712 2168 1955 2214 nunquam

268 2231 402 2279 illam
436 2231 573 2278 llium
611 2231 776 2278 adisse
810 2248 971 2294 neque
1011 2232 1334 2280 certaminum
1371 2232 1695 2279 Troianorum
1731 2245 1954 2278 caussam

271 2308 427 2359 fuisse
460 2310 661 2375 aperite.

403 2389 628 2438 Narratio
663 2389 738 2437 rei
770 2394 940 2451 gestae
974 2389 1198 2438 omnibus
1237 2388 1454 2436 numeris
1483 2393 1736 2453 praestans
1765 2392 1815 2435 et
1836 2402 1952 2452 per-

271 2467 402 2518 fecta
448 2474 540 2518 est.
611 2468 736 2516 Dum
770 2485 943 2517 navem
979 2467 1214 2533 Aegyptii
1250 2467 1496 2516 deducunt
1531 2474 1830 2530 ornantque,
1869 2482 1951 2516 so-

270 2548 375 2598 cios
424 2549 634 2597 arcessit
680 2548 971 2597 Menelaus:
1019 2563 1142 2611 quos
1190 2547 1442 2595 venientes
1476 2547 1612 2610 quasi
1647 2547 1838 2609 ignotos
1873 2562 1951 2595 sa-

266 2628 395 2678 lutat
429 2633 478 2676 et
514 2627 700 2691 navigio
746 2629 925 2692 recipit
958 2628 1290 2687 lacrimantes,
1329 2643 1477 2690 aegre
1512 2626 1708 2689 quidem
1745 2624 1952 2675 ferenti-

268 2709 363 2757 bus
398 2708 636 2766 barbaris,
674 2707 780 2764 sed,
818 2708 948 2771 quod
986 2708 1191 2756 obedire
1226 2707 1295 2754 illi
1335 2706 1454 2753 iussi
1482 2712 1637 2764 erant,
1675 2706 1948 2754 silentibus.

270 2786 459 2836 Deinde
494 2803 604 2834 cum
640 2787 764 2834 dona
801 2788 908 2834 navi
945 2788 1331 2850 imponerentur,
1365 2792 1531 2834 taurus
1567 2785 1807 2850 mugienS,
1845 2789 1948 2834 tru-
2005 2795 2015 2806 ⁰

268 2866 409 2914 cibus
461 2867 650 2927 oculiS,
702 2866 895 2915 sublato
931 2868 1078 2915 dorso
1113 2866 1475 2927 reluctabatur,
1513 2881 1688 2928 quem,
1724 2864 1951 2912 hortante

269 2943 506 2994 Menelao
530 2979 544 3002 ‚
594 2945 772 2993 Graeci
807 2947 1002 2995 iuvenes
1038 2952 1315 3010 correptum
1353 2946 1696 3006 sublatumque
1728 2943 1948 2991 humeris

271 3024 496 3072 tabulato
554 3025 853 3084 iniecerunt;
918 3042 1095 3090 equum
1151 3026 1260 3088 ipse
1318 3025 1644 3074 demulcendo
1686 3011 1948 3071 ‘cervicem

270 3103 611 3167 frontemque,
661 3110 717 3152 ut
764 3106 1132 3170 ingrederetur,
1189 3106 1447 3168 permovit.
1525 3104 1709 3152 Ultima
1754 3101 1948 3151 Helena

267 3183 317 3231 in
373 3199 542 3232 navem
592 3184 816 3231 ascendit
863 3189 914 3233 et
951 3187 998 3234 in
1033 3186 1260 3234 transtris
1309 3183 1548 3234 consedit.
1632 3182 1949 3245 occuparunt

271 3263 451 3312 Graeci
503 3263 680 3328 partim
718 3264 917 3312 dextros
952 3265 1128 3330 partim
1167 3264 1394 3313 sinistros
1429 3263 1675 3326 parietes,
1709 3261 1782 3308 vir
1812 3260 1948 3308 iuxta

270 3343 425 3392 virum
474 3343 734 3403 sedenteS,
793 3344 978 3407 gladios
1027 3344 1118 3392 sub
1166 3345 1386 3392 vestibus
1432 3342 1650 3391 occultos
1694 3340 1948 3392 babentes.

270 3419 401 3490 Tum
448 3438 572 3472 voce
617 3423 950 3473 adhortatoris
1002 3423 1163 3472 audita
1197 3423 1349 3472 remis
1382 3422 1577 3473 barbari
1610 3419 1948 3480 incubuerunt,
