2202 3892
1145 285 1269 344 264

370 439 475 484 tum
510 436 618 492 est,
668 434 720 480 et
752 431 965 497 populus
999 432 1110 497 ipse
1146 432 1521 483 Atheniensium
1555 440 1782 501 spectans
1816 437 2066 505 Euripidis

374 511 700 580 tragoediam,
742 527 850 560 cum
889 516 1184 562 canerentur
1217 512 1326 561 illa:

509 588 729 648 ἐκάνετ’,
766 586 974 642 ἐκάνετε
1005 589 1103 641 τὰν
1136 591 1438 654 πάνσοφον,
1477 584 1519 643 ὦ
1553 594 1782 660 Δαναοί,

511 669 617 722 τὰν
653 668 829 722 οὐδέν’
867 671 1209 738 ἀλγύνουσαν
1243 672 1449 737 ἀηδόνα
1483 675 1737 738 Μουσᾶν,

384 752 633 804 desiderio
670 752 889 802 Socratis
936 755 1118 803 iniuste
1153 757 1314 803 necati
1352 761 1527 820 captus
1572 756 1936 805 collacrimasse
1966 762 2067 806 tra-

381 833 524 882 ditur
539 829 609 898 *).
678 831 904 881 Fuerunt
940 835 1084 882 etiam
1123 835 1230 898 qui,
1267 842 1488 900 temprm,
1527 852 1622 899 quo
1657 834 2069 900 primumfabula

379 914 566 977 scripta
604 918 698 971 est,
735 913 1034 977 ignorantes,
1071 915 1167 962 hoc
1202 916 1310 979 ipso
1342 917 1546 963 consilio
1581 916 1711 964 illam
1749 917 1972 964 dicerent
2006 915 2067 963 ab

373 992 620 1057 Euripide
645 993 969 1057 compositam
998 1009 1127 1055 esse,
1154 1001 1206 1042 ut
1232 995 1608 1044 iniustissimum
1632 995 1852 1045 Socratis
1879 994 2068 1060 suppli-

375 1073 505 1122 cium
547 1073 735 1120 civibus
772 1070 1205 1136 exprobraret**).
1276 1074 1350 1122 Ex
1403 1091 1499 1138 quo
1536 1076 1829 1139 intelligitur
1871 1082 2067 1124 auctam

378 1168 494 1201 esse
520 1153 668 1202 huius
698 1153 982 1214 tragoediae
1008 1153 1200 1202 laudem
1219 1153 1437 1202 Socratis
1462 1163 1639 1215 morte,
1667 1162 1960 1220 partemque
1981 1154 2070 1203 ad-

379 1231 680 1290 mirationis,
720 1248 814 1294 qua
855 1233 936 1281 bic
974 1233 1299 1296 afficiebatur,
1339 1236 1398 1283 ad
1438 1235 1750 1283 Palamedem
1789 1234 2068 1284 redundas-

376 1328 432 1361 se
448 1309 581 1375 ***).
635 1311 789 1360 Cuius
819 1312 1156 1361 admirationis
1173 1314 1450 1378 exemplum
1471 1323 1547 1363 est
1565 1315 1692 1379 apud
1718 1314 2069 1364 philostratum

375 1390 501 1442 Her.
538 1406 584 1454 p.
619 1394 729 1442 65¹1.
767 1392 983 1455 agricola
1019 1392 1102 1440 ille
1138 1394 1343 1453 Iliensis,
1391 1395 1473 1458 qui
1509 1394 1787 1442 Palamedis
1819 1394 2068 1442 calamita-

373 1476 477 1521 tem
523 1471 786 1536 deplorans
821 1471 1106 1535 frequentat
1143 1474 1335 1536 locum,
1370 1474 1418 1522 in
1455 1490 1551 1537 quo
1588 1474 1844 1522 dicebatur
1879 1473 2066 1538 lapida-

374 1556 454 1601 tus
505 1567 649 1611 esse,
712 1551 1016 1616 inferiasque
1060 1552 1229 1601 obfert
1284 1559 1337 1602 et
1382 1554 1601 1617 quotidie
1650 1554 1804 1602 finitis
1851 1552 2067 1618 negotiis

375 1647 490 1680 cum
539 1631 807 1679 Palamede
855 1633 1024 1680 bibere
1072 1634 1168 1681 sibi
1213 1633 1443 1694 videtur,
1494 1633 1637 1681 simul
1688 1633 1816 1682 male
1848 1637 2067 1682 tractans
2152 1665 2156 1667 >

375 1727 576 1771 canem,
637 1713 715 1759 cui
761 1727 938 1761 nomen
986 1713 1225 1775 imposuit
1271 1712 1484 1776 Ulyssis.
1572 1710 1852 1761 Verissime
1902 1717 2068 1760 autem

375 1791 738 1855 Aristophanes
772 1790 910 1851 Rau.
948 1794 1091 1840 1450.
1133 1792 1424 1858 Euripidem
1476 1808 1586 1840 cum
1623 1791 1886 1840 Palamede
1932 1806 2068 1839 com-

373 1871 596 1936 paravit,
646 1887 794 1934 quum
843 1872 954 1935 ipse
990 1872 1208 1935 nequitia
1244 1872 1531 1937 malitiaque
1566 1872 1801 1936 Ulyssem
1837 1885 2072 1936 superare

377 1950 618 1999 studeret.
689 1951 843 2000 Cuius
881 1952 1143 2001 latratibus
1178 1954 1444 2018 Euripides
1478 1969 1657 2016 neque
1686 1952 1820 1999 vivus
1856 1965 2070 2014 unquam

375 2033 541 2078 motus
591 2046 751 2092 neque
798 2038 1023 2079 mortuus
1061 2032 1222 2081 laesus
1260 2040 1365 2090 est,
1418 2033 1577 2080 donec
1613 2031 1795 2079 nostris
1830 2029 2070 2095 tempori-

374 2111 469 2159 bus
518 2110 843 2170 exstiterunt,
890 2110 973 2171 qui
1022 2128 1190 2158 canem
1244 2113 1478 2158 lusciniae
1525 2115 1883 2172 anteponentes
1910 2115 2069 2172 ¹atque

375 2188 448 2236 illi
483 2189 820 2237 auscultantes
856 2190 1161 2236 verissimam
1192 2189 1288 2236 sibi
1311 2189 1572 2237 Musarum
1610 2197 1723 2236 sunt
1751 2193 1920 2237 Vocem
1950 2203 2068 2251 per-

377 2269 545 2334 cipere
591 2268 697 2316 visi.
768 2267 832 2315 Et
875 2268 1308 2315 vehementissimo
1355 2268 1541 2331 impetu
1585 2283 1731 2314 canes
1767 2284 1880 2315 esse
1913 2267 2069 2314 furio-

378 2364 466 2397 sos
512 2348 562 2396 in
611 2346 903 2412 Euripidem
943 2347 1135 2394 irruere
1172 2346 1345 2393 solitos
1383 2362 1443 2394 ex
1480 2360 1540 2393 eo
1577 2345 1901 2411 intelligitur,
1938 2345 2069 2408 quod

377 2445 551 2478 canum
587 2428 845 2476 laniatibus
880 2433 1136 2490 postremo
1170 2426 1398 2473 interisse
1423 2426 1651 2475 traditur.
1704 2424 1892 2474 Verum
1915 2425 2069 2473 enim-

376 2524 495 2558 vero
532 2524 678 2556 nemo
714 2523 927 2569 unquam
964 2523 1067 2554 rem
1106 2521 1298 2566 novam,
1334 2521 1557 2569 magnam
1596 2505 1864 2568 utilemque
1897 2505 1947 2552 iu
1974 2504 2069 2554 ho-

376 2589 567 2639 minum
603 2588 750 2635 vitam
787 2586 983 2647 intulit,
1021 2586 1137 2651 quin
1173 2586 1303 2633 idem
1341 2586 1671 2648 experiretur,
1707 2591 1758 2633 et
1792 2582 1952 2632 sanari
1986 2597 2068 2631 so-

374 2668 449 2717 let
499 2668 699 2717 domino
762 2667 1024 2716 interemto
1078 2666 1229 2714 etiam
1265 2680 1439 2713 canum
1489 2663 1658 2724 furor,
1710 2679 1806 2726 quo
1840 2668 2069 2726 tempore

379 2748 600 2796 ululatus
638 2764 809 2796 eorum
847 2754 900 2796 et
932 2747 1156 2811 gannitus
1191 2744 1577 2793 desiderantium
1615 2759 1757 2803 eum,
1795 2758 1941 2805 quem
1975 2740 2070 2805 ipsi

377 2814 638 2889 laniarunt,
671 2843 822 2892 saepe
855 2844 952 2877 non
987 2828 1145 2876 minus
1182 2840 1298 2873 acer
1333 2840 1463 2886 esse,
1498 2840 1642 2888 quam
1677 2827 1822 2871 antea
1842 2821 2070 2881 laniatus,

379 2907 520 2956 solet.

435 3059 486 3114 ⁴³)
518 3059 586 3101 Cf.
622 3059 794 3102 Welck.
829 3075 870 3115 p.
890 3059 990 3102 507.
1026 3062 1115 3101 not.
1140 3062 1184 3100 et
1217 3058 1345 3099 Iahn.
1378 3073 1421 3112 p.
1457 3056 1513 3098 10
1544 3071 1631 3110 seq.
1658 3053 1933 3105 Schmin-sp.
1966 3048 2064 3090 106.

527 3128 716 3185 Argum.
743 3132 877 3171 lsocr.
909 3129 1057 3172 Busir.
1091 3143 1133 3183 p.
1169 3127 1267 3168 220.
1338 3128 1570 3170 Adsentior
1611 3126 1688 3176 iis,
1727 3122 1799 3178 qui
1837 3122 1924 3162 hoc
1957 3133 2066 3162 vere

522 3200 725 3242 evenisse
754 3205 965 3251 statuunt,
1001 3213 1102 3240 cum
1130 3198 1292 3241 iterum
1327 3199 1483 3240 fabula
1519 3200 1810 3252 spectaretur.

407 3270 488 3324 ³⁵²²)
518 3269 707 3326 Diogen.
731 3269 880 3312 Laert.
907 3270 966 3322 11,
985 3268 1055 3321 23,
1073 3267 1146 3310 44.
1187 3269 1352 3311 Auctor
1375 3282 1551 3324 argum.
1582 3269 1715 3307 lsocr.
1739 3259 1887 3304 Busir.
1908 3257 2065 3314 p.247.

523 3340 665 3382 Bekk.
690 3341 754 3393 (p.
777 3337 913 3393 220.).
1673 3331 1675 3333 ’

381 3410 486 3466 ἰὴΜ)
524 3412 743 3453 Vasorum
767 3423 945 3463 quoque
967 3409 1165 3464 picturas
1186 3407 1415 3462 Euripidis
1438 3407 1641 3450 fabulam
1665 3401 1833 3447 imitari
1858 3399 2069 3444 Welcke-

523 3486 600 3524 rus
634 3495 679 3536 p.
708 3477 806 3523 509.
840 3483 928 3524 not.
961 3478 1345 3523 commemoravit.
