2170 3866
1177 266 1299 324 436

403 431 488 467 ces
521 413 833 477 Argivorum,
867 411 1109 477 simulque
1134 412 1185 461 in
1221 428 1277 462 se
1309 426 1423 462 esse
1457 411 1632 479 culpae
1665 413 1924 464 maximam
1963 429 2077 478 par-

403 504 502 544 tem
536 492 894 555 intelligentes,
944 492 1006 541 ad
1055 493 1383 541 ulciscendam
1423 494 1567 558 pueri
1601 497 1806 542 mortem
1841 494 2078 543 interfici-

403 575 681 636 endumque
739 571 1030 620 draconem.
1061 573 1286 621 certatim
1349 571 1671 630 contendunt;
1727 573 1790 622 cf.
1843 574 1968 625 Stat.
2014 573 2078 635 V,

403 654 704 702 556—587.
774 651 1065 717 interposito
1100 668 1272 701 rursus
1309 653 1475 710 choro,
1511 659 1759 701 certamen
1795 653 1936 716 quale
1969 653 2080 702 fue-

402 734 469 781 rit
502 736 553 780 et
588 747 846 795 quemnam
894 732 1121 780 habuerit
1161 739 1420 791 eventum,
1457 731 1718 795 exponitur
1732 731 1801 794 *).
1872 732 1949 780 Ex
1983 733 2076 781 hac

403 812 679 861 narratione
713 811 922 875 petitum
957 829 1068 860 esse
1095 812 1306 860 arbitror
1329 812 1678 875 fragmentum,
1715 811 1843 875 quod
1869 812 2079 861 Bekkeri

402 892 591 941 Anecd.
628 908 678 953 p.
715 893 826 949 362,
866 894 911 939 ⁷.
949 891 1107 939 inest:

535 968 828 1033 δράκοντος
863 968 1174 1032 αἱματωπὸν
1209 971 1367 1033 ὄμμα.

404 1051 599 1107 Restat,
631 1056 685 1098 ut
719 1051 863 1099 etiam
900 1051 1208 1115 Hypsipylen
1235 1049 1405 1113 Argivi
1439 1067 1466 1097 a
1494 1050 1736 1116 supplicio
1762 1054 1917 1098 tutam
1937 1064 2081 1114 prae-

405 1135 538 1179 stent
571 1145 735 1178 coram
771 1147 890 1194 rege
925 1137 976 1179 et
1008 1132 1178 1195 regina
1212 1146 1435 1177 caussam
1472 1131 1576 1178 eius
1606 1129 1931 1178 defendendo.
1984 1129 2079 1177 lta-

405 1226 501 1273 que
547 1210 774 1272 precibus
812 1210 954 1258 illius
1003 1211 1402 1274 obtemperantes
1455 1225 1625 1257 omues
1672 1210 1732 1257 ad
1767 1209 1915 1257 aedes
1951 1208 2081 1270 regis

405 1306 515 1337 cum
551 1289 724 1336 funere
760 1304 815 1336 se
850 1287 1128 1347 conferunt,
1164 1296 1215 1337 et
1249 1295 1463 1337 mutatur
1483 1304 1630 1336 scena
1658 1288 1809 1336 choro
1832 1288 2080 1352 profecto.

537 1367 811 1432 Lycurgus,
845 1367 974 1430 quod
1012 1368 1261 1415 oraculum
1299 1383 1410 1415 eum
1448 1367 1603 1431 prima
1624 1368 1799 1415 funera
1824 1369 1963 1416 'bello
1996 1367 2081 1416 da-

404 1454 567 1495 turum
615 1463 727 1494 esse
774 1446 1112 1507 praedixerat,
1159 1448 1446 1495 societatem
1495 1446 1610 1495 belli
1653 1447 1894 1494 abnuebat
1929 1445 2079 1507 (Stat.

406 1527 470 1585 V,
504 1529 601 1574 643
637 1523 816 1589 seqq).
897 1526 1339 1589 Appropinquante
1382 1526 1534 1589 igitur
1577 1525 1827 1584 exercitu,
1889 1541 1951 1573 ne
1998 1540 2081 1573 co-

406 1614 606 1672 geretur
638 1607 836 1663 invitus,
870 1620 898 1651 a
932 1605 1080 1652 domo
1116 1604 1331 1667 fugerat,
1367 1611 1418 1652 et
1451 1604 1582 1652 forte
1617 1604 1667 1652 in
1701 1604 1883 1653 montis
1907 1604 2082 1652 Persei

405 1687 591 1735 vertice
637 1685 791 1732 sacris
841 1691 1074 1747 operatus
1118 1684 1305 1732 hostias
1358 1683 1459 1731 Iovi
1504 1684 1756 1732 avertendi
1789 1683 1876 1732 fati
1911 1699 2083 1732 caussa

407 1765 707 1814 immolabat.
776 1763 928 1827 Regis
962 1763 1110 1827 igitur
1142 1763 1252 1811 loco
1286 1764 1456 1827 regina
1492 1763 1681 1810 obviam
1715 1763 1879 1811 funeri
1910 1779 1972 1812 ex
1998 1779 2081 1812 ae-

408 1845 555 1894 dibus
616 1843 961 1908 progreditur,
1020 1847 1072 1890 et
1129 1851 1395 1907 conspecto
1452 1859 1662 1907 corpore
1704 1843 1950 1891 trucidato
1998 1859 2082 1892 co-

407 1925 642 1989 gnitaque
677 1923 850 1971 mortis
887 1937 1088 1984 caussa,
1130 1923 1176 1969 in
1213 1939 1338 1978 eam,
1376 1924 1512 1971 cuius
1549 1938 1697 1971 curae
1732 1923 2084 1986 custodiaeque

407 2003 568 2052 infans
605 2003 898 2051 commissus
937 2008 1057 2060 erat,
1096 2003 1217 2049 iram
1254 2002 1488 2050 effundit:

537 2110 604 2118 --
771 2081 875 2129 Illa
910 2089 1084 2129 autem
1118 2082 1344 2142 ubinam,
1382 2082 1469 2131 cui
1493 2097 1663 2147 parva
1699 2083 1892 2130 cruoris

538 2160 774 2209 Laetave
809 2160 999 2209 damna
1033 2163 1174 2210 mei?
1207 2163 1441 2211 vivitne?
1475 2162 1726 2226 impellite
1759 2167 1983 2226 raptam,

542 2239 704 2287 Ferte
738 2241 834 2287 citi
866 2243 1110 2288 comites!
1130 2243 1270 2303 faxo
1306 2243 1468 2288 omnis
1488 2241 1681 2302 sabula
1714 2239 1902 2288 Lemni

539 2318 617 2367 Et
645 2323 804 2383 pater
840 2325 892 2366 et
925 2317 1159 2366 tumidae
1191 2320 1400 2382 generis
1437 2317 1712 2366 mendacia
1745 2318 1886 2366 sacri

537 2397 869 2447 Exciderint.
941 2397 1059 2445 Ibat
1094 2398 1353 2463 letumque
1387 2398 1584 2461 inferre
1616 2397 1841 2461 parabat

541 2478 688 2526 Eme
709 2478 901 2541 furens
935 2482 1121 2542 rapto”
1157 2484 1253 2527 etc.

411 2558 659 2606 Obiiciuut
681 2573 735 2605 se
759 2556 917 2605 furori
943 2556 1096 2605 duces
1124 2557 1430 2620 Argivorum,
1456 2555 1693 2619 imprimis
1710 2555 1968 2619 Capaneus
1981 2550 2078 2618 **).

467 2746 518 2800 >F)
551 2747 677 2788 Haec
703 2745 876 2787 imitata
905 2750 971 2788 est
998 2745 1170 2801 pictura
1190 2746 1459 2800 amphorae,
1491 2758 1625 2799 quam
1653 2744 2003 2786 Winckelmann.
2034 2742 2079 2784 in

551 2830 746 2857 monum.
788 2821 873 2857 ant.
914 2816 1026 2858 ined.
1069 2817 1208 2858 T.11.
1251 2830 1290 2856 n.
1332 2815 1399 2857 83.
1443 2816 1617 2857 curavit
1655 2814 1952 2862 reddendam,
2006 2811 2081 2866 qui

549 2885 722 2928 fallitur
762 2886 816 2926 de
858 2886 1024 2926 Cadmo
1055 2885 1266 2942 cogitans,
1325 2885 1579 2927 Ostenditur
1624 2884 1740 2926 enim
1781 2884 2081 2925 Archemorus

548 2954 645 2997 sive
674 2954 903 3008 Opheltes,
931 2955 1144 3009 serpentis
1170 2954 1355 2996 nexibus
1383 2955 1538 3005 elisus3
1570 2955 1809 2996 ostenditur
1829 2952 2080 3009 Hypsipyle

552 3024 696 3079 passis
732 3024 940 3065 manibus
976 3026 1178 3067 dolorem
1205 3025 1486 3081 significans3
1527 3025 1682 3067 adsunt
1711 3022 1898 3077 denique
1927 3023 2078 3077 plures

550 3094 711 3134 heroes
741 3107 937 3149 pugnam
969 3093 1177 3136 ineuntes.

441 3162 516 3218 >l‘’⁸‘)
555 3163 784 3217 Mythogr.
808 3164 863 3210 ll,
890 3161 992 3204 141:
1026 3165 1155 3218 „Qua
1183 3163 1370 3206 orbitate
1397 3178 1490 3206 rex
1518 3163 1673 3213 iratus,
1704 3162 1810 3204 dum
1839 3161 1883 3201 in
1914 3158 2078 3215 Hypsi-

548 3234 682 3288 pylen
709 3233 778 3273 ius
804 3233 973 3274 domini
1001 3235 1136 3275 vellet
1165 3246 1372 3276 exercere
1411 3247 1597 3287 eamque
1634 3231 1731 3274 filio
1758 3229 1941 3271 inferias
1971 3228 2076 3270 mit·
2123 3286 2127 3289 Ι

548 3305 666 3352 tere,
710 3302 961 3355 prohibitus
984 3306 1055 3345 est
1081 3315 1108 3344 a
1138 3301 1365 3345 Graecis.''
1420 3304 1510 3346 Sed
1538 3302 1740 3358 reginam
1765 3313 1846 3353 pro
1875 3313 1985 3355 rege
2016 3298 2072 3339 de

550 3370 647 3411 iure
693 3385 794 3413 cum
840 3371 1020 3428 Argivis
1066 3372 1335 3414 contendisse
1400 3372 1600 3428 picturae
1653 3383 1864 3414 vasorum
1927 3370 2076 3423 plures

547 3440 789 3483 ostendunt.
