2150 3866
1075 276 1198 332 218

292 418 389 467 lam
424 423 476 467 et
509 416 715 467 Ovidius
750 425 800 468 et
834 419 962 469 Ciris
996 428 1168 470 auctor
1209 422 1499 474 retulerunt.
1566 425 1664 474 Pro
1711 426 1835 474 turri
1867 424 1970 473 Eu-

290 496 498 561 ripidem
533 502 667 546 tecto
701 498 897 549 aedium
932 501 1193 563 regiarum,
1229 501 1359 551 sicut
1393 502 1443 552 in
1477 503 1794 566 Phoenissis,
1827 521 1970 554 usum

291 576 449 625 fuisse
495 577 732 638 arbitror,
787 596 937 644 quum
982 579 1353 646 τειχοσκοπίαν
1395 583 1635 649 fingeret,
1697 584 1970 634 Homerum

293 656 502 705 imitans.

423 735 632 803 „Regia
666 739 825 786 turris
861 745 974 788 erat
1010 742 1270 791 vocalibus
1306 741 1493 790 addita
1526 742 1688 790 muris
1721 748 1820 792 etc.

424 815 602 883 Saepe
637 817 764 866 illuc
797 819 955 868 solita
990 827 1066 869 est
1102 821 1385 871 ascendere
1404 822 1533 889 filia
1571 820 1696 870 Nisi

426 896 586 955 Tunc,
620 913 775 962 quum
803 914 915 964 pax
950 907 1095 950 esset.
1163 901 1317 950 Bello
1351 917 1549 968 quoque
1585 917 1746 967 saepe
1777 899 1973 950 solebat

422 975 681 1044 Spectare
717 993 782 1026 ea·
818 978 911 1026 illa
943 979 1107 1044 rigidi
1139 982 1431 1031 certamina
1470 979 1680 1031 Martis.

423 1056 905 1131 Iamque-mora
940 1058 1110 1108 belli
1146 1077 1508 1127 procerum
1555 1075 1814 1128 quoque
1857 1075 1972 1108 no-

1082 1142 1261 1190 mina
1305 1157 1425 1191 nor
1444 1147 1514 1191 at

422 1217 580 1266 Arm
598 1233 723 1284 aqu
744 1235 773 1267 e
800 1235 1136 1287 equosque
1159 1221 1570 1289 hab-itusque
1595 1218 1973 1286 Cydoneas-

1078 1316 1205 1366 que
1244 1301 1649 1367 pharetras.

425 1375 662 1426 Noverat
698 1383 822 1428 ante
858 1379 988 1429 alios
1007 1381 1211 1444 faciem
1246 1380 1392 1431 ducis
1424 1380 1705 1447 Europaei

419 1457 543 1506 Plus
579 1459 755 1520 etiam,
791 1476 945 1526 quam
980 1476 1128 1510 nosse
1159 1467 1244 1510 sat
1280 1467 1374 1514 est.
1429 1460 1553 1511 Hac
1578 1458 1754 1508 iudice
1782 1457 1970 1520 Minos,

418 1536 530 1586 Seu
565 1544 721 1603 caput
759 1538 1037 1589 abdiderat
1077 1541 1298 1589 cristata
1332 1539 1532 1590 casside
1559 1540 1766 1606 pennis,

422 1617 487 1667 In
519 1618 678 1684 galea
698 1620 962 1683 formosus
999 1626 1149 1679 erat;
1189 1624 1604 1686 seusumpserat
1640 1635 1763 1668 aere

422 1697 733 1762 Fulgentem
769 1700 1020 1765 clypeum,
1061 1700 1295 1766 clypeum
1328 1700 1603 1766 sumpsisse
1636 1697 1871 1748 decebat.

431 1778 676 1840 Torserat
714 1778 957 1828 adductis
989 1779 1206 1829 hastilia
1229 1781 1385 1838 lenta
1419 1779 1666 1829 lacertis.-

418 1858 699 1908 Laudabat
733 1860 880 1925 virgo
913 1860 1147 1909 iunctam
1184 1876 1298 1910 cum
1330 1859 1526 1910 viribus
1560 1864 1742 1908 artem.

419 1938 668 2005 Imposito
695 1940 910 2005 patulos
946 1941 1148 1990 calamo
1181 1942 1488 1990 sinuaverat
1525 1954 1709 1989 arcus.-

419 2018 513 2068 Sic
546 2018 808 2068 Phoebum
841 2022 1022 2070 sumtis
1056 2021 1266 2071 iurabat
1298 2028 1442 2070 stare
1473 2019 1698 2086 sagittis.

418 2099 585 2162 Quum
619 2115 740 2149 vero
761 2101 966 2165 faciem
1000 2100 1209 2168 dempto
1243 2099 1541 2151 nudaverat
1577 2115 1720 2160 aere,

416 2179 817 2246 Purpureusque
851 2181 957 2230 albi
989 2183 1169 2231 stratis
1204 2181 1436 2248 insignia
1463 2179 1626 2246 pictis

425 2258 595 2325 Terga
623 2259 897 2326 premebat
933 2262 1054 2326 equi
1083 2263 1484 2327 spumantiaque
1518 2274 1612 2308 ora
1645 2253 1891 2321 regebat.-

427 2338 526 2389 Via·
558 2356 672 2397 sua,
707 2341 797 2388 vix
829 2355 995 2388 sanae
1027 2341 1174 2406 virgo
1211 2339 1399 2389 Niseia
1433 2353 1635 2404 compos

422 2419 620 2469 Mentis
655 2425 786 2468 erat.
859 2419 1017 2468 Felix
1052 2421 1297 2479 iaculum,
1334 2418 1469 2487 quod
1501 2419 1747 2482 tangeret
1781 2412 1888 2472 ille,

420 2500 666 2566 Quaeque
692 2516 853 2549 manu
878 2507 1147 2567 premeret
1168 2501 1362 2565 felicia
1384 2501 1551 2565 frena
1584 2493 1822 2546 vocabat.

420 2580 654 2646 Impetus
689 2588 766 2630 est
801 2581 883 2629 illi
917 2580 1100 2645 (liceat
1133 2579 1304 2644 modo)
1327 2581 1482 2644 serre
1510 2592 1610 2643 per
1647 2588 1835 2641 agmen

427 2660 698 2726 Virgineos
732 2661 918 2710 hostile
948 2660 1147 2727 gradus
1159 2680 1181 2719 ;
1223 2666 1299 2709 est
1332 2661 1557 2725 impetus
1592 2656 1675 2705 illi

426 2740 672 2789 Turribus
707 2757 736 2789 e
768 2741 977 2790 summis
1011 2742 1067 2790 in
1104 2741 1296 2790 Gnosia
1329 2740 1540 2788 mittere
1575 2749 1758 2802 corpus

423 2820 624 2881 Castra,
657 2821 742 2869 vel
777 2826 989 2870 aeratas
1021 2821 1159 2870 hosti
1189 2819 1462 2869 recludere
1492 2823 1688 2885 portas,

427 2901 519 2950 Vel
551 2901 600 2949 si
631 2899 757 2967 quid
795 2899 968 2950 Minos
1003 2899 1153 2950 aliud
1183 2901 1310 2949 velit
1345 2896 1478 2948 etc.'’

287 2981 428 3031 ovid.
463 2997 511 3029 v.
547 2981 610 3027 14
644 2996 780 3044 seqq.
829 2980 907 3031 Cf.
944 2980 1046 3033 Cir.
1081 2997 1126 3030 v,
1161 2982 1460 3028 171—177.

417 3060 655 3109 Retracta
688 3077 750 3110 ex
783 3067 918 3110 tecto
951 3078 1043 3126 per
1073 3061 1311 3110 nutricem
1343 3059 1508 3124 Scylla
1543 3057 1696 3106 choro
1718 3054 1966 3120 prodeun-

287 3142 406 3190 dum
438 3139 565 3199 fuit,
613 3154 759 3202 quem
811 3157 873 3190 ex
908 3140 1173 3207 virginibus
1214 3139 1501 3204 aequalibus
1535 3142 1682 3200 atque
1714 3133 1966 3183 familiari-

288 3221 382 3270 bus
417 3219 703 3269 constitisse
737 3237 948 3270 necesse
984 3226 1080 3269 est.

419 3299 539 3348 Post
583 3300 824 3363 parodum
867 3315 1039 3350 rursus
1083 3297 1298 3363 Scyllam
1348 3314 1461 3347 cum
1507 3295 1700 3346 nutrice
1737 3292 1967 3358 prodisse

289 3381 519 3430 arbitror.
588 3377 846 3428 Materiam
894 3383 1057 3429 autem
1103 3378 1335 3443 colloquii
1379 3378 1431 3427 in
1462 3377 1541 3425 his
1576 3373 1707 3423 Giris
1739 3371 1964 3422 versibus

291 3458 617 3525 deprendisset
652 3459 770 3508 mihi
804 3459 1001 3509 videor:
