2170 3848
1206 242 1286 298 74

550 387 625 436 Et
655 388 983 452 properantis
1018 403 1184 453 aquae
1219 403 1317 454 per
1354 404 1590 437 amoenos
1623 389 1839 440 ambitus
1875 407 2041 457 agrae,

547 467 659 515 Aut
677 467 880 529 flumen
911 465 1147 515 Rhenum
1183 474 1273 516 aut
1302 469 1509 533 pluvius
1544 467 1846 519 describitur
1879 486 2042 520 arcus.

548 543 679 594 Sed
710 561 880 595 nunc
913 562 1034 595 non
1069 553 1214 596 erat
1247 548 1350 595 his
1382 548 1589 598 locus.
1647 549 1962 614 Etsortasse
1986 566 2072 599 cu·

1192 643 1423 693 pressum

548 702 664 753 Scis
694 704 970 753 siaenulare:
1005 705 1131 771 quid
1163 707 1270 766 hoc,
1305 707 1354 755 si
1370 709 1566 772 fractis
1600 713 1782 757 enatat
1817 724 1999 774 exspes

550 781 799 844 NavibuS,
835 800 959 833 aere
993 784 1115 834 dato
1148 787 1237 852 qui
1260 788 1538 853 pingitur?
1601 788 1865 854 Amphora
1909 789 2075 853 coepit

549 862 797 912 Institui:
833 870 1071 914 currente
1102 872 1219 914 rota
1254 882 1344 914 cur
1377 884 1562 917 urceus
1598 865 1792 916 exit?”

416 943 554 992 Idem
599 943 663 991 de
709 944 921 1008 propriis
955 944 1290 994 describendis
1336 948 1520 995 dictum
1554 963 1666 997 esse
1699 951 1846 1012 puta,
1899 961 1995 1010 quo
2029 946 2077 995 in

413 1038 598 1087 genere
638 1021 1040 1086 frequentissime
1084 1041 1111 1071 a
1159 1027 1336 1074 nostris
1370 1028 1526 1090 poetis
1561 1031 1822 1091 peccatur,
1865 1027 1989 1074 adeo
2023 1030 2078 1074 ut

414 1106 545 1152 totas
579 1102 830 1150 hominum
865 1103 988 1151 vitas
1029 1120 1123 1153 non
1168 1104 1219 1153 in
1253 1107 1622 1155 romanensibus
1656 1110 1844 1154 tantum
1878 1105 2075 1166 fabulis,

414 1182 547 1246 quod
580 1197 732 1246 genus
767 1182 1012 1232 scribendi
1044 1184 1258 1232 medium
1295 1184 1535 1248 quendam
1570 1186 1697 1233 inter
1730 1185 1989 1233 historiam
2025 1189 2077 1233 et

412 1260 585 1327 poesin
629 1261 788 1309 locum
838 1262 1047 1323 obtinet,
1099 1264 1187 1311 sed
1230 1265 1277 1312 in
1312 1265 1518 1312 scenicis
1552 1280 1749 1328 quoque
1783 1264 1961 1313 imitari
1995 1279 2073 1313 so-

411 1341 557 1390 leant.
627 1339 877 1404 Quidquid
920 1342 999 1389 vel
1043 1343 1264 1406 privatim
1312 1343 1389 1391 vel
1434 1343 1627 1407 publice
1673 1345 1860 1409 geritur
1891 1360 2073 1404 rerum,

413 1419 606 1470 etiamsi
639 1420 697 1467 ab
731 1436 827 1468 uno
859 1422 1070 1475 maxime
1102 1421 1366 1482 efficiatur,
1401 1428 1565 1471 tamen
1590 1438 1685 1471 non
1709 1425 1769 1472 ad
1789 1439 1937 1473 unum
1961 1439 2073 1487 per·

412 1500 563 1559 tinet;
608 1515 762 1561 aequa
807 1506 969 1549 autem
1019 1517 1079 1549 ex
1124 1506 1266 1566 parte
1314 1509 1365 1550 et
1398 1503 1480 1565 qui
1513 1503 1767 1566 patiuntur
1799 1508 1850 1551 et
1883 1503 1966 1567 qui
1999 1503 2073 1551 fa-

411 1580 548 1629 ciunt
580 1578 792 1627 studium
830 1595 1092 1643 curamque
1126 1580 1378 1646 scriptoris
1412 1582 1719 1642 desiderant;
1755 1588 1807 1634 et
1840 1587 2071 1646 quantum

411 1658 646 1722 cuiusque
678 1674 918 1723 personae
952 1660 1012 1707 ad
1047 1676 1150 1708 rem
1183 1663 1447 1725 gerendam
1482 1667 1782 1711 momentum
1818 1668 1921 1722 est,
1964 1668 2072 1711 tan-

409 1745 518 1789 tum
563 1737 861 1801 explicandis
911 1740 1015 1787 eius
1075 1739 1292 1788 moribus
1342 1741 1697 1804 sententiisque
1742 1741 2070 1790 tribuendum.

409 1820 519 1869 Non
551 1817 700 1880 igitur
736 1819 868 1866 circa
901 1835 1047 1866 unum
1082 1819 1356 1879 hominem,
1406 1819 1493 1868 sed
1529 1822 1702 1869 circa
1737 1837 1910 1869 unam
1945 1836 2071 1869 rem

410 1897 731 1954 versandum,
794 1902 843 1946 et
888 1897 1174 1962 simplicitas
1219 1914 1315 1947 non
1362 1915 1680 1962 personarum
1730 1915 1850 1964 quas
1901 1900 2072 1949 dicunt

408 1976 768 2042 principalium,
801 1977 890 2026 sed
923 1993 1087 2026 rerum
1121 1978 1251 2026 inter
1284 1993 1339 2025 se
1367 1978 1555 2026 caussis
1581 1979 1942 2043 effectibusque
1962 1980 2070 2027 iun-

410 2062 599 2106 ctarum
645 2056 904 2105 efficienda
954 2062 1044 2105 est.
1119 2056 1274 2105 Porro
1319 2057 1368 2104 in
1402 2056 1481 2104 his
1515 2057 1792 2121 aperiendis
1824 2059 1960 2122 priva
1994 2057 2071 2106 vel

408 2135 608 2200 propria
640 2135 985 2184 conformanda
1019 2137 1089 2184 sic
1123 2140 1260 2196 sunt,
1306 2140 1359 2183 ut
1393 2138 1660 2185 communis
1693 2123 2071 2186 rerum‘huma-

409 2231 580 2265 narum
626 2220 796 2264 natura
828 2216 958 2276 sive,
1002 2216 1133 2280 quod
1167 2216 1299 2264 idem
1335 2220 1439 2275 est,
1484 2215 1688 2264 deorum
1721 2216 1829 2264 illas
1863 2216 2071 2265 admini-

408 2296 665 2345 strantium
698 2295 771 2343 vis
806 2302 1056 2360 appareat.
1105 2294 1227 2344 Nam
1255 2296 1456 2344 deorum
1480 2295 1625 2343 simul
1645 2296 1742 2343 vim
1771 2297 2068 2360 potentiam-

408 2391 506 2440 que
539 2381 741 2439 poetae,
785 2375 1036 2423 hominum
1075 2373 1169 2422 sata
1203 2374 1432 2438 factaque
1465 2374 1740 2436 imitantes,
1787 2374 2069 2424 ostendunt.

409 2455 602 2518 Quanto
653 2459 814 2504 autem
859 2456 906 2503 in
953 2454 1103 2517 privis
1147 2439 1457 2518 propriisque
1502 2454 1755 2502 hominum
1803 2454 2069 2503 studiosius

405 2536 727 2585 immorantur
759 2533 1124 2595 describendis,
1158 2538 1293 2582 tanto
1327 2533 1485 2581 minus
1519 2533 1735 2582 tribuunt
1765 2549 1931 2582 rerum
1963 2549 2070 2582 mo-

408 2616 614 2672 mentis,
659 2615 912 2677 magisque
951 2613 1087 2677 priva
1121 2612 1399 2660 vacuefacta
1435 2613 1768 2661 communibus
1804 2613 2068 2662 imitantur.

407 2695 557 2759 Atqui
590 2694 789 2760 propria
823 2693 1159 2741 communibus
1194 2696 1361 2748 aucta,
1411 2693 1681 2740 communia
1723 2692 1938 2758 propriis
1971 2694 2069 2741 cir-

409 2775 720 2838 cumscripta,
758 2773 897 2838 quasi
930 2788 1191 2837 corporum
1212 2771 1576 2833 animarumque
1599 2772 1892 2833 coniunctio,
1925 2772 2068 2821 item-

408 2870 504 2918 que
539 2853 742 2902 deorum
775 2853 1125 2916 hominumque
1158 2851 1285 2899 inter
1319 2867 1373 2898 se
1409 2851 1788 2900 conflictantium
1821 2855 2069 2899 momenta

409 2939 461 2982 et
491 2933 602 2996 ipso
637 2933 867 2981 conflictu
902 2931 1152 2980 conciliata
1185 2930 1408 2979 efficiunt
1440 2930 1542 2987 illa,
1578 2946 1702 2993 quae
1737 2934 2069 2980 consummata

407 3017 556 3077 atque
581 3011 803 3076 perfecta
829 3012 1146 3077 appellamus.
1193 3009 1488 3058 Huiusmodi
1515 3013 1679 3058 autem
1708 3010 2068 3059 conflictatione

409 3097 460 3142 et
492 3092 827 3140 conciliatione
871 3092 911 3139 si
954 3089 1239 3154 simplicitas
1273 3089 1655 3152 implicationum
1689 3094 1740 3138 et
1772 3088 2067 3137 solutionum

409 3155 560 3236 (quae
593 3171 766 3218 eadem
799 3174 1191 3233 argumentorum
1226 3168 1511 3232 simplicitas
1546 3167 1643 3234 est)
1679 3167 1927 3229 efficitur,
1960 3167 2069 3231 pla-

409 3268 524 3300 num
569 3255 647 3299 est
681 3266 791 3298 eam
827 3248 1188 3314 simplicitatem
1234 3255 1459 3296 constare
1493 3263 1588 3296 non
1620 3263 1797 3312 posse,
1842 3246 1941 3315 ubi
1959 3247 2066 3295 uni·

410 3346 582 3380 versae
613 3329 865 3378 hominum
897 3328 1025 3376 vitae
1058 3326 1407 3376 describantur.
1467 3327 1627 3391 Atque
1662 3325 1852 3375 etiamsi
1880 3325 2069 3390 possint

412 3409 660 3475 praecipui
693 3410 832 3459 unius
846 3464 851 3470 f,
864 3408 994 3457 vitae
1026 3421 1185 3467 casus,
1212 3406 1364 3455 iuncti
1388 3422 1668 3456 caussarum
1693 3405 2069 3464 continuatione,
