2170 3848
1199 227 1318 285 188

403 375 527 440 ipsis
560 373 678 423 talia
711 370 958 422 declarare
991 371 1282 431 maluerunt,
1318 389 1461 436 quem
1495 388 1679 424 morem
1704 373 1887 424 notavit
1909 373 2056 423 scho-

403 456 543 504 liasta
587 454 649 501 ad
688 452 851 500 Orest.
875 468 919 503 v.
946 455 1067 500 163:
1123 450 1156 499 ἃ
1203 448 1303 516 γὰρ
1348 449 1419 517 μὴ
1469 450 1689 503 δύναται
1733 452 2052 518 γράφεσθαι,

403 536 569 583 ταῦτα
604 531 671 582 δι’
698 526 887 593 ἑτέρων
919 530 1213 594 προςώπων
1247 529 1500 594 δηλοῦται
1519 547 1530 560 ·
1578 525 1693 587 οἷόν
1723 548 1773 584 τι
1804 532 1891 584 καὶ
1915 531 2058 596 παρὰ

402 612 477 681 τῷ
493 613 738 676 Κωμικῷ,
767 608 970 661 οἰκέτου
997 610 1351 673 στενάξαντος,
1376 609 1548 674 ἕτερός
1564 622 1750 676 φησιν·
1784 612 2059 672 ἀκούεις

404 690 489 752 ὡς
522 686 766 749 στένεις
834 692 1098 741 Praeterea
1148 709 1296 755 quum
1335 709 1423 740 sua
1458 694 1666 755 quisque
1701 692 1918 742 dramata
1950 696 2057 758 ipse

400 774 588 838 primus
624 772 842 829 doceret,
877 788 997 820 voce
1031 772 1256 820 tradendi
1291 788 1417 835 quae
1451 773 1623 820 idonea
1656 771 1938 820 viderentur
1969 788 2058 836 po-

401 857 558 900 testas
604 856 721 899 erat.
790 851 894 912 Qua
936 858 1097 899 autem
1150 857 1288 899 erant
1331 851 1622 909 histriones,
1673 850 1755 914 qui
1803 851 1948 915 primi
1984 851 2060 898 fa-

400 930 563 981 bulam
597 934 812 993 egerant,
845 931 922 977 usi
955 929 1339 995 gesticulatione,
1373 947 1481 978 eam
1516 936 1758 978 servatam
1793 934 1845 978 et
1879 930 1940 978 ad
1974 945 2062 993 po-

402 1011 637 1059 steriores
672 1008 896 1056 traditam
932 1025 1023 1057 nec
1058 1009 1151 1056 nisi
1185 1012 1366 1056 sensim
1400 1009 1571 1057 leviter
1603 1009 1910 1056 immutatam
1947 1024 2063 1056 esse

402 1094 778 1138 consentaneum
816 1092 919 1136 est:
955 1088 1067 1151 quis
1102 1087 1232 1136 enim
1267 1089 1483 1151 prudens
1510 1093 1769 1151 sperneret
1796 1103 1920 1151 quae
1947 1092 2062 1152 apte

399 1173 703 1231 venusteque
736 1167 926 1215 inventa
962 1183 1074 1214 esse
1106 1167 1440 1231 intelligeret?
1506 1166 1644 1227 Quae
1671 1172 1832 1214 autem
1867 1172 1918 1214 et
1943 1182 2060 1230 qua-

401 1246 467 1296 lia
499 1253 675 1310 poetae
707 1246 970 1294 histriones
1006 1246 1284 1302 docuerint,
1335 1261 1395 1293 ex
1429 1245 1503 1303 iis,
1556 1261 1680 1309 quae
1715 1245 1777 1293 de
1811 1244 2061 1308 Aeschylo

401 1325 586 1388 scripta
622 1331 734 1373 sunt
757 1341 835 1388 ap.
858 1325 1035 1372 Athen.
1062 1324 1096 1371 I.
1131 1342 1178 1388 p.
1204 1327 1282 1372 21.
1310 1325 1386 1383 E„
1413 1325 1749 1387 cognoscitur:
1801 1324 2061 1387 „Aeschy-

402 1405 480 1454 lus
514 1419 608 1452 non
642 1404 801 1469 pallae
834 1408 1023 1452 tantum
1059 1402 1289 1451 decorem
1326 1409 1376 1451 et
1407 1404 1693 1466 gravitatem
1746 1402 2059 1467 excogitavit,

402 1500 547 1549 quam
592 1483 821 1531 aemulati
865 1483 1149 1531 sacerdotes
1198 1482 1246 1530 in
1282 1483 1526 1546 mysteriis
1561 1482 1790 1540 induunt,
1844 1482 1931 1530 sed
1967 1481 2062 1528 sal-

402 1564 533 1613 tandi
585 1579 778 1627 quoque
824 1562 1006 1625 figuras
1041 1562 1277 1626 plurimas
1313 1578 1340 1609 a
1376 1577 1430 1610 se
1463 1562 1680 1609 inventas
1717 1561 1853 1608 chori
1888 1575 2062 1625 perso-

402 1644 477 1693 nis
523 1643 738 1692 tradidit.
819 1641 1147 1689 Chamaeleon
1206 1641 1402 1704 quidem
1469 1642 1527 1688 ab
1578 1655 1637 1688 eo
1689 1639 1860 1687 scribit
1905 1641 2063 1703 primo

403 1722 584 1771 choros
618 1722 903 1769 informatos
940 1736 1067 1779 esse,
1102 1720 1249 1768 nullis
1283 1719 1518 1767 adhibitis
1554 1719 1761 1766 saltandi
1787 1718 2062 1782 magistri-z

402 1802 563 1865 ipsum
598 1802 726 1849 enim
763 1800 927 1848 choris
964 1799 1233 1847 saltationis
1259 1799 1438 1862 figuras
1462 1796 1775 1862 praecepisse
1797 1803 1846 1845 et
1869 1797 2063 1844 omnino

403 1896 599 1930 omnem
643 1880 925 1942 tragoediae
972 1879 1345 1943 dispositionem
1390 1878 1438 1926 in
1473 1893 1527 1925 se
1560 1872 1862 1940 recepisse.’'
1928 1874 2065 1923 Idem

401 1960 687 2010 Athenaeus
715 1957 823 2008 XV.
852 1975 900 2023 p.
929 1960 1041 2008 628.
1070 1957 1126 2006 D.
1161 1975 1190 2006 a
1226 1958 1460 2022 principio
1512 1959 1580 2006 ait
1630 1963 1801 2021 poetas
1836 1952 2060 2002 saltatio-

401 2055 519 2090 num
564 2039 783 2102 ingenuis
826 2037 1105 2086 hominibus
1148 2045 1370 2086 auctores
1420 2036 1606 2094 fuisse,
1660 2051 1807 2098 quum
1841 2033 2063 2098 gestibus

403 2120 465 2168 ad
501 2117 879 2166 demonstranda
914 2133 988 2171 ea,
1025 2133 1148 2181 quae
1183 2122 1507 2174 cantarentur,
1542 2119 1735 2164 utentes
1768 2114 1973 2161 honesta
2006 2126 2064 2158 ac

404 2198 562 2247 virilia
595 2195 895 2245 tuerentur.'’
964 2196 1114 2244 lidem
1151 2197 1298 2258 igitur
1332 2203 1509 2259 poetae
1544 2193 1641 2258 ipsi
1665 2206 1896 2255 personas
1929 2195 2064 2237 acto-

404 2279 540 2327 ribus
589 2275 948 2325 distribuebant
995 2280 1046 2322 et
1087 2275 1283 2337 quidem
1319 2274 1366 2320 in
1401 2271 1750 2334 componendis
1786 2269 1954 2317 statim
1988 2269 2063 2315 fa-

403 2356 534 2408 bulis
581 2356 684 2403 eius
730 2352 1088 2402 distributionis
1135 2353 1373 2400 rationem
1406 2351 1672 2398 habebant:
1735 2349 1873 2397 cuius
1921 2346 2063 2394 insti-

404 2435 501 2486 tuti
546 2434 883 2499 gravissimum
927 2438 1005 2481 est
1053 2432 1383 2480 testimonium
1430 2430 1723 2477 scholiastae
1768 2427 1828 2474 ad
1874 2425 2063 2475 Phoen.

405 2517 550 2566 v.9·'3.
583 2514 836 2577 scriptum.
903 2511 1026 2560 Nam
1062 2512 1145 2574 qui
1181 2526 1435 2575 personam
1470 2514 1637 2570 ageret
1676 2508 1893 2555 locastae
1921 2510 2060 2553 actor

405 2594 626 2661 primus,
677 2591 841 2640 eidem
886 2592 1156 2653 Antigonae
1199 2597 1362 2655 partes
1410 2589 1469 2637 ab
1504 2586 1743 2651 Euripide
1792 2585 2061 2647 assignatas

408 2674 568 2723 fuisse
614 2673 860 2728 declarat..
906 2686 1109 2733 eamque
1154 2671 1215 2718 ob
1251 2685 1384 2726 rem,
1437 2683 1499 2715 ne
1547 2683 1638 2714 una
1673 2665 1817 2713 matri
1851 2670 1901 2711 et
1934 2662 2067 2710 filiae

408 2753 459 2801 in
494 2767 688 2800 scenam
731 2750 1069 2815 prodeundum
1106 2763 1229 2798 neve
1262 2746 1594 2794 mutandarum
1631 2758 1944 2809 personarum
1990 2741 2066 2788 hi-

412 2831 585 2880 strioni
619 2837 813 2893 tempus
849 2845 904 2875 ac
939 2829 1142 2877 facultas
1178 2827 1405 2884 deesset,
1451 2830 1593 2873 caute
1628 2826 1687 2871 ab
1722 2823 1828 2886 ipso
1860 2834 2066 2885 prospe-

413 2917 546 2958 ctum
581 2925 692 2957 esse
708 2909 778 2972 *).
846 2910 1026 2958 Errant
1075 2907 1221 2972 igitur
1263 2905 1344 2968 qui
1393 2904 1508 2953 talia
1541 2901 1830 2951 histrionum
1864 2897 2064 2948 arbitrio

414 2989 674 3037 commissa
709 3002 821 3036 esse
857 2981 1221 3053 opinantur**).

470 3198 521 3252 *J
554 3195 712 3240 Ταῦτα
741 3193 1154 3250 καταμηχανᾶσθαί
1182 3204 1296 3248 φασι
1323 3190 1406 3237 τὸν
1434 3187 1702 3248 Εὐριπίδην,
1733 3187 1808 3231 ἵνα
1835 3182 1920 3228 τὸν
1947 3198 2068 3240 πρω-

554 3263 835 3319 ταγωνιστὴν
864 3263 955 3308 nino
987 3265 1071 3307 τοῦ
1101 3261 1326 3319 Ἰοκάστης
1355 3259 1597 3320 προςώπου
1627 3254 1959 3314 μετασκενᾶσῃ·
1991 3250 2066 3296 διὸ

555 3334 614 3380 ου’
642 3337 989 3397 συνεκφαίῃεται
1019 3330 1136 3391 αὐτῇ
1163 3331 1403 3387 Ἀντιγόνη,
1430 3328 1520 3374 ἀλλ’
1551 3327 1754 3385 ὕστερον.

450 3405 528 3461 ἢ)
556 3404 764 3448 Pluribus
802 3406 856 3447 de
896 3407 981 3447 hac
1022 3419 1072 3447 re
1107 3417 1246 3459 nuper
1287 3402 1488 3458 exposuit
1526 3401 1575 3443 G.
1604 3400 1679 3441 Fr.
1717 3397 2000 3439 Hermannus
2025 3391 2071 3434 in

560 3477 706 3520 annal.
733 3474 927 3518 Berolin.
959 3472 1086 3516 1843.
