2150 3866
1115 266 1239 325 216

319 414 445 466 Item
478 412 722 463 Lucianus
757 409 933 461 Saltat.
960 410 1125 478 §.41.,
1159 428 1258 477 quo
1277 413 1387 464 loco
1415 423 1701 482 argumenta
1733 421 2008 472 saltationis

320 496 568 554 recenset,
600 488 716 559 ἑξῆς
739 488 813 552 δέ,
841 492 1015 556 inquit,
1043 490 1109 543 τὰ
1131 490 1364 559 Μέγαρα
1387 493 1477 546 καὶ
1491 497 1667 560 Νῖσος
1688 498 1776 553 καὶ
1791 500 2010 553 Σκύλλα

319 570 411 625 καὶ
441 575 765 638 πορφυροῦς
797 571 1075 638 πλόκαμος
1108 571 1197 624 καὶ
1230 573 1458 636 Μίνωος
1489 576 1657 641 πόρος
1689 578 1780 632 καὶ
1821 580 1857 649 ἦ
1889 578 2011 647 περὶ

319 652 419 721 τὴν
463 651 725 719 εὐεργέτιν
769 651 1058 719 ἀχαριστία.
1126 658 1486 722 Argumentum
1521 659 1666 710 multi
1708 663 2006 724 retulerunt,

323 750 534 800 quorum
569 750 777 784 numero
813 742 892 784 est
924 735 1182 800 HyginuS‚
1227 736 1312 800 qui
1345 737 1651 802 tragicorum
1683 741 1906 807 vestigiis
1938 743 2010 792 in-

322 815 502 864 sistere
536 814 747 864 solebat.
819 814 942 864 Eius
966 815 1119 881 igitur
1151 815 1302 865 verba
1325 833 1511 882 operae
1541 823 1620 868 est
1647 820 2010 871 transcriberet

323 894 528 957 „Nisus,
562 893 739 944 Martis
773 894 907 943 filius
941 895 1061 953 sive,
1098 899 1153 944 ut
1185 895 1269 944 alii
1301 896 1487 958 dicunt,
1523 897 1740 956 Deionis,
1774 914 1866 948 rex
1897 897 2011 948 Me-

320 974 635 1038 garensium,
670 975 719 1024 in
755 974 920 1040 capite
954 974 1143 1024 crinem
1189 991 1497 1041 purpureum
1544 977 1778 1029 habuisse
1811 978 2010 1028 dicitur.

321 1054 416 1104 Cui
448 1070 742 1120 responsum
777 1053 870 1104 fuit
916 1059 1018 1104 tam
1066 1054 1151 1104 diu
1186 1071 1303 1105 eum
1337 1062 1683 1123 regnaturum,
1739 1075 1887 1123 quam
1920 1058 2007 1109 diu

320 1150 436 1184 eum
473 1135 659 1184 crinem
705 1134 1026 1185 custodisset.
1096 1134 1259 1198 Quem
1305 1134 1501 1198 Minos,
1547 1137 1671 1186 lovis
1715 1137 1872 1198 filius,
1919 1154 2011 1204 op-

318 1218 590 1280 pugnatum
626 1230 738 1264 cum
772 1214 1026 1278 venisset,
1065 1231 1093 1264 a
1128 1214 1325 1281 Scylla,
1360 1217 1470 1267 Nisi
1503 1217 1634 1279 filia,
1669 1215 1881 1267 Veneris
1915 1218 2010 1267 im-

318 1294 470 1360 pulsu
504 1300 582 1344 est
615 1300 822 1344 amatus.
891 1295 1052 1357 Quem
1097 1302 1152 1345 ut
1196 1296 1436 1346 victorem
1470 1297 1679 1359 faceret,
1725 1297 1859 1363 patri
1895 1297 2011 1346 dor-¹

319 1374 492 1423 mienti
539 1373 741 1424 fatalem
791 1373 978 1423 crinem
1023 1375 1283 1440 praecidit.
1367 1374 1537 1440 ltaque
1586 1376 1739 1426 Nisus
1787 1376 1947 1426 victus
1982 1393 2011 1426 a

318 1451 494 1503 Minoe
540 1459 631 1504 est.
700 1453 826 1503 Cum
875 1458 1039 1503 autem
1088 1453 1255 1503 Minos
1290 1454 1497 1503 Cretam
1531 1455 1749 1514 rediret,
1797 1472 1909 1505 eum
1946 1472 2009 1506 ex

318 1533 423 1583 fide
456 1533 569 1583 data
601 1534 808 1601 rogavit,
841 1538 898 1583 ut
932 1549 1101 1583 secum
1137 1535 1389 1584 aveheret.
1458 1533 1550 1584 Ille
1593 1536 1789 1601 negavit
1825 1535 2010 1586 Creten

319 1614 682 1663 sanctissimam
715 1618 905 1663 tantum
941 1613 1107 1664 scelus
1143 1621 1471 1680 recepturam.
1541 1614 1628 1664 Illa
1672 1631 1729 1665 se
1775 1616 1828 1666 in
1873 1631 2011 1664 mare

317 1693 684 1759 praecipitavit,
718 1708 782 1741 ne
815 1698 1221 1757 persequeretur.
1290 1694 1441 1743 Nisus
1475 1699 1669 1758 autem,
1705 1696 1824 1745 dum
1856 1695 2011 1744 filiam

317 1773 662 1837 persequitur,
697 1772 747 1821 in
779 1787 920 1821 avem
953 1771 1265 1833 haliaeeton,
1310 1772 1363 1820 id
1398 1777 1478 1822 est
1510 1775 1725 1837 aquilam
1757 1774 2010 1836 marinam,

318 1868 590 1903 conversus
626 1856 733 1910 est,
770 1851 937 1917 Scylla
970 1852 1071 1901 filia
1104 1852 1155 1901 in
1189 1853 1379 1918 piscem
1416 1852 1602 1914 Cir-im,
1637 1869 1785 1919 quem
1818 1858 2012 1903 vocant.

317 1931 484 1982 Hodie
535 1934 577 1981 si
611 1928 807 1997 quando
842 1948 902 1981 ea
935 1931 1039 1981 avis
1075 1947 1188 1980 eum
1222 1933 1412 1997 piscem
1446 1938 1696 1983 natantem
1730 1933 2008 1998 conspexit,

318 2012 471 2061 mittit
516 2028 572 2061 se
618 2013 669 2061 in
717 2028 893 2076 aquam
941 2015 1238 2076 raptumque
1271 2012 1517 2078 unguibus
1553 2010 1808 2064 dilaniat.’'
1877 2012 2012 2062 Con-

321 2108 443 2157 grua
494 2108 607 2141 cum
641 2092 736 2141 hac
770 2091 1054 2142 narratione
1089 2090 1294 2140 Servius
1331 2091 1495 2158 (Virg.
1526 2091 1635 2142 Ecl.
1660 2092 1750 2152 VI,
1778 2093 1887 2153 Ι14.)
1921 2092 2010 2141 im-

317 2172 491 2237 primis
527 2171 713 2222 refert:
750 2171 1049 2232 „Pandioni,
1083 2171 1391 2221 Athenarum
1425 2173 1558 2235 regi,
1596 2176 1830 2236 quattuor
1863 2171 2012 2222 fuere

317 2252 433 2300 filii:
475 2252 689 2315 Aegeus,
724 2251 911 2315 Lycus,
945 2250 1109 2298 Pallas
1146 2255 1196 2298 et
1228 2250 1396 2300 Nisus.
1466 2252 1692 2315 Cumque
1725 2251 1893 2302 Attica
1926 2268 2009 2301 re-

317 2330 400 2396 gio
434 2332 483 2380 in
509 2336 679 2396 partes
706 2334 941 2396 quattuor
965 2332 1102 2378 esset
1123 2329 1295 2392 divisa,
1331 2331 1487 2381 Niso
1522 2330 1792 2395 Megara
1821 2336 2009 2381 sorte

319 2411 716 2471 obveniunt,
791 2410 876 2473 qui
935 2408 1166 2458 Nisaeam
1226 2411 1444 2460 condidit
1501 2410 1688 2474 (Strab.
1746 2411 1835 2460 lib.
1882 2409 2006 2475 lX.).

321 2490 507 2539 Contra
554 2491 685 2539 hunc
732 2488 933 2541 demum
980 2489 1145 2539 Minos
1194 2489 1323 2539 bella
1356 2491 1530 2554 gessit.
1602 2489 1805 2540 Scelere
1838 2496 2007 2540 autem

319 2569 516 2635 Scyllae
546 2569 680 2619 filiae
713 2570 1037 2619 obtruncatus
1073 2574 1167 2631 est,
1199 2574 1256 2619 ut
1281 2569 1451 2621 Minoe
1474 2572 1599 2636 ipsa,
1629 2587 1776 2635 quem
1802 2568 2008 2620 adama-

317 2650 419 2713 bat,
455 2651 719 2715 potiretur.
768 2649 955 2699 Postea
980 2649 1031 2697 in
1057 2664 1173 2697 aves
1196 2649 1341 2698 ambo
1370 2651 1595 2701 conversi
1631 2648 1798 2700 sunt.'’
1865 2649 2007 2699 Haec

320 2747 383 2780 ex
417 2730 672 2794 Euripidis
708 2746 862 2796 opere
916 2728 1156 2794 originem
1203 2731 1415 2780 traxisse
1459 2731 1795 2797 fragmentum
1840 2729 2005 2792 docet,

319 2810 454 2875 quod
490 2809 668 2858 Suidas
704 2826 743 2859 s.
779 2825 825 2858 v.
862 2807 1039 2867 Νῖσος
1072 2808 1263 2871 posuit:

448 2887 604 2955 Νίσῳ
640 2883 686 2938 δ’
721 2887 902 2954 ἔλαχεν
934 2886 971 2955 ἦ
1004 2884 1332 2952 Μεγαρίς*).

320 2968 467 3019 Adde
515 2970 725 3018 eandem
771 2987 879 3020 rem
926 2973 1228 3034 exponentes
1262 2968 1552 3018 Pausaniam
1586 2969 1624 3031 Ι,
1659 2971 1738 3030 19,
1774 2970 1822 3017 5.
1856 2971 1908 3017 et
1939 2966 2001 3029 ΙΙ,

319 3051 402 3110 34,
425 3052 492 3110 7.,
529 3049 884 3112 Apollodorum
911 3049 995 3108 111,
1024 3051 1103 3107 15,
1129 3052 1193 3108 8.,
1220 3048 1441 3097 Tzetzen
1465 3050 1528 3097 ad
1558 3048 1807 3113 Lycophr.
1827 3063 1870 3096 v.
1886 3049 2003 3095 650.

319 3133 388 3188 et,
424 3129 509 3192 qui
543 3134 766 3197 nostrum
801 3129 983 3178 imitati
1016 3133 1158 3188 sunt,
1195 3127 1425 3177 Ovidium
1449 3127 1575 3180 Met.
1604 3127 1733 3190 VllI,
1762 3128 2001 3179 1—153.

319 3213 673 3271 auctoremque
696 3209 843 3271 ciris,
878 3206 1007 3274 quod
1032 3223 1230 3257 carmen
1248 3207 1447 3275 Virgilii
1474 3207 1673 3273 scriptis
1697 3210 2003 3276 accensetur.

375 3391 427 3445 ³¹²)
455 3389 764 3446 Supplendum
794 3394 861 3433 est
887 3387 1100 3445 Ιὑπήκοος
1130 3384 1266 3433 εἶναι.
1324 3390 1535 3433 Fortasse
1566 3387 1780 3445 scriptum
1807 3387 1916 3432 fuitz

561 3459 695 3518 Νίσῳ
726 3458 903 3517 λέλογχε
932 3457 1141 3517 Μεγαρὶς
1169 3457 1371 3514 ἐξελθεῖν
1403 3459 1550 3517 πάλῳ.
