2124 3860
922 266 1049 324 367

266 410 378 460 Hae
419 410 569 474 igitur
618 414 670 459 et
715 414 914 459 ceterae
945 408 1189 459 eiusmodi
1221 408 1413 459 formae
1446 413 1502 460 ut
1533 425 1561 459 a
1593 409 1816 460 veritatis

137 490 413 542 imitatione
456 506 626 539 omnes
676 489 854 539 ductae
888 495 1033 551 sunt,
1063 490 1133 538 ita
1168 505 1339 538 earum
1372 489 1504 539 nulla
1539 494 1646 551 est,
1687 505 1816 554 quae

137 587 236 622 non
268 588 296 620 a
331 575 504 620 natura
539 569 728 634 longius
776 569 992 619 recedat.
1058 567 1213 619 Velut
1260 570 1345 633 qui
1388 569 1666 619 nuntiorum
1699 586 1816 635 par-

136 657 218 702 tes
267 651 572 717 suscipiunt,
621 650 841 715 quamvis
877 650 977 698 sint
1012 649 1141 698 servi
1176 654 1326 712 atque
1358 650 1615 707 ineruditi,
1651 655 1818 700 tamen

139 732 408 798 copiosius,
443 731 681 786 ornatius,
717 729 974 778 sublimius
1010 735 1274 793 exponunt,
1308 745 1456 792 quam
1491 722 1818 795 possit'quis-

140 828 283 877 quam
319 827 415 860 non
451 811 597 860 modo
631 810 786 867 rudis,
825 809 913 857 sed
950 809 1099 857 etiam
1131 808 1391 858 rhetorum
1417 809 1676 874 disciplina
1702 825 1817 859 eru-

140 892 277 942 ditus
312 908 371 940 ex
407 897 632 955 tempore
666 890 848 951 dicere,
882 889 933 938 id
969 889 1117 952 quod,
1153 894 1206 937 ut
1240 890 1409 953 multa,
1444 896 1636 939 temere
1671 889 1818 940 cavil-

139 973 268 1022 latus
303 976 382 1020 est
414 970 773 1036 Aristophanes
808 969 1022 1020 Acharn.
1059 971 1187 1017 401:

269 1081 333 1090 —-
497 1077 563 1087 —
732 1041 773 1100 ὦ
807 1048 1133 1114 coagitando&
1171 1047 1458 1115 Εὐριπίδη,

272 1128 358 1182 ὅθ’
394 1129 424 1181 ὁ
460 1129 655 1190 δοῦλος
689 1129 883 1181 οὑτωσὶ
919 1136 1100 1196 σοφῶς
1133 1128 1488 1195 ὑποκρίνεται.

141 1213 291 1262 Hunc
335 1219 498 1261 autem
545 1214 707 1261 secuti
742 1220 856 1262 sunt
891 1214 971 1262 alii
1005 1213 1204 1277 quidam
1240 1213 1479 1261 iterantes
1515 1228 1641 1275 quae
1674 1226 1819 1277 prae-

141 1294 268 1343 ierat
313 1293 489 1350 verba,
538 1292 671 1341 velut
719 1293 947 1358 Origines
994 1308 1036 1341 c.
1072 1292 1204 1341 Cels.
1239 1309 1286 1356 p.
1321 1295 1435 1342 366.
1505 1292 1819 1351 „Artificium

141 1389 340 1434 eorum,
387 1373 472 1436 qui
521 1372 714 1436 fingunt
760 1388 1026 1436 persona8‚
1078 1371 1126 1420 in
1162 1388 1222 1421 eo
1257 1372 1499 1428 consistit,
1535 1376 1590 1420 ut
1625 1378 1823 1423 servent

139 1452 375 1501 decorum
409 1453 458 1499 in
493 1467 843 1516 personarum,
875 1468 996 1516 quas
1031 1453 1279 1513 inducant,
1316 1453 1531 1502 moribus
1566 1459 1616 1501 et
1649 1453 1822 1503 volun-

138 1534 353 1592 tatibus3
387 1532 557 1581 vitium
591 1548 709 1581 vero
745 1538 850 1593 est,
886 1533 929 1580 si
965 1533 1213 1581 orationes
1246 1533 1464 1582 tribuant
1498 1549 1667 1597 parum
1703 1549 1821 1582 con-

139 1613 411 1662 venientes.
482 1612 655 1676 Itaque
689 1612 999 1677 vituperandi
1032 1614 1184 1660 etiam
1219 1614 1302 1676 qui
1339 1613 1557 1661 barbaris
1581 1613 1822 1662 indoctis-

141 1709 239 1759 que
274 1699 357 1743 aut
391 1695 555 1742 vernis
590 1700 675 1742 aut
719 1694 812 1753 iis,
849 1693 934 1756 qui
969 1693 1127 1740 nullas
1162 1709 1375 1756 unquam
1410 1693 1821 1758 philosophorum

140 1774 503 1838 disputationes
537 1774 826 1822 audiverunt
859 1788 1020 1836 neque
1055 1788 1270 1835 unquam
1295 1772 1391 1836 ipsi
1420 1773 1544 1821 bene
1567 1766 1821 1833 dixerunt,

140 1854 366 1902 tribuunt
410 1853 805 1918 philosophiam,
843 1869 987 1916 quam
1023 1852 1194 1901 didicit
1224 1852 1311 1901 ille
1345 1853 1576 1917 quidem,
1610 1852 1692 1915 qui
1726 1853 1821 1901 fin-

142 1933 214 1998 git
258 1949 525 1997 personas,
572 1933 660 1981 sed
694 1933 961 1981 verisimile
995 1949 1090 1982 non
1127 1939 1204 1981 est
1235 1931 1418 1980 callere
1454 1949 1594 1992 eum,
1630 1933 1714 1995 qui
1746 1933 1822 1982 in-

142 2013 355 2062 ducitur.
422 2012 736 2077 Invicemque
780 2021 988 2077 peccant
1022 2012 1105 2077 qui
1140 2011 1443 2075 sapientibus
1480 2018 1531 2061 et
1550 2013 1820 2062 divinarum

141 2108 307 2142 rerum
336 2092 530 2156 peritiS,
560 2109 683 2156 quos
714 2095 933 2141 continet
955 2097 1314 2156 argumentum,
1343 2091 1565 2141 tribuunt
1592 2108 1667 2151 ea,
1694 2108 1822 2156 quae

141 2173 192 2220 in
233 2172 516 2236 vulgaribus
575 2173 841 2221 affectibus
901 2174 961 2220 ab
1007 2172 1220 2220 indoctis
1269 2172 1586 2220 enuntiantur
1634 2172 1711 2220 vel
1758 2173 1820 2222 ab

141 2252 416 2316 ignorantia
451 2252 847 2315 proficiscuntur.
915 2251 1062 2299 Unde
1098 2251 1347 2301 Homerus
1383 2251 1637 2310 laudatur,
1686 2254 1819 2316 quod

140 2333 348 2381 heroum
396 2346 634 2395 personas
669 2337 914 2395 perpetuo
948 2332 1157 2381 servavit
1193 2347 1304 2393 eas,
1353 2331 1524 2395 quales
1571 2331 1631 2379 ab
1678 2332 1821 2381 initio

141 2410 376 2469 instituit,
424 2411 558 2460 velut
590 2410 887 2468 Nestorem,
939 2411 1198 2475 Ulyssem,
1246 2411 1562 2473 Diomedem,
1607 2411 1820 2476 Agame-

141 2506 391 2546 mnonem,
425 2488 807 2550 Telemachum,
845 2490 1131 2554 Penelopen
1167 2496 1219 2540 et
1251 2492 1486 2554 reliquos.
1554 2491 1820 2554 Euripides

140 2585 259 2618 vero
292 2570 696 2620 contumeliosius
730 2571 790 2618 ab
826 2570 1162 2634 Aristophane
1196 2578 1430 2630 vexatur,
1469 2572 1606 2634 quasi
1640 2572 1818 2620 intem-

140 2649 334 2715 pestive
369 2648 574 2712 loquax,
624 2659 892 2715 propterea
929 2651 1061 2714 quod
1097 2666 1247 2715 saepe
1279 2667 1404 2714 quae
1439 2650 1500 2698 ab
1534 2651 1820 2714 Anaxagora

140 2728 220 2777 vel
254 2728 416 2792 aliquo
451 2728 545 2776 alio
579 2730 836 2779 didicisset
880 2731 1175 2794 sapientium
1222 2730 1402 2794 placita
1435 2730 1666 2780 tribuerit
1706 2732 1818 2780 bar-

141 2807 273 2856 baris
307 2807 596 2856 mulieribus
642 2817 724 2859 aut
757 2807 1062 2876 mancipiis.’'
1129 2809 1337 2859 Modum
1374 2812 1487 2874 quin
1521 2811 1570 2859 in
1604 2812 1699 2860 hoc
1732 2827 1819 2876 ge-

140 2904 261 2937 nere
295 2887 561 2950 Euripides
596 2892 882 2953 excesserit,
923 2907 1170 2955 nunquam
1205 2891 1449 2951 dubitavi3
1483 2898 1820 2942 verumtamen

139 2983 236 3017 non
272 2983 333 3016 ex
368 2967 546 3016 comici
579 2970 870 3020 auctoritate
905 2972 1035 3032 talia,
1069 2970 1159 3020 sed
1196 2986 1257 3020 ex
1291 2971 1412 3019 artis
1440 2968 1631 3036 legibus
1659 2973 1819 3021 aesti-

140 3048 315 3097 manda
362 3053 491 3095 sunt.
572 3047 791 3099 Necesse
837 3059 913 3101 est
962 3052 1120 3110 enim,
1177 3067 1499 3115 quaecunque
1554 3051 1819 3102 inducatur

140 3144 380 3192 persona,
416 3127 506 3175 sub
544 3144 602 3176 ea
636 3133 860 3193 poetam,
896 3133 979 3197 qui
1015 3130 1225 3190 effinxit,
1261 3130 1442 3181 latere:
1492 3132 1631 3182 cuius
1666 3147 1818 3196 quum

141 3209 398 3257 sententiis
446 3213 593 3271 atque
640 3210 915 3262 eruditione
958 3218 1257 3277 augeantur,
1318 3211 1679 3276 amplificentur
1724 3213 1816 3261 im-

139 3294 488 3351 mutenturqne
523 3287 637 3336 illae
670 3294 861 3342 sumtae
894 3294 958 3343 de
991 3292 1156 3342 medio
1191 3307 1450 3356 personae,
1486 3307 1580 3341 non
1609 3297 1817 3356 possunt

138 3380 237 3416 non
282 3383 451 3417 omnes
488 3372 538 3416 et
570 3368 830 3433 meliores,
875 3389 1022 3438 quam
1068 3372 1214 3436 vulgo
1247 3377 1377 3432 sunt,
1412 3388 1526 3421 esse
1560 3376 1612 3420 et
1646 3370 1816 3434 dicere

139 3460 226 3507 ea,
274 3462 399 3510 quae
442 3463 615 3513 parum
661 3449 740 3499 vel
772 3467 883 3502 cum
930 3453 1083 3519 prisci
1116 3451 1302 3502 saeculi
1336 3452 1554 3502 moribus
1588 3450 1666 3500 vel
1701 3466 1814 3500 cum
