2170 3866
959 268 1079 327 511

170 418 424 470 Archelao
457 416 645 482 aliquid
677 415 969 482 tragoediae
983 414 1258 482 proprium,
1295 413 1567 464 ostendens
1592 410 1715 461 nihil
1740 408 1878 460 aliud

171 515 288 550 esse
342 498 679 563 tragoediam,
738 513 890 562 quam
949 497 1264 546 miseriarum
1319 489 1878 559 comprehensionem-'²

171 579 432 630 Satisfecit
479 579 797 627 nihilominus
843 577 1038 641 roganti
1071 580 1248 625 noster
1281 575 1379 635 ita,
1427 580 1482 624 ut
1515 590 1643 638 quae
1677 575 1742 623 de
1773 571 1879 623 Te·

170 676 337 718 meno,
373 664 428 708 ut
462 659 601 722 regni
634 658 971 707 Macedonum
1006 661 1235 715 auctore,
1278 656 1412 704 fama
1445 655 1790 713 tradebantur,
1825 654 1878 704 in

171 741 307 790 illius
341 756 520 789 nomen
554 739 868 797 transferret,
906 738 956 786 id
993 738 1126 803 quod
1152 736 1554 801 Agatharchides
1584 736 1718 800 apud
1742 735 1878 784 Pho-

173 823 296 871 tium
347 820 458 869 cod.
498 819 643 868 CCL.
681 836 728 883 p.
766 821 909 868 1332.
945 819 1159 867 notavit:
1207 816 1325 867 οὐδ’
1369 814 1678 880 Εὐριπίδου
1723 831 1879 881 κατη-

174 900 322 966 γορῶ
354 900 429 969 τῷ
466 896 566 963 μὲν
591 894 851 964 Ἀρχελάῳ
885 897 1306 962 περιτεθεικότος
1338 895 1432 958 τὰς
1463 893 1713 963 Τημένου
1742 895 1879 962 προί-

171 980 274 1045 ξεις
285 982 358 1043 *),
373 978 471 1032 τὸν
497 978 555 1031 δὲ
581 979 857 1045 Τειρεσίαν
872 982 945 1046 (in
961 980 1198 1045 Bacchis)
1211 979 1509 1045 βεβιωκότα
1528 977 1880 1043 παρειςοίγον-

170 1079 264 1123 τος
288 1058 445 1113 πέντε
470 1063 671 1129 γενεῶν
697 1060 885 1122 πλέους
921 1061 988 1113 cf.
1016 1062 1099 1110 vit.
1130 1062 1239 1113 cod.
1271 1062 1477 1111 Mediol.
1505 1062 1614 1111 coll.
1643 1061 1879 1112 Ambros.

173 1145 459 1195 Certamina
487 1151 655 1194 autem
683 1145 928 1207 ludosque
957 1143 1180 1191 scenicos
1197 1142 1473 1191 Archelaus
1499 1143 1562 1191 ad
1591 1141 1881 1206 exemplum

172 1226 559 1275 Atheniensium
609 1226 923 1282 instituerat,
971 1226 1102 1270 teste
1152 1221 1374 1270 Diodoro
1400 1221 1558 1282 XVII,
1583 1224 1662 1270 16.
1730 1220 1881 1270 iniis

174 1306 306 1354 ludis
344 1306 464 1369 quin
499 1309 701 1369 praeter
735 1303 1033 1352 Archelaum
1069 1303 1219 1349 etiam
1255 1302 1581 1367 Iphigeniam,
1617 1301 1882 1351 Alcmaeo-

175 1401 289 1434 nem
322 1391 375 1434 et
398 1385 619 1433 Bacchas
641 1384 912 1449 Euripides
939 1383 990 1431 in
1023 1389 1278 1431 certamen
1305 1382 1626 1443 commiserit,
1663 1383 1765 1431 noli
1788 1382 1882 1432 du-

173 1466 351 1516 bitare.
404 1464 602 1530 Regum
639 1465 770 1512 enim
807 1463 1075 1528 praecipua
1099 1463 1215 1510 vitia
1249 1463 1388 1512 vario
1412 1463 1562 1510 modo
1584 1463 1634 1511 in
1655 1464 1736 1512 his
1765 1465 1881 1512 dra-

173 1546 393 1595 matibus
429 1548 733 1608 arguuntur3
769 1551 878 1592 tum
903 1543 1169 1608 magnifice
1194 1543 1300 1591 laus
1324 1542 1656 1592 Macedoniae
1681 1544 1881 1609 praedi-

173 1630 318 1675 catur
352 1626 402 1673 in
430 1625 660 1687 Bacchis,
700 1641 813 1673 cum
842 1624 985 1688 quasi
1008 1623 1271 1687 Euripidis
1309 1624 1476 1672 verbis
1507 1624 1691 1673 chorus
1718 1629 1880 1690 optet,

173 1711 228 1754 ut
273 1707 324 1754 in
371 1705 583 1754 Pieriam
631 1705 992 1764 transferatur,
1043 1704 1128 1752 ubi
1161 1703 1463 1768 pulcerrima
1514 1705 1582 1753 sit
1614 1704 1882 1756 Musarum

174 1787 341 1847 sedes,
376 1786 510 1834 sacri
537 1785 741 1849 Olympi
762 1790 955 1836 vertex.
1008 1783 1179 1847 „istuc
1204 1801 1287 1834 me
1322 1784 1436 1843 duc,
1473 1801 1504 1834 o
1540 1786 1756 1845 Bromie,
1791 1786 1882 1852 qui

176 1883 355 1931 praees
391 1866 734 1926 bacchationi3
769 1866 838 1914 ibi
872 1871 988 1915 sunt
1022 1866 1232 1931 gratiae,
1267 1866 1334 1914 ibi
1370 1864 1604 1926 dulcedo,
1648 1867 1718 1915 ibi
1753 1867 1881 1916 Bac-

174 1946 283 1996 chis
316 1946 397 1995 fas
425 1950 505 1995 est
530 1947 666 2011 orgia
695 1941 1104 2012 celebrare†*)!''
1141 1945 1264 1995 Item
1288 1947 1385 1994 alio
1412 1947 1525 1995 loco
1548 1947 1738 1996 haecce
1761 1963 1880 1999 can-

174 2031 281 2076 tat:
323 2027 405 2088 „0
454 2027 600 2075 beata
636 2026 827 2088 Pieria,
876 2033 929 2076 te
965 2026 1086 2075 colit
1119 2026 1275 2076 Evius
1325 2031 1377 2076 et
1410 2028 1575 2076 veniet
1608 2028 1880 2077 saltaturus

174 2123 289 2156 cum
323 2108 536 2171 strepitu
574 2107 810 2156 bacchico
844 2107 1160 2171 adducetque
1195 2123 1366 2156 secum
1393 2107 1665 2157 Maenadas
1697 2108 1885 2159 saltan-

173 2193 275 2249 tes,
307 2187 650 2237 transmittens
686 2188 915 2253 rapidum
949 2188 1129 2236 Axium
1166 2205 1284 2237 cum
1313 2188 1499 2236 Loedia
1529 2188 1735 2239 flumine
1747 2186 1882 2256 ***)‘‚

173 2283 325 2332 quem
371 2267 519 2316 audio
565 2268 848 2331 opulentiae
892 2269 1185 2317 mortalibus
1234 2275 1489 2318 auctorem
1538 2285 1681 2332 esse,
1728 2287 1882 2336 quum

172 2347 490 2413 pulcerrimis
541 2349 680 2412 aquis
717 2364 919 2413 campos
955 2350 1095 2413 equis
1131 2355 1276 2415 aptos
1312 2349 1543 2414 irriget.''
1610 2350 1784 2401 Possis
1819 2367 1883 2402 ex

174 2428 369 2476 scholio
417 2427 812 2492 Hephaestionis
849 2445 892 2478 c.
928 2431 976 2479 6.
1017 2447 1070 2495 p.
1106 2433 1186 2480 87.
1233 2431 1484 2480 coniicere
1525 2430 1751 2480 Bacchas
1799 2448 1882 2482 sa-

174 2506 450 2570 tyricorum
486 2507 762 2558 dramatum
798 2526 1006 2562 numero
1043 2510 1238 2559 habitas
1272 2527 1411 2559 esse:
1446 2508 1592 2561 ἴδιον
1626 2507 1684 2562 δὲ
1718 2521 1882 2563 σατυ-

179 2588 340 2650 ρικοῦ
374 2585 437 2637 τὸ
469 2582 638 2653 μέσον
669 2583 808 2639 εἶναι
841 2593 1103 2654 τραγικοῦ
1127 2586 1218 2641 καὶ
1236 2594 1498 2654 κωμικοῦ,
1534 2593 1713 2658 ἤγουν
1739 2591 1882 2661 δέχε-

177 2669 310 2718 σθαι
343 2665 434 2718 καὶ
467 2660 595 2728 τοὺς
626 2669 1018 2735 τρισυλλάβονς
1051 2669 1123 2738 μὴ
1158 2673 1490 2736 κατακορῶς,
1527 2666 1649 2725 οἷον

308 2741 378 2814 ἦν
413 2747 461 2799 δ’
496 2750 661 2815 ἄγκος
691 2750 1038 2818 ὑψίκρημνον
1072 2755 1219 2819 ὄρεσι
1255 2752 1589 2821 περίδρομον

177 2828 270 2889 (cf.
308 2846 356 2882 v.
395 2834 542 2880 1049.
582 2833 801 2898 Elmsl.).

177 2909 279 2958 Sed
340 2918 515 2961 natura
560 2913 708 2962 huius
754 2915 984 2965 carminis
1033 2917 1093 2965 ab
1149 2932 1211 2966 eo
1254 2933 1441 2981 genere
1486 2915 1634 2982 longe
1679 2914 1880 2966 diversa

176 2995 273 3040 est.
352 2992 526 3041 Potius
587 2995 789 3044 tertium
852 2997 901 3045 ei
945 2997 1111 3047 locum
1158 2997 1211 3048 in
1250 2997 1515 3063 tetralogia
1572 2997 1878 3062 assignatum

206 3222 210 3226 -
234 3203 283 3258 *)
313 3203 501 3246 Rectius
531 3205 789 3259 Perdiccae,
819 3207 1011 3253 Temeni
1031 3211 1131 3262 filii,
1164 3227 1238 3255 res
1266 3213 1311 3256 in
1333 3214 1609 3256 Archelaum
1634 3212 1877 3255 translatas

318 3288 417 3316 esse
447 3275 658 3328 dixissen
690 3277 748 3319 cf.
779 3279 948 3323 Herod.
982 3283 1093 3337 vm,
1120 3283 1218 3326 137.
1278 3285 1371 3327 Sed
1411 3287 1649 3341 potuerunt
1690 3282 1784 3325 alia
1814 3281 1874 3324 ab

318 3344 423 3387 aliia
454 3347 620 3388 tradita
645 3346 802 3390 fuisse.

205 3413 286 3469 **)
318 3415 387 3457 Cf.
419 3416 650 3458 Plutarch.
683 3418 760 3460 vit.
790 3418 1032 3464 Alexandri
1063 3436 1100 3464 c.
1130 3421 1171 3465 2.
1216 3458 1219 3461 .

174 3483 286 3540 ***)
314 3486 472 3529 Media
499 3487 614 3529 inter
642 3492 879 3544 utrumque
920 3491 1231 3539 fluvium-sita
1257 3500 1356 3541 emt
1382 3496 1493 3539 urbs
1519 3495 1677 3549 Pella,
1706 3493 1753 3535 in
1784 3503 1875 3547 qua

314 3570 449 3614 reges
477 3558 778 3602 Macedonum
806 3560 1087 3607 habitabant.
