2170 3848
958 244 1078 300 127

173 408 352 458 rasque
383 389 660 455 EuripidiS‚
711 388 954 439 Isocrates
996 390 1049 439 in
1082 388 1260 454 Paneg.
1295 389 1400 439 init.
1431 388 1483 439 in
1517 403 1663 439 suum
1696 401 1838 436 usum

177 473 434 522 convertit.

203 576 206 580 ·
311 550 712 600 celebratissima
746 549 862 598 inde
897 548 957 596 ab
993 547 1212 596 Homero
1233 545 1328 595 fuit
1352 547 1561 612 perfidia
1586 546 1839 610 Autolyci3

175 631 243 683 cf.
270 630 366 682 Od.
397 630 530 692 XIX,
557 633 669 681 396.
714 628 870 678 Plaut.
894 627 1074 678 Bacch.
1094 627 1149 686 ll,
1165 630 1212 689 3,
1227 629 1308 674 41.
1356 626 1576 676 Martial.
1605 626 1733 686 VHI,
1757 629 1838 674 59.

177 711 414 776 Corporis
460 711 640 759 robore
684 707 894 757 eundem
934 707 1176 770 insignem
1218 707 1296 756 vel
1340 707 1590 771 pugilatus
1623 707 1840 770 peritum

174 791 333 841 fuisse
365 805 602 853 nusquam
637 787 735 850 legi
769 787 1039 852 scriptum,
1074 802 1235 851 neque
1269 791 1539 851 potuerunt
1563 786 1647 834 illa
1672 792 1842 834 contra

178 885 471 936 quemquam
518 867 713 931 aptius,
762 883 908 930 quam
954 866 1250 925 Herculem,
1296 866 1567 930 disputari,
1609 882 1755 930 quem
1788 872 1842 914 ut

174 950 395 1016 pugilum
428 947 700 1010 principem
733 953 1083 1010 auctoremque
1129 962 1157 994 a
1203 947 1401 995 comicis
1435 946 1842 1010 frequentissime

174 1031 332 1079 risum
369 1042 484 1076 esse
532 1027 651 1074 satis
685 1031 856 1075 notum
890 1033 986 1075 est.
1053 1026 1271 1075 Eosdem
1317 1025 1407 1074 viri
1440 1042 1603 1074 mores
1638 1026 1841 1091 Euripi-

172 1110 263 1158 des
297 1124 408 1157 cum
443 1106 494 1154 iu
527 1107 779 1155 Alcestide
826 1113 929 1154 tum
977 1107 1026 1155 in
1068 1107 1395 1170 satyricorum
1431 1106 1705 1154 dramatum
1737 1107 1842 1170 ple·

171 1189 339 1252 risque
371 1187 595 1235 imitatus
633 1192 725 1236 est.
795 1186 940 1235 Unde
974 1203 1070 1236 non
1103 1189 1341 1235 absonum
1379 1191 1456 1234 est
1490 1186 1734 1251 suspicari
1767 1187 1842 1235 in-

171 1269 373 1318 ductum
407 1267 455 1314 in
490 1266 585 1313 hac
622 1264 785 1314 sabula
820 1267 1086 1315 Herculem
1123 1266 1283 1316 fuisse
1323 1283 1434 1314 cum
1463 1265 1706 1330 Autolyco
1740 1266 1841 1317 dis-

169 1351 444 1414 putantem,
479 1362 536 1394 ac
572 1351 794 1394 certante
816 1346 1119 1410 ingenuitate
1143 1363 1252 1395 cum
1284 1346 1479 1394 vafritia
1506 1346 1690 1395 victum
1730 1363 1843 1396 esse

171 1427 416 1492 perfidum
453 1441 510 1474 ac
543 1427 607 1474 de
642 1426 807 1474 medio
843 1427 1103 1476 sublatum.
1172 1427 1349 1476 Eidem
1384 1426 1630 1490 Autolyco
1654 1427 1842 1477 tribue-

170 1508 265 1557 rim
295 1507 472 1572 fragm.
503 1505 598 1555 inc.
629 1508 721 1554 16:

301 1585 548 1638 κάλλιστα
580 1585 828 1636 Μουσῶν
862 1583 1153 1652 φθέγγεται
1184 1585 1434 1637 πλουτῶν
1468 1582 1620 1650 ἀνήρ.

217 1904 420 1973 XIV.
503 1904 787 1987 Natura
831 1903 1257 1996 tragoediae
1305 1903 1397 1973 ab
1445 1903 1793 1998 Euripide

793 2015 1182 2084 immutata.

299 2237 592 2286 Aristoteles
628 2252 717 2286 sex
748 2237 890 2303 ponit
920 2242 1092 2302 partes
1125 2237 1423 2300 tragoediae,
1459 2254 1584 2301 quae
1619 2245 1838 2292 naturam

170 2317 277 2366 eius
311 2317 553 2366 efficiant:
600 2333 808 2382 quarum
842 2318 999 2366 tribus
1033 2317 1346 2366 continentur
1381 2334 1469 2376 ea,
1507 2337 1633 2383 quae
1666 2321 1840 2371 imita-

167 2403 266 2458 tur,
301 2398 492 2446 duabus
528 2413 602 2458 ea,
638 2398 816 2461 quibus
851 2397 1086 2457 imitatur,
1122 2413 1216 2445 una
1251 2413 1404 2462 genus
1427 2400 1662 2449 imitandi.
1700 2402 1840 2463 Quae

166 2477 391 2526 imitatur
421 2478 673 2540 tragoedia
721 2482 834 2526 sunt
882 2477 1106 2526 fabula
1151 2478 1254 2526 sive
1307 2485 1666 2541 argumentum,
1723 2499 1839 2530 mo-

168 2571 275 2604 res
309 2560 362 2604 et
405 2558 796 2607 sententiae.
868 2557 1056 2619 Quibus
1091 2557 1312 2606 imitatur
1346 2565 1456 2607 sunt
1504 2563 1700 2609 verba
1736 2563 1839 2611 sive

168 2635 317 2684 dictio
352 2642 404 2685 et
448 2637 685 2685 moduli
734 2639 835 2686 sive
877 2643 1065 2688 cantus.
1137 2637 1282 2686 Ratio
1317 2637 1539 2687 imitandi
1574 2649 1652 2690 est
1687 2658 1838 2707 appa·

167 2721 305 2764 ratus
339 2716 563 2764 scenicus
597 2718 703 2766 sive
737 2719 1196 2782 spectaculum.

297 2793 531 2845 Fabulam
566 2797 687 2846 dicit
732 2814 900 2847 rerum
934 2798 1257 2846 imitationem
1292 2798 1397 2846 sive
1433 2800 1836 2864 compositionem

165 2873 439 2933 factorum3
474 2892 656 2938 mores,
690 2878 739 2925 in
775 2880 951 2940 quibus
988 2883 1158 2926 natura
1186 2894 1372 2938 eorum,
1408 2880 1490 2942 qui
1519 2885 1681 2943 agant,
1718 2896 1837 2929 con-

166 2953 328 3014 sistat3
367 2957 649 3017 sententiaa,
686 2958 862 3021 quibus
912 2958 1122 3006 dicendo
1173 2957 1510 3007 demonstrent
1545 2960 1725 3023 aliquid
1761 2960 1837 3008 vel

165 3033 285 3096 quid
320 3042 554 3084 censeant
603 3037 870 3086 declarent.
935 3038 1088 3087 Facta
1123 3054 1184 3086 ex
1218 3040 1437 3087 moribus
1474 3039 1594 3088 dicit
1628 3046 1681 3088 et
1717 3056 1837 3101 sen-

164 3113 332 3162 tentiis
368 3116 528 3175 nasci,
564 3131 725 3180 neque
760 3119 819 3165 ab
854 3118 933 3166 his
970 3117 1188 3181 separari
1222 3134 1398 3182 posse3
1447 3120 1535 3168 sed
1571 3121 1652 3168 illa
1687 3121 1836 3169 finem

163 3193 450 3243 imitationis
496 3211 635 3256 esse,
687 3212 849 3246 mores
897 3204 1062 3246 autem
1111 3203 1160 3246 et
1206 3198 1478 3247 sententias
1515 3202 1656 3263 quasi
1690 3202 1832 3260 viam,

164 3287 260 3336 qua
281 3273 344 3322 ad
374 3289 434 3323 ea
466 3276 798 3339 perveniatur.
870 3277 1160 3339 „Summum
1196 3277 1346 3341 igitur
1371 3280 1521 3328 trium
1558 3287 1636 3328 est
1669 3280 1836 3328 facto-

162 3367 271 3400 rum
307 3355 627 3418 compositio:
669 3371 780 3404 nam
815 3357 1068 3423 tragoedia
1102 3357 1311 3406 imitatio
1347 3364 1423 3407 est
1465 3374 1584 3407 non
1631 3360 1835 3408 homi-

160 3444 318 3493 num,
351 3434 467 3483 sed
515 3433 844 3486 factorum
901 3437 1035 3500 (nam
1072 3442 1123 3486 et
1155 3437 1366 3487 felicitas
1401 3442 1453 3487 et
1486 3438 1752 3488 infelicitas
1785 3439 1836 3489 in
