2124 3860
951 269 1070 326 331

167 433 276 467 rum
311 415 654 465 celebrationis
686 416 934 480 particeps
969 415 1106 463 faces
1141 413 1390 478 quadrigis
1426 412 1687 478 praetulit,
1737 413 1842 475 qui-

168 501 260 548 bus
295 513 406 546 cum
454 495 681 544 Menelao
727 495 946 544 insidens
986 495 1178 543 Helena.
1209 494 1422 541 deducta
1455 498 1547 543 est.
1614 492 1662 540 Is
1695 492 1846 557 igitur

171 576 498 628 communiter
532 576 594 624 de
631 581 815 623 mutata
849 575 1064 636 fortuna,
1103 574 1164 622 de
1198 580 1403 637 purgata
1440 573 1666 621 dominae
1696 572 1843 634 fama,

171 658 236 707 de
270 657 424 704 finitis
461 657 708 704 laboribus
741 656 954 720 gaudet:
1000 656 1174 718 quibus
1210 653 1259 700 in
1296 653 1541 701 laboribus
1577 669 1723 715 quum
1759 669 1844 701 an-

170 738 414 787 niteretur
449 736 720 794 Menela11S‚
757 735 878 782 nihil
910 743 1165 783 assecutus
1202 737 1305 793 est3
1347 732 1509 781 eidem
1546 749 1736 781 summa
1769 734 1846 782 fe-

170 817 329 865 licitas
374 817 470 864 iam
517 822 690 880 sponte
737 815 948 878 obtingit
993 815 1272 880 inopinate,
1322 819 1372 862 et
1415 829 1475 862 ne
1510 813 1706 862 oracula
1741 816 1846 877 qui-

174 897 287 944 dem
335 901 482 961 atque
529 896 744 960 auspicia
787 895 898 959 plus
944 896 1267 960 profuerunt,
1325 894 1412 942 sed
1461 895 1598 942 coeci
1648 893 1850 944 fuerunt

174 982 327 1035 vates,
363 993 485 1024 vana
518 976 747 1038 auguria,
785 975 887 1023 sive
922 977 1054 1039 quod
1089 992 1205 1023 vera
1239 975 1306 1022 dii
1343 975 1537 1038 aperire
1572 974 1848 1037 noluerunt,

173 1057 278 1105 sive
326 1058 457 1120 quod
507 1056 715 1104 mendax
752 1058 947 1104 omnino
996 1062 1075 1105 est
1110 1055 1356 1104 divinatio.
1428 1055 1652 1103 Praestat
1684 1057 1849 1121 igitur,

174 1137 368 1185 omissis
405 1137 672 1196 vaticiniis,
723 1137 1017 1200 simpliciter
1051 1138 1176 1184 bona
1220 1153 1248 1183 a
1284 1136 1378 1183 diis
1412 1137 1606 1199 precari
1649 1142 1701 1185 et
1735 1152 1850 1185 con-

176 1217 284 1266 silio
320 1223 470 1280 atque
506 1218 768 1281 prudentia
801 1218 873 1264 uti
906 1223 1138 1279 tanquam
1174 1218 1357 1281 optima
1394 1216 1702 1265 divinatione.
1772 1216 1851 1265 In-

174 1298 322 1345 docto
364 1298 491 1345 hanc
539 1297 922 1361 disputationem
958 1297 1127 1344 tribuit
1163 1296 1456 1361 Euripides,
1493 1296 1621 1358 qnod
1659 1296 1856 1346 volebat

172 1377 301 1425 hanc
357 1377 685 1440 cognitionem
744 1376 804 1423 ad
853 1377 1216 1425 indoctissimus
1274 1377 1336 1423 de
1382 1375 1529 1439 plebe
1576 1383 1855 1439 penetrare.

173 1457 398 1505 Pudebat
445 1457 573 1504 enim
622 1473 736 1504 enm
780 1457 1006 1505 inscitiae
1039 1462 1091 1505 et
1125 1457 1492 1520 superstitionis
1527 1458 1855 1520 popularium,

174 1553 269 1600 qua
317 1538 367 1585 in
415 1537 732 1602 suscipiendo
781 1538 911 1587 bello
958 1544 1124 1586 contra
1160 1538 1452 1600 Syracusios
1487 1536 1599 1601 plus
1637 1536 1854 1598 hariolis,

173 1619 364 1667 vatibus
399 1619 875 1681 coniectoribusque,
912 1634 1056 1681 qnam
1091 1618 1363 1681 prudenter
1398 1617 1731 1674 suadentibus,
1767 1617 1855 1665 tri-

175 1698 408 1757 buerant3
445 1699 508 1747 cf.
537 1698 765 1761 Thucyd.
793 1697 926 1756 Vlll,
957 1700 1003 1745 1.
1057 1698 1290 1746 Ceterum
1319 1698 1524 1758 mireris,
1563 1696 1693 1760 quod
1729 1696 1856 1744 divi-

177 1778 424 1826 nationem
462 1777 725 1840 Euripides
762 1779 960 1826 damnet
992 1779 1040 1826 in
1074 1795 1132 1826 ea
1163 1780 1434 1843 tragoedia,
1470 1779 1516 1827 in
1559 1795 1651 1841 qna
1677 1765 1867 1826 summi⁴

178 1873 290 1905 esse
326 1858 561 1904 momenti
596 1858 809 1906 voluerit
841 1874 1081 1922 responsa
1115 1859 1318 1922 virginis
1355 1859 1545 1906 divinae
1573 1858 1855 1907 Tbeonoes.

180 1936 278 1985 Sed
328 1937 438 1986 talis
488 1938 669 2000 ubique
705 1945 807 1998 est,
851 1940 902 1986 in
948 1941 1251 2002 argumentis
1287 1940 1559 1987 dramatum
1610 1938 1755 1999 ficta,
1807 1939 1858 1987 in

181 2017 595 2082 disputationibus
631 2034 747 2066 vera
781 2019 1060 2083 exprimens
1096 2035 1372 2083 curansque
1404 2020 1543 2083 ipse,
1581 2034 1642 2066 ne
1675 2020 1857 2067 utrius—

181 2113 276 2161 que
309 2098 504 2161 generis
541 2099 634 2146 vim
668 2108 994 2162 naturamque
1022 2107 1374 2164 permutemus.
1447 2099 1548 2147 Sed
1582 2099 1661 2146 his
1696 2100 1858 2162 dictis,

180 2179 358 2241 quibus
417 2178 767 2242 ingenuitatem
829 2179 977 2227 animi
1023 2181 1223 2227 satelles
1263 2180 1513 2240 declarat,
1576 2179 1638 2228 ad
1684 2195 1857 2228 navem

177 2258 312 2307 redit
371 2258 598 2305 mandata
645 2259 830 2307 domini
865 2260 981 2307 illuc
1016 2261 1313 2324 perlaturus
1384 2260 1691 2325 Exspectare
1727 2261 1856 2309 enim

182 2338 344 2385 socios
390 2337 527 2386 iubet
577 2337 833 2386 Menelaus
880 2344 930 2388 et
975 2341 1035 2388 ad
1085 2355 1138 2388 se
1175 2341 1223 2387 in
1257 2341 1511 2389 liberanda
1545 2341 1859 2390 abducenda-

183 2432 279 2480 que
314 2433 466 2466 uxore
501 2418 825 2467 adiuvandum
860 2427 1058 2484 paratos
1095 2437 1224 2472 esse.

315 2497 549 2561 Sequitur
593 2498 772 2547 deinde
819 2501 1026 2563 periculi
1074 2501 1372 2548 imminentis
1407 2500 1676 2548 declaratio
1712 2505 1763 2548 et
1797 2500 1860 2548 de

183 2577 341 2625 salute
398 2578 704 2628 deliberatio·
796 2581 942 2628 Hunc
997 2580 1284 2629 Wielandus
1337 2580 1582 2644 dialogum
1628 2588 1858 2645 tanquam

186 2657 466 2722 exemplar,
515 2661 644 2722 quod
691 2661 972 2723 imitentur,
1026 2661 1227 2725 tragicis
1274 2661 1435 2725 poetis
1485 2660 1707 2708 omnibus
1756 2660 1860 2708 vult

189 2742 303 2786 ante
352 2738 520 2786 oculos
563 2740 699 2802 poni.
767 2741 861 2790 Est
896 2747 1057 2790 autem
1104 2742 1228 2789 baec
1261 2741 1620 2804 colloquiorum
1655 2740 1858 2802 singulis

186 2819 411 2867 versibus
456 2823 798 2870 contextorum
843 2823 948 2881 vis,
1004 2827 1060 2871 ut
1102 2822 1242 2884 quasi
1287 2822 1584 2869 certantibus
1629 2821 1759 2868 inter
1804 2837 1860 2869 se

184 2903 377 2963 argute,
413 2898 582 2946 stricte
609 2902 882 2966 acriterque
915 2904 1060 2951 dictis
1090 2902 1310 2950 crebrius
1340 2901 1684 2966 percutiantur
1710 2901 1859 2950 animi

191 2983 245 3027 et
280 2978 418 3043 quasi
457 2979 606 3027 citato
642 2996 786 3029 cursu
823 2983 1118 3032 decurrente
1152 2982 1395 3045 colloquio
1430 2982 1747 3046 abripiantur.
1806 2981 1859 3030 ln

188 3058 286 3107 hoc
322 3075 437 3107 vero
476 3059 717 3123 colloquio
750 3064 1009 3112 verborum
1045 3064 1207 3112 nervis
1242 3079 1409 3112 rerum
1458 3061 1654 3112 accedit
1699 3055 1858 3125 gravi-

187 3142 290 3198 tas,
342 3139 656 3188 consiliornm
692 3143 1004 3206 magnitudo,
1041 3144 1310 3193 animorum
1346 3141 1615 3201 fortitudo,
1665 3156 1859 3189 morum

188 3220 504 3282 praestantia.
573 3219 668 3268 Per
720 3222 893 3272 decem
938 3226 1086 3290 igitur
1133 3240 1283 3272 annos
1324 3224 1482 3283 bello,
1528 3238 1619 3287 per
1665 3226 1860 3283 septem

192 3298 440 3346 erroribus
477 3299 678 3348 functus
715 3301 997 3365 Menelaus,
1041 3305 1234 3352 inventa
1269 3306 1464 3353 tandem
1499 3315 1680 3359 uxore,
1725 3299 1859 3346 cuius

189 3378 345 3441 gratia
395 3379 587 3427 labores
633 3380 743 3429 illos
777 3398 945 3433 omnes
978 3385 1233 3445 toleravit,
1269 3401 1443 3434 necem
1477 3382 1571 3431 sibi
1606 3379 1861 3427 imminere

188 3455 324 3507 videt
354 3459 415 3507 ab
450 3475 529 3518 eo,
567 3461 706 3508 cuius
740 3462 937 3513 domum
964 3464 1231 3531 naufragus
1263 3461 1650 3515 misericordiam
1682 3457 1859 3522 implo-
