2170 3866
1155 296 1238 353 47
1241 295 1283 353 8

510 441 887 507 Expergiscitur
919 442 1103 493 deinde
1130 460 1191 493 ex
1226 458 1399 493 somno
1426 443 1636 495 Orestes
1668 460 1781 496 cum
1807 447 1972 499 verbis
1997 447 2070 498 le-

378 524 618 575 uissimis:
652 523 732 586 „0
767 528 961 587 gratum
999 526 1156 573 somni
1176 525 1611 584 oblectamentum,
1647 527 1805 576 morbi
1828 528 2069 590 levamen,

377 620 522 669 quam
568 604 716 654 dulce
766 604 890 652 mihi
935 611 1075 654 recto
1109 610 1340 670 tempore
1374 606 1583 655 venisti!
1645 622 1676 656 o
1722 607 1852 656 alma
1883 609 2070 658 oblivio

375 683 645 743 malorum,
696 700 843 748 quam
893 701 947 734 es
997 692 1279 750 opportuna
1325 691 1376 734 et
1409 687 1644 751 optabilis
1679 685 1879 736 afflictis
1911 689 2067 738 dea!''

376 764 582 826 Quaerit
625 765 833 826 deinde,
882 767 1129 830 quomodo
1178 767 1279 815 huc
1312 767 1534 826 venerit,
1582 767 1804 831 priorum
1850 768 2068 834 ignarus·

373 844 571 895 Allevat
617 860 798 911 corpus
833 846 1026 910 aegroti
1061 862 1227 903 soror,
1277 862 1502 910 spumam
1539 863 1626 896 ore
1662 847 1919 913 oculisque
1952 850 2067 899 abs-

372 925 549 990 tergit,
587 941 779 974 comam
816 926 1128 989 squalentem
1165 926 1302 976 vultu
1340 927 1522 986 demit,
1559 933 1667 976 tum
1699 943 1874 976 rursus
1908 929 1958 978 in
1993 929 2067 978 le-

373 1010 505 1054 ctum
552 1006 761 1053 reclinat
806 1007 856 1053 in
904 1007 1200 1056 remissione
1231 1007 1415 1055 furoris
1465 1008 1744 1070 infirmum,
1791 1024 2066 1072 rursusque

370 1085 516 1150 erigit
561 1085 901 1148 impatientem
948 1092 1110 1134 status
1154 1087 1314 1134 omnis
1350 1093 1399 1135 et
1432 1089 1778 1136 vicissitudinis
1814 1088 2065 1154 cupidum.

368 1163 491 1214 Mox
535 1165 584 1213 in
631 1165 738 1213 solo
786 1167 988 1230 vestigia
1023 1167 1160 1230 ponit
1196 1166 1432 1228 OresteS,
1483 1172 1540 1217 ut
1575 1169 1809 1232 opinione
1842 1168 2064 1218 sanitatis

365 1250 641 1294 recreetur.
721 1244 851 1294 Tum
902 1247 1133 1294 solatium
1181 1246 1378 1310 aliquod
1428 1248 1748 1311 aegritudiuis
1786 1231 1858 1297 sel
1884 1248 2067 1297 afferre

365 1325 577 1374 credens
610 1324 813 1373 Electra
839 1325 1055 1374 Menelai
1081 1326 1345 1375 adventum
1371 1332 1728 1376 commemorat
1741 1327 1811 1390 *).
1867 1327 2065 1378 Gaudet

365 1403 577 1454 Orestes
622 1405 783 1453 lucem
831 1406 925 1454 sibi
972 1406 1226 1455 affulsisse
1268 1407 1425 1455 virum
1463 1413 1516 1455 et
1552 1409 1787 1470 sanguine
1820 1412 1872 1456 et
1905 1409 2065 1457 bene·-

365 1485 496 1534 ficiis
541 1485 695 1548 patris
742 1484 1094 1547 iunctum**);
1146 1487 1237 1534 sed
1283 1480 1491 1550 repente
1538 1485 1764 1535 Helenae
1810 1487 2062 1537 dedecore

363 1564 585 1615 dedecus
628 1565 802 1612 matris
850 1570 903 1613 et
953 1566 1252 1629 supplicium
1275 1567 1365 1618 xde
1413 1582 1470 1614 ea
1505 1573 1720 1614 sumtum
1755 1567 1805 1614 in
1841 1571 2062 1618 mentem

362 1650 645 1705 revocante,
679 1646 730 1693 in
764 1645 990 1693 furorem
1024 1647 1224 1708 recidit,
1260 1647 1576 1708 distorquens
1613 1645 1782 1694 oculos
1818 1646 2062 1695 clamans-

363 1741 490 1790 que:
541 1723 623 1787 „0
661 1732 836 1785 mater,
871 1727 1096 1785 obsecro,
1131 1741 1194 1775 ne
1229 1727 1467 1774 immittas
1503 1726 1623 1774 mihi
1658 1727 2061 1792 sanguinolentas

361 1806 607 1871 virgines,
658 1807 975 1871 serpentibus
1024 1806 1280 1855 horridas:
1332 1806 1527 1854 iamiam
1564 1807 1694 1854 enim
1744 1807 2060 1872 propiusir-

359 1891 526 1936 ruunt.
594 1885 637 1934 Ο
675 1886 896 1947 Phoebe,
932 1887 1182 1936 necabunt
1216 1902 1297 1935 me
1330 1890 1516 1947 truces,
1552 1887 1720 1951 specie
1756 1887 1946 1949 canina,
1982 1887 2060 1937 in·

356 1966 584 2016 ferorum
622 1969 931 2027 sacerdotes,
967 1968 1248 2016 horrendae
1283 1966 1468 2015 deae!''
1506 1966 1641 2016 Inter
1673 1968 1799 2015 haec
1822 1969 1940 2016 dum
1975 1982 2060 2016 so·

357 2063 444 2097 ror
478 2046 657 2097 sedare
690 2048 915 2097 furorem
951 2054 1003 2096 et
1037 2050 1084 2096 in
1121 2046 1360 2096 lectulum
1397 2048 1639 2096 reducere
1663 2048 1922 2096 saltantem
1951 2063 2058 2097 am-

355 2127 503 2193 plexa
539 2129 738 2189 studet,
773 2129 858 2177 ille
892 2145 1001 2178 eam
1037 2143 1245 2178 numero
1279 2128 1541 2184 Furiarum
1578 2142 1694 2175 esse
1728 2128 1891 2176 credit
1923 2128 1976 2176 et
2007 2129 2057 2177 in

357 2205 623 2256 Tartarum
673 2224 857 2273 corpus
907 2225 1052 2258 suum
1098 2208 1367 2257 demittere
1413 2205 1689 2271 velle***).
1763 2207 2058 2273 Despoudet

354 2286 511 2354 igitur
543 2289 759 2336 animum
795 2289 1002 2338 Electra
1037 2293 1087 2336 et
1122 2288 1355 2336 obvoluto
1393 2288 1557 2351 capite
1592 2286 1895 2338 lacrimatur.
1965 2287 2056 2336 llle

354 2383 476 2416 vero
508 2385 678 2418 arcum
711 2385 954 2434 poscens,
1002 2368 1063 2416 ab
1098 2367 1329 2432 Apolline
1378 2366 1439 2414 ad
1475 2365 1714 2414 arcendas
1750 2365 1930 2415 Furias
1963 2365 2055 2415 do-

355 2453 526 2498 natum
539 2448 630 2515 †)‚
680 2456 933 2499 certamen
979 2448 1075 2498 sibi
1122 2446 1321 2496 mortali
1367 2462 1482 2495 cum
1529 2446 1893 2496 immortalibus
1926 2446 2057 2495 inire

412 2654 463 2710 ⁴³)
494 2655 647 2699 Schol.
667 2671 710 2699 v.
736 2653 844 2697 231:
879 2651 956 2698 διὰ
975 2652 1147 2699 τούτου
1167 2655 1434 2709 ψυχαγωγεῖ
1457 2650 1539 2695 τὸν
1561 2649 1769 2708 οἷδελφόν
1786 2645 2053 2708 ὑπομιμνή-

497 2738 670 2769 σκουσα
698 2726 785 2769 τοῦ
813 2726 1044 2783 πατρικοῦ
1082 2721 1289 2781 ἀδελφοῦ
1317 2723 1397 2768 καὶ
1428 2721 1616 2774 ἐλπίδας
1654 2715 1840 2778 ἀγαθὰς
1880 2720 2051 2766 ὑποτί-

495 2798 635 2840 θεται
665 2794 744 2841 διὰ
774 2797 861 2840 τοῦ
891 2798 1046 2842 θείου.

380 2866 459 2923 Ἡ)
490 2868 673 2911 Schol.:
704 2867 1110 2925 προςπαθέστερον
1141 2864 1190 2910 δὲ
1219 2868 1348 2909 ποιεῖ
1372 2863 1425 2908 τὸ
1447 2866 1602 2922 δρᾶμα
1625 2863 1706 2909 καὶ
1727 2861 1780 2908 τό
1805 2861 2053 2923 πόῤῥωθεν

491 2936 827 2996 διαβάλλεσθαι
855 2936 939 2982 τὸν
969 2937 1236 2990 Μενέλαον,
1277 2934 1400 2981 καθὸ
1434 2935 1670 2987 ἐλπισθεὶς
1697 2935 1936 2995 βοηθῆσαι
1965 2931 2053 2978 ουίι

491 3007 772 3066 ἐβοήθησεν.

349 3079 460 3135 ***)
487 3080 619 3123 Haec
645 3080 845 3136 respexit
880 3079 1096 3122 Horatius
1125 3080 1268 3123 Serm.
1299 3079 1358 3131 ΙΙ,
1391 3078 1434 3131 3,
1462 3076 1560 3119 141.
1620 3076 1854 3120 Laudibus
1893 3074 2053 3119 extulit

487 3151 608 3194 hanc
637 3157 778 3194 totam
809 3151 976 3194 furoris
1003 3150 1300 3194 imitationem
1328 3149 1558 3206 Longinus
1587 3149 1642 3191 de
1671 3148 1790 3190 subl.
1821 3149 1929 3188 sect.
1962 3144 2048 3187 15:

489 3219 684 3265 ἐνταῦθ’
725 3220 749 3265 ὁ
781 3219 975 3278 ποιητὴς
1007 3219 1148 3272 αὖτός
1178 3218 1299 3265 εἶδεν
1330 3218 1572 3279 ἐριννύας·
1620 3213 1648 3262 ὃ
1690 3214 1730 3261 δ’
1773 3213 2050 3271 ἐφαντάσθη

488 3294 658 3347 μικροῦ
688 3294 786 3337 δεῖν
814 3290 1087 3337 θεάσασθαι
1118 3290 1195 3335 καὶ
1224 3289 1337 3342 τούς
1368 3290 1630 3339 ἀκούοντας
1665 3283 1940 3344 ἠνάγκασεν.

399 3361 454 3417 †)
484 3363 639 3407 Schol.
671 3378 714 3406 v.
743 3363 853 3406 258:
895 3362 1164 3423 Στησιχόρῳ
1204 3360 1254 3407 δὲ
1291 3361 1514 3418 ἑπόμενος
1554 3358 1669 3413 τόξα
1713 3357 1857 3413 φησὶν
1901 3350 2049 3422 αὐτὰν

490 3432 732 3490 εἰληφέναι
756 3433 885 3493 παρὰ
913 3432 1203 3486 Ἀπόλλωνος.
1251 3431 1382 3478 Ἔδει
1412 3425 1498 3476 οὖν
1525 3431 1608 3475 τὸν
1637 3425 1906 3487 ’ὑποκριτὴν
1935 3424 2050 3480 τόξα

491 3502 697 3562 λαβόντα
726 3504 946 3561 τοξεύειν.
1981 3521 1983 3523 ·
