2170 3848
939 263 1063 318 1⁰3

148 415 455 479 promittunt,
500 429 582 470 se,
635 425 880 460 memores
914 409 1108 472 accepti
1150 406 1409 464 beneficii,
1458 407 1663 467 gratiam
1710 421 1823 455 esse

146 493 326 542 civitati
373 492 743 542 Atheniensium
790 489 1047 538 relaturos.
1116 485 1208 544 His
1255 484 1383 531 finiri
1429 484 1598 532 drama
1641 487 1819 550 potuit.

145 572 269 621 Nam
306 589 433 637 quae
469 571 694 619 Minerva
744 568 990 633 praecipit
1023 567 1084 614 ad
1131 565 1406 626 argumenti
1440 565 1626 613 exitum
1662 566 1819 630 expli·

147 653 358 701 candum
399 652 469 700 nil
518 650 811 714 pertinent.¹
863 646 1007 694 Iubet
1065 644 1193 692 enim
1251 643 1568 691 iureiurando
1614 646 1820 709 Argivos

144 731 384 795 obstringi
417 746 473 778 se
506 745 752 793 uunquam
785 727 835 775 in
867 726 1083 775 Atticam
1118 722 1316 771 infestis
1351 723 1501 771 armis
1547 723 1820 787 invasuros,

144 811 475 861 iuramentum
508 813 674 861 autem
708 806 890 870 tripodi
925 805 1155 865 inscribi,
1199 819 1412 866 eumque
1447 802 1691 867 Delphico
1727 804 1820 853 deo

146 890 439 938 servandum
471 887 619 942 tradi,
652 891 702 934 et
734 885 883 933 huius
919 884 1116 947 generis
1151 883 1244 931 alia
1280 883 1563 944 hominum,
1600 886 1683 948 qui
1716 892 1818 935 tum

148 973 318 1024 erant,
367 966 675 1032 opinionibus
718 964 1101 1025 accommodata.
1169 963 1299 1012 Tum
1336 963 1452 1012 filiis
1489 979 1689 1025 eorum,
1739 968 1820 1029 qui

145 1048 276 1111 apud
314 1045 512 1094 Thebas
547 1045 801 1095 interfecti
835 1051 977 1104 sunt,
1024 1045 1290 1109 pollicetur
1353 1044 1465 1092 fore
1515 1048 1570 1092 ut
1621 1045 1819 1094 vixdum

144 1127 391 1190 puberes,
427 1126 556 1175 duce
588 1126 824 1190 Aegialeo
859 1141 918 1173 ac
953 1124 1210 1186 Diomede,
1259 1123 1460 1173 Thebas
1495 1127 1821 1190 expugnando

141 1209 338 1270 patrum
372 1212 581 1254 mortem
618 1205 882 1254 vindicent.

270 1286 624 1351 Argumentum
662 1284 858 1335 fabulae
891 1284 1019 1346 tale,
1069 1285 1212 1349 quale
1247 1287 1306 1334 ab
1343 1284 1585 1348 Euripide
1621 1284 1819 1334 confor-

139 1371 323 1415 matum
356 1365 471 1426 fuit,
506 1365 782 1414 retulerunt
816 1364 1024 1414 Pausan.
1061 1363 1101 1424 I,
1129 1367 1212 1424 39,
1246 1367 1294 1416 1.
1316 1367 1364 1413 2.
1401 1364 1600 1415 Diodor.
1628 1364 1715 1433 IV,
1736 1361 1830 1414 65.>

140 1444 375 1510 Apollod:
403 1444 487 1507 ΙΙΙ,
524 1448 572 1497 ’7.
643 1445 753 1494 Non
799 1445 949 1493 armis
994 1437 1287 1509 pugnando,
1338 1445 1427 1494 sed
1475 1445 1822 1510 persuadendo

140 1524 539 1590 paciscendoque
599 1526 839 1585 cadavera
896 1541 925 1572 a
971 1523 1224 1573 Thebanis
1280 1526 1543 1590 impetrata
1607 1541 1720 1574 esse
1770 1530 1822 1574 et

140 1610 362 1654 mutasse
394 1604 683 1668 Euripidem
719 1606 898 1654 tradita
931 1621 958 1652 a
994 1605 1241 1670 prioribus
1289 1605 1414 1653 dixit
1442 1605 1738 1654 Plutarchus
1760 1605 1822 1654 „in

140 1686 221 1734 vit.
256 1683 409 1735 Thes.
443 1701 487 1736 c.
523 1688 606 1734 29.
674 1685 775 1733 Sed
810 1686 1092 1749 praeierant
1125 1683 1199 1731 illi
1232 1690 1285 1733 et
1307 1684 1597 1734 Herodotus
1628 1685 1715 1745 IX,
1739 1687 1819 1732 27.

141 1772 194 1815 et
240 1765 520 1828 Aeschylus
569 1765 619 1812 iu
670 1764 937 1812 Eleusiniis
973 1763 1128 1827 (Plut.
1164 1764 1197 1811 l.
1235 1763 1322 1826 l.),
1370 1780 1517 1827 quem
1553 1764 1820 1829 Euripides

140 1849 311 1909 potest
344 1845 566 1892 imitatus
618 1859 745 1892 esse.
813 1843 1010 1891 Laudes
1045 1842 1321 1891 Atticorum
1368 1848 1420 1891 et
1465 1844 1516 1891 in
1559 1845 1656 1892 hoc
1705 1844 1818 1892 dra-

141 1931 274 1974 mate
318 1928 370 1973 et
414 1924 462 1972 in
507 1922 790 1972 Heraclidis
838 1927 891 1972 et
933 1924 983 1970 in
1028 1922 1316 1971 Erechtheo
1361 1923 1671 1986 praedicatas
1715 1924 1818 1973 fre·
1878 1987 1880 1992 Ι

142 2008 348 2069 queuter
379 2003 554 2051 imitati
588 2007 702 2051 sunt
735 2002 1017 2062 Rhetores‚
1069 2001 1206 2049 velut
1239 2001 1480 2051 Isocrates
1515 2004 1564 2051 in
1597 2003 1818 2068 Panegy-

140 2085 273 2143 rico,
331 2082 417 2146 qui
472 2085 524 2130 et
571 2087 859 2145 argumenta
903 2081 1215 2143 fabularum,
1281 2098 1398 2146 quas
1444 2082 1568 2143 dixi,
1629 2083 1816 2135 retulit.

139 2162 303 2212 Etiam
335 2161 635 2211 Aristoteles
669 2162 814 2210 Polit.
848 2161 912 2221 V,
947 2165 997 2209 9.
1032 2179 1082 2226 p.
1119 2162 1233 2210 151.
1270 2162 1318 2210 in
1352 2163 1441 2222 iis,
1479 2179 1605 2226 quae
1640 2162 1704 2211 de
1738 2179 1818 2212 re-

141 2259 248 2292 rum
283 2242 588 2306 publicarum
623 2242 801 2290 formis
836 2241 1116 2307 disputavit,
1150 2241 1440 2308 Euripidem
1467 2242 1689 2291 imitatus
1725 2248 1818 2293 est.

139 2322 364 2386 Denique
377 2337 471 2371 non
498 2321 739 2381 omittam,
772 2322 903 2386 quod
919 2320 1221 2371 Macedones
1238 2323 1500 2387 quondam,
1529 2321 1833 2372 Aetolorum'

139 2402 409 2460 saevitiam,
444 2417 542 2464 qua
574 2401 724 2450 Dium
759 2401 1113 2465 Dodonamque
1146 2408 1482 2463 vastaverant,
1517 2403 1627 2465 ulti,
1664 2404 1819 2451 excisi

140 2481 312 2547 oppidi
344 2480 552 2529 Thermi
593 2481 850 2547 parietinis
891 2482 1251 2546 inscripserunt
1295 2498 1492 2531 versum
1529 2482 1815 2533 celebratis-

141 2562 317 2611 simum
353 2558 542 2624 (861.):

271 2637 400 2705 ὁρᾷς
432 2638 493 2691 τὸ
526 2641 669 2690 -Δῖον
702 2630 769 2691 οὗ
803 2634 963 2707 βέλος
989 2639 1252 2694 διέπτατο.

272 2720 416 2769 Nulla
459 2721 575 2769 huic
619 2722 833 2771 dramati
864 2723 996 2772 inest
1039 2739 1267 2788 persona,
1314 2737 1458 2786 quam
1494 2723 1816 2787 principalem

142 2799 312 2849 dicere
346 2801 534 2865 possis,
586 2801 682 2849 nisi
727 2801 862 2852 forte
898 2803 1039 2851 chori
1073 2819 1157 2852 eas
1194 2807 1360 2868 partes
1395 2818 1509 2851 esse
1543 2804 1815 2868 putandum

143 2881 224 2929 sit.
292 2879 482 2945 Legum
516 2880 680 2942 etiam,
715 2898 835 2946 quas
870 2883 1029 2931 critici
1063 2885 1374 2949 proponunt,
1418 2882 1682 2947 plerasque
1714 2882 1815 2931 lae-

142 2976 224 3009 sas
258 2974 372 3008 esse
403 2965 636 3024 apparet3
683 2967 736 3010 et
777 2967 940 3011 tamen
986 2964 1224 3011 movendo
1268 2962 1589 3027 docendoque
1622 2964 1702 3013 vix
1734 2963 1815 3011 ul-

142 3041 240 3090 lam
272 3038 574 3107 tragoediam
608 3041 847 3105 aptiorem
880 3042 1040 3092 fuisse
1072 3041 1371 3107 intelligitur.

818 3246 1144 3255 ψ
