2124 3860
1108 269 1232 327 368

331 417 548 482 ipsarum
593 412 872 463 conditione
913 420 1198 478 congruant.
1268 414 1446 465 Certus
1491 417 1621 466 enim
1665 418 1846 483 cuique
1887 432 1996 466 car-

330 495 449 544 mini
483 494 597 543 finis
630 494 913 559 propositus
948 500 1042 555 est,
1080 496 1130 544 in
1164 510 1261 559 quo
1297 496 1524 545 consistit
1555 497 1660 545 eius
1693 497 1997 563 simplicitas,

329 575 393 623 ad
447 589 591 637 quam
646 574 956 623 efficiendam
1017 580 1120 623 tum
1176 580 1343 638 partes
1391 591 1562 624 omnes
1609 580 1715 626 tum
1759 591 1996 640 personas

330 655 468 717 quasi
515 654 785 718 symbolam
832 656 978 703 decet
1022 671 1114 718 pro
1149 671 1204 703 se
1238 671 1480 719 quamque
1515 656 1768 716 conferre3
1817 672 1876 704 ea
1909 672 1996 704 au-

330 740 431 783 tem
464 735 630 798 operis
667 750 855 782 summa
889 735 938 782 in
973 734 1185 782 auctoris
1222 740 1388 783 mente
1422 751 1479 783 ac
1498 735 1748 783 voluntate
1769 740 1996 798 tanquam

328 813 648 862 fundamento
683 814 863 862 nititur.
933 814 1074 875 Quod
1111 815 1254 878 quale
1290 817 1354 863 sit
1388 815 1578 878 etquid
1613 815 1774 863 valeat
1796 814 1854 862 ad
1882 829 1997 879 par-

328 898 406 942 tes
448 894 611 958 operis
644 894 1020 957 temperandas,
1059 895 1197 942 chori
1231 911 1433 943 munera
1469 895 1785 944 considerans
1819 893 1997 942 melius

327 973 593 1037 intelliges,
627 989 752 1036 quae
787 974 1063 1021 communia
1098 975 1249 1037 magis
1285 991 1427 1037 quam
1463 975 1662 1038 propria
1695 990 1810 1022 esse
1845 988 1994 1036 quum

325 1052 519 1116 pridem
562 1053 625 1100 sit
661 1054 938 1116 cognitum,
978 1062 1251 1103 ceterarum
1289 1070 1606 1118 personarum
1641 1055 1847 1102 eandem
1883 1067 1996 1101 esse

325 1132 562 1181 rationem
588 1133 747 1181 minus
782 1139 1097 1197 perspectum
1135 1138 1227 1182 est.
1296 1134 1526 1182 Proxime
1561 1138 1722 1181 autem
1757 1133 1818 1180 ad
1857 1131 1995 1180 chori

323 1217 528 1260 munera
562 1213 782 1260 officium
817 1214 1009 1261 accedit
1043 1214 1351 1275 nuntiorum,
1386 1214 1673 1271 custodum,
1716 1211 1995 1277 speculato·
2028 1216 2033 1219 “

324 1308 433 1341 rum
491 1296 542 1340 et
591 1292 814 1339 eiusdem
867 1293 1062 1356 generis
1114 1294 1351 1350 aliorum,
1410 1293 1493 1356 qui
1545 1293 1709 1356 epicas
1763 1290 1994 1340 carminis

323 1378 519 1436 partes,
568 1371 979 1436 quemadmodum
1016 1372 1194 1420 chorus
1230 1374 1424 1437 lyricas,
1463 1374 1734 1436 suscipiunt
1766 1370 1994 1434 agendas,

323 1457 376 1501 et
406 1451 668 1515 rhapsodis
703 1457 816 1499 sunt
849 1452 1054 1513 similes,
1087 1453 1410 1501 recitantibus
1445 1467 1540 1500 non
1574 1467 1700 1514 quae
1731 1451 1825 1515 ipsi
1856 1466 1993 1498 com-

321 1538 621 1596 posuerunt,
670 1531 755 1580 sed
801 1548 926 1595 quae
969 1531 1194 1580 mandata
1240 1549 1266 1580 a
1303 1532 1462 1596 poetis
1508 1534 1822 1595 acceperunt.
1889 1528 1992 1578 Sed

323 1627 412 1660 eae
458 1626 653 1675 quoque
703 1627 971 1674 personae,
1027 1627 1226 1676 quarum
1276 1613 1487 1660 maxime
1523 1626 1726 1659 caussae
1762 1614 1990 1675 aguntur,

321 1706 523 1754 quarum
562 1707 625 1739 ue
651 1690 1013 1739 discriminibus
1041 1698 1328 1756 argumenta
1353 1692 1626 1740 dramatum
1651 1690 1991 1747 conficiuntur,

320 1786 469 1834 quum
506 1708 734 1834 tilssquam
771 1771 1030 1819 simulacra
1066 1772 1362 1836 effingantur
1396 1787 1598 1831 eorum,
1648 1785 1774 1833 quae
1818 1769 1992 1818 volunt

319 1852 634 1913 sentiuntque
670 1855 875 1915 poetae,
927 1852 997 1900 ita
1031 1852 1380 1917 temperandae
1415 1857 1553 1909 sunt,
1599 1856 1684 1910 ut,
1729 1865 1841 1898 cum
1875 1863 1990 1896 suas

320 1946 543 1994 quaeque
585 1946 664 1978 res
710 1947 859 1996 agere
905 1931 1159 1991 videatur,
1210 1931 1363 1980 huius
1391 1937 1632 1991 mentem,
1678 1929 1990 1986 sententiam,

317 2010 615 2059 voluntatem
664 2011 897 2075 aperiant.
976 2012 1149 2060 Fictor
1192 2012 1319 2060 enim
1358 2016 1436 2058 est
1469 2015 1643 2075 poeta,
1677 2024 1773 2058 non
1805 2024 1991 2069 rerum,

317 2106 438 2154 quas
468 2090 545 2137 vel
580 2091 786 2139 traditas
819 2091 1013 2155 accepit
1045 2092 1123 2139 vel
1152 2092 1259 2156 ipse
1291 2091 1427 2149 vidit,
1463 2091 1704 2154 scriptor3
1742 2094 1820 2138 est
1854 2089 1987 2137 idem

317 2170 533 2217 imitator
578 2171 833 2227 veritatis,
885 2187 978 2219 non
1022 2172 1178 2235 ipsius
1239 2170 1459 2219 veritatis
1521 2174 1790 2218 enarrator.
1869 2168 1988 2217 Fin-

316 2265 436 2312 gere
481 2248 632 2311 igitur
679 2255 880 2297 eatenus
916 2250 1058 2307 licet,
1108 2255 1349 2311 quatenus
1385 2264 1500 2312 spes
1536 2252 1612 2295 est
1644 2248 1848 2296 fallendi
1882 2262 1984 2306 eoa,

317 2328 399 2392 qui
445 2328 873 2375 non'acutissimo
907 2328 1090 2375 iudicio
1136 2332 1413 2374 commenta
1459 2327 1716 2390 explorent
1762 2332 1814 2374 et
1856 2341 1987 2373 com-

316 2407 463 2455 motis
512 2407 665 2455 semel
713 2408 884 2454 animis
936 2408 1089 2471 magis
1140 2407 1200 2454 ad
1253 2406 1634 2454 conformandas
1689 2405 1987 2468 cogitatione

315 2487 582 2551 imagines,
648 2503 791 2550 quam
850 2485 913 2534 ad
963 2486 1291 2535 ratiocinandi
1334 2486 1600 2533 sollertiam
1644 2485 1828 2548 promti
1872 2485 1986 2533 sint.

316 2567 574 2631 Sequitur,
622 2573 681 2614 ut
715 2582 808 2614 non
844 2568 1002 2616 minus
1037 2566 1312 2624 fabularum
1347 2570 1653 2621 commenta,
1708 2580 1832 2627 quae
1875 2563 1985 2626 qui-

316 2646 429 2694 dem
465 2645 679 2709 opinioni
713 2646 967 2694 hominum
1002 2647 1349 2711 respondeant,
1383 2661 1529 2708 quam
1562 2659 1644 2692 res
1677 2659 1794 2691 vere
1820 2647 1986 2706 gestas

316 2742 554 2775 exornare
602 2726 860 2774 commode
902 2727 1071 2786 liceat3
1121 2726 1171 2774 in
1215 2731 1428 2788 utroque
1475 2731 1641 2772 autem
1683 2738 1866 2786 genere
1899 2724 1984 2770 c'u-

314 2806 519 2853 randum
553 2811 655 2862 est,
693 2810 750 2854 ut
782 2806 1155 2854 verisimilitudo
1189 2805 1428 2867 quaedam
1462 2804 1611 2852 rebus
1646 2807 1759 2867 apte
1790 2807 1984 2866 tempe-

312 2885 479 2934 randis
515 2886 712 2935 existat.
780 2885 988 2935 Facilius
1025 2890 1188 2934 autem
1221 2885 1432 2948 patimur
1465 2883 1514 2931 in
1550 2881 1854 2931 mirabilibus
1894 2879 1985 2928 ali-

314 2964 433 3028 quid
468 2965 746 3027 incongrui,
794 2982 938 3030 quam
973 2966 1022 3014 in
1057 2964 1323 3021 consuetis,
1358 2963 1594 3027 relinqui:
1644 2961 1826 3010 etenim
1860 2975 1985 3024 quae

314 3044 547 3092 divinitus
583 3043 762 3093 effecta
796 3062 908 3094 esse
955 3051 1214 3110 putamus,
1260 3043 1380 3091 satis
1416 3044 1684 3101 habemus,
1729 3037 1984 3088 si‘rationi

313 3139 410 3172 non
443 3123 587 3187 plane
622 3125 720 3173 sint
755 3126 1023 3185 contraria3
1069 3124 1192 3172 haec
1228 3131 1391 3171 autem
1426 3122 1643 3184 vulgaria
1678 3126 1728 3168 et
1760 3133 1984 3166 commu-

312 3203 390 3251 nia
425 3217 595 3250 omnes
616 3205 839 3253 novimus
869 3210 920 3254 et
944 3220 1038 3270 qua
1058 3204 1177 3252 fiant
1204 3204 1389 3251 ratione
1414 3201 1743 3264 intelligimus,
1796 3197 1982 3259 Quam-

312 3283 482 3330 obrem
526 3289 662 3330 recte
696 3285 989 3334 Aristoteles
1023 3287 1275 3348 praestare
1323 3282 1516 3331 censuit
1550 3277 1807 3337 mirabilia,
1855 3291 1982 3340 quae

312 3362 422 3410 fieri
469 3376 619 3425 posse
666 3363 952 3414 viderentur
999 3363 1203 3429 (quippe
1262 3368 1641 3411 consentaneum
1698 3371 1811 3405 esse
1867 3354 1981 3404 fieri

311 3442 491 3504 multa,
526 3457 650 3506 quae
682 3445 791 3494 fieri
823 3461 973 3510 posse
1004 3441 1342 3508 negaremus),
1379 3439 1523 3506 quam
1557 3442 1823 3498 consueta,
1857 3449 1981 3498 quae
