2124 3860
1121 232 1247 291 354

483 380 753 446 μοχθοῦσι
784 377 1024 445 μόχθους
1058 378 1286 445 εὐτυχῶς
1317 382 1631 435 συνεκπόνει
1644 398 1658 413 ·

481 459 572 511 καὶ
603 463 769 510 ταῦτα
801 456 896 525 μὲν
930 458 1075 526 δρῶν
1107 458 1276 527 τίμιος
1309 463 1529 528 θνητοῖς
1560 462 1664 515 ἔσει
1677 462 1748 528 *),

483 537 556 607 μὴ
591 540 737 605 δρῶν
769 539 817 591 δ’
851 538 943 591 ὑπ’
977 540 1147 592 αὐτοῦ
1180 545 1279 592 τοῦ
1316 541 1658 595 διδάσκεσθαι
1690 545 1864 609 φιλεῖν

483 619 833 688 ἄφαιρεθήσει
865 620 1092 687 χάριτας,
1130 616 1213 683 αἷς
1243 622 1432 688 τιμῶσί
1465 635 1535 675 σε.

485 702 718 752 Profecto
755 702 955 764 Perseo,
997 704 1178 753 chorus
1213 709 1265 752 et
1298 720 1422 768 quae
1454 705 1506 754 in
1543 708 1811 769 conspectu
1845 704 2033 755 fiebant

356 784 518 832 verbis
564 783 873 847 exprimebat
919 788 970 831 et
1015 800 1139 847 quae
1173 783 1223 831 in
1265 786 1544 849 propinquo
1578 785 1686 833 loco
1719 785 2030 850 gerebantur,

357 864 565 927 strepitu
602 862 893 925 significata,
929 863 1156 926 opinione
1189 863 1514 929 anticipabat:

489 940 519 992 ὁ
552 940 836 1006 πετόμενος
870 939 1012 1006 ἱερὸν
1046 941 1149 994 ἀνὰ
1185 940 1317 1002 Διὸς

488 1019 678 1087 αὐθέρα
709 1021 1047 1087 γοργοφόνος
1062 1023 1163 1088 **),

358 1102 649 1153 Cet-taminia
696 1103 822 1151 ratio
869 1111 1173 1168 eventusque
1214 1102 1275 1151 ab
1323 1101 1486 1167 aliquo
1538 1109 1790 1168 pastorum
1808 1140 1822 1164 ,
1875 1104 1957 1168 qui
2003 1119 2033 1151 e

359 1182 523 1232 littore
558 1190 919 1247 spectaverant,
955 1184 1213 1248 expositus
1247 1186 1352 1231 est:

489 1262 761 1322 „Rursus
785 1280 1053 1330 prorsus
1073 1263 1554 1328 reciprocatslu
1568 1268 1702 1312 ctus
1717 1259 2031 1329 sera***)''

490 1457 523 1481 „
541 1418 752 1487 Scrup
770 1437 841 1470 eo
888 1422 1269 1470 investitae
1315 1436 1480 1469 saxo
1530 1427 1729 1487 atque
1776 1422 2032 1471 ostreis

1188 1516 1496 1565 squamae
1529 1517 1639 1550 sca
1656 1501 1897 1550 brent.'’

491 1577 797 1645 „Corpus
833 1579 1362 1646 contemplatus,
1407 1579 1583 1628 unde
1618 1588 2030 1647 corpor-aret

1192 1674 1222 1707 v
1236 1659 1296 1707 ol
1311 1675 1346 1707 η
1360 1676 1389 1708 e
1403 1675 1431 1707 r
1444 1676 1473 1708 e
1487 1657 1516 1680 ’⁵
1528 1658 1590 1724 †)

490 1855 523 1880 „
542 1802 983 1867 Circum'‘sese
1029 1824 1228 1867 urvat
1281 1817 1362 1867 ad
1403 1817 1644 1885 pedes,
1698 1824 1893 1867 terra
1927 1834 2030 1868 oc-

1201 1915 1229 1947 c
1241 1913 1276 1946 u
1290 1898 1375 1947 lit

500 1977 628 2044 0012
641 1977 737 2026 ut
741 1975 874 2043 Ἢ)
943 2004 1004 2013 -
1173 2005 1236 2013 -
1402 2005 1465 2013 -

492 2057 553 2108 τὸ
585 2054 684 2121 μὲν
715 2054 936 2122 τέθνηκε
971 2056 1138 2120 σῶμα,
1171 2059 1334 2108 τοῦτο
1369 2055 1417 2108 δ’
1451 2054 1732 2123 ἀναβλέπει
1743 2054 1902 2122 †††).

417 2237 470 2291 ²⁸²)
497 2237 642 2292 Vulgo
670 2237 802 2285 θεοῖς
831 2235 924 2292 ἔσῃ.
980 2237 1178 2280 Dobraei
1207 2238 1562 2280 emendationem
1591 2235 1767 2279 admisi.

390 2306 473 2360 *ἢ
502 2305 632 2349 Ovid.
660 2304 768 2347 ⁷11:

637 2375 811 2430 „Quum
839 2374 977 2417 subito
1004 2375 1181 2426 iuvenis,
1206 2374 1388 2430 pedibus
1417 2375 1570 2417 tellure
1594 2375 1782 2430 repulsa,

640 2444 806 2486 Arduus
833 2444 879 2485 in
907 2446 1035 2487 nubes
1064 2445 1214 2487 abiit.”

363 2514 470 2570 ***)
498 2513 629 2557 Ovid.
659 2513 768 2556 ⁷⁰6:

638 2585 806 2637 ‚,Ecce‚
846 2584 963 2626 velut
989 2585 1115 2626 navis
1136 2586 1332 2640 praefixo
1363 2585 1527 2628 concita
1555 2591 1696 2628 rostro

643 2655 841 2695 Sulcat
882 2656 1102 2709 aquas.''

500 2722 631 2766 Ennii
661 2728 760 2766 sunt
789 2723 1045 2780 fragmenta
1073 2723 1131 2766 ad
1159 2727 1382 2766 certamen
1412 2723 1677 2779 pertinentia
1704 2725 1930 2779 pleraque.

413 2792 467 2848 †)
498 2794 605 2835 Cor
615 2808 643 2847 p
656 2805 820 2834 orare
865 2797 932 2835 est
970 2792 1015 2835 in
1043 2792 1175 2835 funus
1203 2794 1407 2848 (corpus)
1436 2798 1611 2836 mutare
1638 2793 1736 2836 sive
1762 2793 2030 2838 interficere.

501 2862 688 2905 Ovidius
715 2877 759 2904 v.
791 2861 899 2904 725:

640 2933 900 2988 „Quaque
942 2938 1174 2988 patent,
1228 2946 1338 2972 nunc
1384 2937 1515 2988 terga
1556 2934 1671 2975 cavis
1721 2946 1847 2989 super
1893 2933 2032 2976 obsita

1326 3002 1508 3053 conchis,

646 3069 769 3111 Nunc
797 3071 978 3113 laterum
1007 3077 1147 3114 costas
1181 3070 1293 3114 etc.”

383 3137 470 3192 ††)
499 3138 685 3182 Ovidius
712 3155 757 3182 v.
788 3138 897 3182 721:

637 3209 855 3264 „Vulnere
883 3211 1003 3252 laesa
1032 3208 1175 3266 gravi,
1203 3210 1327 3252 modo
1356 3224 1402 3254 se
1429 3211 1618 3253 sublimis
1646 3211 1690 3252 ἰπ
1718 3223 1850 3252 auras

641 3279 825 3329 Attonit,
856 3280 1010 3322 modo
1039 3279 1227 3321 subdit
1257 3280 1461 3335 aquis.”

362 3344 481 3401 †††)
501 3345 652 3391 Schol.
683 3349 847 3391 Troad.
866 3348 965 3391 ¹634.
1024 3347 1269 3390 Luciacus:
1302 3346 1352 3393 τὸ
1382 3348 1434 3394 δὲ
1461 3348 1682 3406 τέθνηκεν
1710 3345 1828 3404 ὁμοῦ
1846 3347 1926 3392 καὶ
1944 3347 2030 3392 πέ-

495 3431 638 3471 πηγεν
664 3411 810 3461 αὐτοῦ
837 3415 896 3461 τὰ
925 3415 1091 3471 πολλά,
1130 3413 1217 3462 ὅσα
1246 3416 1339 3463 εἶδε
1366 3417 1454 3475 τήν
1480 3417 1745 3464 Μέδουσαν.
1803 3419 1930 3462 Idem
1972 3419 2029 3462 de

495 3484 628 3530 domo
655 3488 696 3540 S.
726 3485 795 3530 22.
826 3488 1015 3533 Tzetzes
1042 3488 1100 3532 ad
1128 3488 1354 3545 Lycophr.
1383 3488 1482 3532 836.
