2150 3866
944 283 1065 341 201

165 421 407 473 ostendit:
470 420 595 481 „Sol
646 419 946 470 Phaethonti
998 419 1103 468 filio
1144 417 1397 467 facturum
1445 432 1501 466 se
1547 415 1671 466 dixit
1698 413 1851 479 -quic-

167 502 284 567 quid
331 506 571 567 optasset.
649 501 884 567 Optavit,
933 506 991 550 ut
1033 500 1085 548 in
1130 513 1328 548 currum
1372 498 1531 562 patris
1574 496 1851 546 tolleretur.

166 582 401 632 Sublatus
437 588 541 632 est:
579 587 774 647 atque
808 582 892 640 is,
946 585 1287 643 antequam
1322 578 1668 640 constitit,
1711 576 1854 625 ictu

166 661 470 712 fulminis
533 657 988 725 deflagravit.’'
1094 658 1323 707 Imitatus
1385 657 1678 722 Euripidem
1741 672 1857 707 esse

167 743 318 792 etiam
358 743 600 792 Lucianus
636 741 757 790 Dial.
794 741 930 789 deor.
966 741 1048 792 25.
1083 737 1312 799 videtur,
1349 737 1518 786 Solem
1553 737 1740 787 haecce
1773 737 1855 786 fa-

167 823 304 872 ciens
332 829 638 872 narrantem:
673 821 1013 885 „Magnopere
1046 835 1104 868 ac
1140 818 1223 866 diu
1257 818 1439 880 restiti,
1475 817 1650 868 nolens
1685 817 1732 867 ei
1768 833 1857 867 au-

164 903 456 966 rigationem
480 901 819 960 committere3
855 901 938 950 ubi
967 904 1134 950 autem
1163 915 1275 948 cum
1313 898 1529 947 lacrimis
1563 895 1856 964 flagitavit&

167 981 409 1044 simulque
442 997 555 1030 cum
587 997 647 1030 eo
673 981 912 1046 Clymene
944 986 1106 1030 mater
1131 979 1373 1042 (debebat
1406 979 1602 1028 dicere:
1636 981 1861 1041 „testem

166 1061 385 1109 excitans
432 1066 640 1110 matrem
689 1067 740 1110 et
786 1062 919 1125 quod
953 1062 1027 1110 illi
1061 1061 1306 1125 quondam
1339 1057 1773 1124 promisissem''),
1807 1058 1860 1108 in

166 1155 366 1189 currum
401 1141 690 1206 impositum
725 1142 922 1201 monui,
967 1140 1217 1206 quomodo
1253 1144 1509 1204 oporteret
1542 1139 1776 1189 insistere
1809 1144 1863 1190 et

169 1207 411 1284 quatenus
447 1237 644 1271 sursum
680 1228 907 1272 evectum
941 1238 1034 1287 per
1061 1237 1299 1271 cacumen
1333 1220 1483 1281 ferri,
1531 1220 1714 1270 deinde
1746 1235 1860 1269 rur-

167 1315 278 1348 sum
312 1317 407 1365 per
439 1302 633 1351 declive
666 1303 900 1351 deorsum
933 1298 1256 1369 vergere**),
1290 1306 1341 1350 et
1375 1300 1624 1365 quomodo
1648 1304 1864 1350 tractare

165 1379 310 1428 frena
342 1396 505 1446 neque
537 1383 782 1447 impetum
831 1382 971 1447 equis
1005 1377 1455 1448 permittere***);
1508 1380 1656 1429 docui
1691 1380 1861 1441 etiam,

165 1465 400 1524 quantum
436 1461 567 1512 soret
599 1463 894 1527 periculum,
930 1464 972 1511 si
997 1478 1104 1514 >non
1128 1467 1268 1511 recta
1292 1463 1370 1510 via
1394 1465 1580 1528 ageret.
1648 1460 1738 1510 llle
1771 1478 1861 1511 au-

166 1546 300 1601 tem,
351 1557 467 1591 cum
517 1544 892 1592 conscendisset
924 1547 1115 1593 tantum
1149 1543 1314 1607 ignem
1349 1546 1400 1592 et
1433 1542 1484 1592 in
1514 1546 1709 1592 vastam
1741 1557 1862 1607 pro-

169 1620 467 1671 funditatem
503 1639 724 1688 superne
756 1624 1082 1683 incubuisset,
1117 1628 1174 1673 ut
1209 1626 1596 1672 consentaneum
1631 1626 1731 1684 est,
1766 1622 1863 1672 ob-

169 1702 358 1767 stupuit
371 1700 466 1766 †);
514 1704 630 1767 equi
679 1719 828 1764 vero,
875 1704 961 1753 ubi
1007 1719 1104 1752 non
1137 1719 1220 1751 me
1266 1703 1435 1752 currui
1477 1702 1712 1752 insistere
1757 1701 1862 1751 ani-

171 1783 559 1843 madverterunt,
588 1788 839 1832 contemto
852 1782 1223 1832 adolescentulo
1248 1800 1277 1832 a
1299 1783 1376 1831 via
1391 1783 1584 1849 evagati
1609 1786 1723 1832 sunt
1735 1780 1861 1848 ††);

170 1861 256 1909 ille
298 1866 464 1910 autem
519 1862 736 1911 dimissis
783 1863 1019 1926 habenis,
1054 1878 1249 1925 verenS,
1284 1863 1477 1928 opinor,
1510 1879 1575 1912 ne
1608 1862 1865 1913 excideret

170 1940 300 2005 ipse,
334 1941 504 2005 iugum
539 1958 713 1993 currus
747 1943 975 1993 manibus
1008 1943 1240 2004 retinuit,
1289 1959 1464 1993 currus
1498 1947 1666 1992 autem
1699 1947 1863 1993 trans-

170 2036 315 2070 verse
338 2021 575 2087 abreptus
600 2028 696 2086 est,
721 2023 871 2072 modo
893 2023 955 2071 ad
967 2023 1175 2085 laevam,
1198 2022 1365 2088 paullo
1390 2029 1508 2088 post
1531 2023 1594 2072 ad
1616 2023 1863 2084 dextram,

169 2099 419 2149 interdum
454 2102 604 2151 etiam
636 2103 687 2152 in
723 2104 1026 2152 contrarium
1061 2103 1202 2163 eiua,
1240 2120 1390 2168 quem
1427 2108 1709 2170 coeperant,
1747 2120 1862 2154 cur-

170 2195 275 2241 suS,
309 2181 358 2230 in
384 2198 578 2232 summa
604 2185 802 2233 sursum
826 2199 882 2232 ac
908 2185 1161 2247 deorsum,
1189 2199 1487 2251 quocunque
1508 2185 1649 2250 equis
1672 2184 1862 2236 libitum

170 2260 302 2310 est.'’

302 2340 427 2391 Cum
462 2343 542 2392 his
577 2343 862 2411 fragmenta
894 2346 1007 2395 fere
1039 2349 1336 2412 congruunt.
1403 2346 1652 2396 Aureae
1697 2361 1862 2397 mas-

169 2437 286 2471 sae
319 2423 527 2472 similem
564 2440 678 2474 esse
712 2426 831 2474 solis
878 2442 1079 2476 currum
1115 2427 1310 2476 dixerat
1343 2426 1638 2491 EuripideS,
1689 2431 1863 2476 aucto-

169 2502 368 2552 ritatem
415 2510 618 2554 secutus
665 2506 1016 2570 Anaxagorae,
1063 2507 1428 2556 Phaethontem
1474 2510 1640 2556 autem
1684 2523 1747 2556 ex
1778 2507 1863 2557 illa

171 2581 488 2632 decidentem
522 2585 673 2650 lapidi
709 2602 771 2635 ex
806 2589 1013 2636 aethere
1046 2587 1230 2636 labenti
1277 2590 1682 2652 comparaverat,
1729 2592 1864 2637 teste

170 2661 313 2726 Diog.
347 2662 512 2713 Laert.
546 2665 606 2724 ll,
643 2668 734 2716 10:
771 2665 904 2733 φασὶ
938 2665 996 2718 δὲ
1030 2666 1197 2718 αὐτὸν
1231 2662 1641 2734 (Ἀναξαγόραν)
1687 2681 1862 2731 προει-

171 2744 291 2793 πεῖν
323 2739 422 2809 τὴν
452 2742 573 2810 περὶ
608 2743 776 2814 Αἰγὸς
809 2749 1052 2815 ποταμὸν
1085 2745 1384 2814 γενομένην
1411 2751 1512 2800 τοῦ
1537 2747 1698 2800 λίθου
1721 2749 1861 2801 πτῶ·

225 2978 276 3034 ⁹⁶)
306 2979 538 3025 Plutarch.
568 2979 838 3048 Tranq3an.
870 2998 906 3025 c.
937 2983 985 3025 4:
1017 2980 1044 3026 ὁ
1077 2979 1276 3026 Φαέθων
1306 2978 1485 3040 ἀναβὰς
1516 2983 1580 3034 εἰς
1608 2982 1692 3028 τὸν
1719 2983 1864 3041 οὐρα-

310 3047 395 3093 νὸν
422 3047 682 3104 ἔκλαιεν,
716 3053 761 3096 εἰ
783 3053 945 3109 μηδεὶς
973 3053 1102 3111 αὐτῷ
1127 3052 1237 3104 τοὺς
1265 3054 1351 3098 τοῦ
1378 3050 1556 3113 πατρὸς
1585 3054 1757 3108 ἵππους
1784 3055 1865 3100 καὶ

310 3117 372 3164 τοὶ
402 3117 590 3178 ἅρματα
616 3125 951 3181 παραδίδωσιν.

197 3191 275 3245 *ἢ
305 3190 375 3234 of.
406 3192 537 3237 ovid.
568 3192 679 3238 Met.
707 3186 775 3248 11,
800 3195 1005 3239 63—69.
1035 3194 1343 3239 imitationem.

172 3260 284 3314 *m
314 3261 447 3305 ovid.
477 3264 536 3316 11,
565 3263 663 3306 127.

231 3331 282 3385 †)
314 3333 447 3376 ovid.
477 3334 534 3387 11,
562 3333 661 3376 178.

201 3401 292 3457 ††)
320 3403 451 3448 Ovia.
484 3405 543 3459 11,
570 3403 668 3447 202.
