2202 3860
178 1256 647 1353 Euripidis
711 1256 1062 1328 fabulis
1122 1254 1371 1326 vitae
1430 1251 1718 1323 forma

263 1406 268 1413 ·
328 1375 873 1450 Graecorum
918 1377 1375 1448 immutata
1420 1380 1586 1444 est.

116 1656 394 1764 Magnum
453 1670 677 1748 oinnibus
724 1697 1028 1761 temporibus
1085 1695 1216 1744 inter
1257 1692 1492 1742 mortales
1541 1694 1792 1740 certamen

116 1781 238 1841 fuit,
283 1779 395 1827 vine
429 1779 635 1841 quadam
669 1784 908 1841 perpetua
942 1781 1089 1838 atque
1123 1778 1349 1832 aeterna,
1396 1773 1447 1820 in
1481 1772 1589 1834 ipsa
1622 1776 1793 1820 natura

117 1861 232 1919 sita,
267 1873 390 1921 quae
424 1872 621 1904 caussas
655 1856 899 1919 gignendi,
935 1853 1160 1918 augendi,
1196 1852 1445 1901 minuendi
1478 1850 1793 1899 immutandi-

119 1953 218 2003 que
250 1937 471 1993 haberet,
502 1935 594 1989 ,sed
628 1940 817 1982 careret
852 1949 998 1982 sensu
1035 1939 1087 1980 et
1121 1932 1291 1994 figura,
1327 1929 1538 1979 mundus
1574 1936 1624 1978 et
1656 1929 1794 1994 prin-

119 2016 249 2081 cipio
282 2014 584 2078 compositus
610 2019 744 2061 esset
766 2018 818 2061 et
838 2016 1079 2076 perpetuo
1111 2016 1423 2070 servaretur,
1458 2025 1518 2058 an
1544 2009 1623 2058 dei
1648 2023 1794 2073 prae-

117 2094 271 2144 sentis
317 2092 750 2156 praepotentisque
784 2098 976 2150 mente,
1026 2098 1256 2155 tanquam
1293 2090 1483 2154 opificis
1520 2089 1795 2148 cuiusdam,

115 2171 443 2222 aedificatoris
478 2178 623 2234 atque
659 2172 1006 2232 dominatoris,
1054 2172 1179 2218 haec
1211 2186 1380 2218 rerum
1412 2169 1706 2218 universitas
1743 2171 1796 2215 et

116 2252 299 2302 effecta
332 2255 468 2300 esset
501 2256 550 2299 et
582 2252 1007 2300 administraretur
1052 2254 1439 2314 regereturque‚
1476 2250 1796 2310 eiusdemque

117 2331 420 2397 benignitate
462 2331 589 2378 vitae
646 2331 926 2379 mortalium
977 2329 1320 2378 consuleretur
1375 2332 1427 2376 et
1474 2343 1797 2392 quaecunque

117 2415 248 2460 terra
285 2409 571 2473 coelumque
604 2411 860 2474 gignerent
901 2410 963 2457 ad
1008 2425 1154 2458 usum
1190 2408 1328 2471 quasi
1372 2423 1518 2455 mauu
1555 2407 1796 2455 fabrican-

117 2491 180 2540 tis
213 2490 557 2539 tribuerentur.
626 2489 766 2551 Quae
807 2487 1069 2546 dissensio,
1105 2487 1266 2550 quoad
1294 2494 1438 2536 erunt
1464 2488 1544 2550 qui
1572 2487 1634 2534 de
1661 2501 1796 2534 sum-

117 2569 215 2618 mis
246 2569 392 2617 rebus
420 2569 646 2616 humanis
681 2568 958 2631 divinisque
990 2567 1307 2627 meditentur,
1343 2583 1589 2630 nunquam
1618 2565 1796 2614 diiudi-

121 2649 321 2698 cabitur.
389 2648 693 2710 Ambiguitas
728 2649 858 2696 enim
894 2649 1072 2696 mentis
1111 2654 1311 2695 nostrae
1348 2661 1619 2707 sensusque
1654 2649 1798 2692 natu-

119 2742 208 2775 rae
250 2727 346 2792 ipsi
392 2727 674 2792 ingenerata
709 2734 801 2778 est.
880 2727 1016 2790 Lege
1064 2732 1114 2775 et
1157 2727 1454 2774 necessitate
1491 2724 1654 2772 omnia
1689 2724 1799 2772 fieri

121 2805 406 2866 iudicamus,
440 2806 735 2870 simulatque
771 2823 971 2855 caussas
1006 2807 1054 2855 in
1086 2808 1235 2855 rebus
1270 2807 1435 2853 inesse
1456 2803 1798 2852 animadverti-

119 2900 257 2944 mus,
292 2885 468 2948 quibus
502 2886 628 2935 aliae
662 2903 723 2934 ex
756 2887 861 2934 aliis
896 2887 1178 2935 necessario
1211 2889 1493 2942 nascantur,
1531 2888 1599 2939 et,
1635 2883 1800 2946 posito

121 2963 287 3027 aliquo
323 2964 578 3029 principio,
614 2982 688 3027 ea,
723 2982 849 3029 quae
883 2967 1175 3030 cogitantur,
1212 2965 1275 3012 ad
1308 2963 1680 3012 similitudinem
1714 2977 1799 3010 eo-

120 3058 258 3102 rum,
292 3059 418 3106 quae
453 3046 672 3093 sensibus
708 3047 1073 3111 percipiuntur,
1106 3045 1242 3092 nasci
1275 3059 1336 3091 ex
1371 3058 1428 3091 se
1462 3047 1513 3091 et
1545 3057 1802 3104 argumen-

120 3122 271 3170 tando
307 3123 443 3170 effici
478 3124 804 3188 intelligimus.
885 3124 1244 3188 Iidem*quovis
1278 3123 1517 3186 temporis
1551 3125 1801 3170 momento

119 3216 210 3250 nos
242 3201 425 3250 liberos
474 3219 588 3251 esse
621 3207 859 3254 sentimus
906 3221 1066 3269 neque
1100 3204 1215 3252 ullis
1258 3218 1425 3251 rerum
1476 3201 1681 3249 vinculis
1718 3204 1802 3247 aut

121 3281 422 3330 necessitate
453 3281 589 3329 fatali
624 3283 696 3331 sic
731 3285 1024 3347 constringi,
1060 3289 1116 3332 ut
1146 3298 1400 3331 careamus
1436 3280 1671 3329 facultate
1704 3292 1805 3327 nou

123 3358 278 3407 solum
324 3375 406 3409 res
443 3368 703 3425 exterum,
750 3365 838 3412 sed
884 3365 1045 3428 ipsum
1093 3377 1291 3427 quoque
1334 3362 1547 3411 animum
1582 3364 1805 3408 nostrum

121 3451 388 3567 ωοῶεεὶιιυο
434 3447 488 3491 et
520 3446 676 3492 totam
718 3443 848 3495 vitae
881 3443 1092 3494 formam
1140 3441 1430 3493 immutandi
1464 3444 1613 3504 atque
1647 3436 1805 3488 corri-

242 3551 256 3567 .
338 3551 352 3567 .
1445 3522 1478 3568 1
