2170 3848
948 281 1028 340 25

148 430 400 486 ramesse
430 432 585 483 vitam
620 430 780 498 patria
814 431 1108 490 carentium,
1144 443 1439 491 egenorum,
1475 426 1535 476 ab
1568 424 1822 492 hospitum

149 515 332 574 officiis
366 513 707 580 pendentium.
776 510 991 559 Proinde
1025 508 1144 557 forti
1180 509 1341 557 animo
1365 513 1575 565 mortem
1598 523 1711 556 esse
1736 522 1821 556 oc-

148 596 472 645 cumbendum
509 598 711 651 censet,
746 606 905 653 neque
930 588 1215 638 necessitati
1247 587 1432 637 frustra
1466 586 1824 636 reluctandum.

150 674 341 737 Quibus
376 674 524 723 dictis
559 678 720 722 motus
755 668 1079 734 Amphitruo,
1117 667 1302 717 servari
1335 667 1518 716 liberos
1553 683 1701 731 posse
1735 666 1824 716 de-

150 770 387 820 speranS,
434 753 626 818 tyranni
660 750 861 798 arbitrio
898 766 1075 815 corpus
1111 747 1380 814 permittit;
1425 748 1521 796 hoc
1555 748 1705 795 unum
1738 762 1823 796 ro-

148 839 247 898 gat,
281 840 335 884 ut
368 840 480 883 ante
513 833 695 880 liberos
729 830 839 895 ipse
868 829 1142 893 iuguletur:
1176 830 1268 877 hos
1290 827 1420 876 enim
1448 832 1714 893 pereuntes
1736 827 1824 876 ad-

150 914 345 979 spicere
378 929 473 961 non
508 910 735 961 sustinet.
804 908 1007 973 Megara
1056 914 1220 959 autem
1258 907 1487 956 beneficii
1521 907 1630 955 loco
1663 912 1823 973 rogat,

152 998 209 1043 ut
241 993 291 1040 in
323 998 576 1057 paternam
613 990 810 1040 domum
846 990 1017 1050 liberi,
1061 988 1192 1038 unde
1227 987 1415 1036 exclusi
1439 983 1576 1048 sint,
1628 987 1828 1037 remissi

151 1071 360 1121 funestis
392 1073 613 1122 vestibus
648 1071 711 1120 ad
745 1075 955 1119 mortem
990 1069 1266 1118 obeundam
1293 1072 1545 1118 ornentur.
1595 1068 1706 1131 Quo
1732 1068 1827 1117 im-

147 1158 344 1218 petrato
378 1153 511 1203 intus
546 1152 647 1201 abit
681 1167 794 1199 cum
827 1150 1028 1208 liberis,
1076 1165 1199 1213 quos
1238 1148 1460 1213 sequitur
1509 1149 1826 1213 Amphitruo,

149 1247 324 1298 magna
358 1249 468 1281 cum
501 1231 833 1298 indignatione
866 1230 1173 1293 iniquitatem
1209 1245 1446 1277 accusans
1480 1228 1626 1289 Iovis,
1662 1229 1747 1294 qui
1776 1235 1827 1280 et

150 1311 200 1361 in
234 1312 448 1362 alienum
475 1313 744 1361 thalamum
769 1310 892 1359 clam
917 1310 1108 1359 intrarit
1131 1315 1183 1359 et
1206 1309 1408 1370 liberoS,
1443 1325 1566 1373 quos
1592 1325 1826 1375 procrea-

149 1392 297 1453 verit,
331 1394 440 1459 ipse
474 1391 667 1459 prodat.

282 1472 449 1522 Inesse
482 1474 561 1522 his
598 1472 900 1521 orationibus
936 1472 1204 1536 quaedam,
1258 1486 1383 1534 quae
1415 1472 1626 1536 tempori
1658 1475 1828 1522 noster

150 1553 366 1614 dederit,
398 1553 545 1603 facile
578 1553 886 1617 intelligitur.
941 1551 1173 1600 Ceterum
1209 1567 1371 1615 neque
1403 1550 1528 1600 haec
1562 1567 1722 1615 neque
1747 1568 1828 1601 re-

151 1632 283 1698 liqua
316 1650 343 1682 a
376 1635 526 1683 rebus
561 1633 886 1697 personisque
918 1632 1075 1680 aliena
1110 1637 1239 1682 sunt.
1308 1630 1480 1679 Mores
1516 1636 1679 1679 autem
1712 1648 1829 1695 per-

151 1728 381 1762 sonarum
415 1713 795 1780 probabilissimi
831 1718 979 1776 atque
1013 1711 1488 1772 convenientissimi,
1523 1717 1626 1760 tum
1656 1727 1831 1762 caussa

152 1793 261 1858 ipsa
307 1794 556 1857 tragoedia
601 1793 885 1857 dignissima
934 1797 1027 1842 est.
1096 1790 1488 1839 Misericordiam
1536 1797 1699 1840 movet
1733 1808 1830 1843 non

154 1872 314 1922 solum
350 1873 749 1938 Amphitruonis,
791 1872 1026 1935 Megarae
1061 1876 1112 1919 et
1144 1870 1519 1918 Heraclidarum
1555 1886 1688 1930 sors,
1740 1872 1830 1922 sed

155 1968 327 2001 senum
366 1969 578 2018 quoque,
614 1953 892 2001 temeritate
927 1951 1118 2016 tyranni
1152 1958 1300 2014 atque
1333 1949 1626 2000 factionibus
1663 1953 1830 2003 civita-

154 2032 221 2080 tis
254 2047 632 2097 oppressorum,
681 2032 1006 2089 contumelia,
1060 2032 1189 2095 quod
1234 2047 1386 2097 genus
1421 2031 1704 2080 iniuriarum
1740 2051 1833 2100 per

153 2111 239 2160 illa
271 2112 389 2160 belli
416 2112 766 2177 Peloponnesii
800 2118 1022 2175 tempora
1056 2111 1239 2175 passim
1275 2111 1325 2159 in
1360 2111 1584 2176 plurimis
1621 2113 1831 2162 civitati-

151 2191 245 2241 bus
278 2192 449 2251 fiebat,
482 2199 538 2241 ut
571 2193 722 2240 etiam
754 2193 1069 2257 propriorum
1104 2192 1342 2240 malorum
1369 2191 1714 2242 recordatione
1738 2194 1830 2244 ho-

153 2272 328 2332 mines,
362 2290 471 2323 cum
506 2273 631 2322 haec
666 2277 968 2337 spectarent,
1005 2278 1330 2321 moverentur.
1382 2272 1483 2331 Sed
1520 2277 1633 2321 ante
1668 2275 1831 2325 omnia

154 2354 485 2418 quaerendum
531 2360 635 2412 est,
689 2369 785 2418 quo
835 2353 1038 2402 consilio
1073 2353 1366 2417 Euripides,
1411 2369 1560 2417 quum
1596 2354 1829 2406 Herculis

151 2431 373 2483 furorem
408 2449 680 2497 necemque
715 2433 881 2483 liberis
925 2440 1074 2497 atque
1106 2433 1246 2482 uxori
1283 2434 1428 2482 liuius
1464 2451 1607 2482 manu
1642 2435 1830 2485 illatam

152 2513 338 2562 imitari
372 2515 596 2575 voluerit,
631 2513 753 2578 Lyci
774 2514 977 2573 scelera,
1014 2514 1137 2562 nihil
1161 2515 1221 2562 ad
1248 2514 1370 2562 haec
1396 2515 1708 2578 pertinentia,
1745 2533 1828 2566 an-

153 2597 236 2643 tea
270 2595 575 2643 ostendendo
611 2595 857 2659 duplicem
891 2594 1089 2643 fabulae
1124 2594 1367 2642 actionem
1403 2611 1492 2659 pro
1516 2595 1728 2658 simplici
1751 2597 1827 2645 in-

156 2674 391 2726 stituerit.
438 2675 599 2724 Aiacis
624 2676 780 2723 furori
807 2675 1037 2723 Herculis
1066 2674 1207 2722 furor
1229 2674 1506 2722 simillimus
1536 2681 1638 2723 est:
1691 2682 1829 2726 uter-

159 2769 254 2817 que
287 2753 415 2803 enim
451 2756 675 2803 maximis
709 2756 856 2804 rebus
891 2756 1065 2821 gestis,
1102 2771 1213 2803 cum
1245 2761 1379 2803 esset
1405 2760 1627 2803 servator
1648 2756 1829 2806 civium

159 2837 211 2882 et
244 2849 484 2883 summum
520 2837 708 2900 patriae
742 2835 912 2895 decus,
948 2836 1008 2883 ad
1043 2835 1232 2884 nefaria
1268 2836 1454 2883 scelera
1476 2837 1830 2887 committenda

157 2914 363 2962 deorum
410 2914 664 2978 iniquitate
708 2917 885 2965 invitus
921 2918 1161 2981 adigitur,
1207 2916 1384 2979 quibus
1417 2917 1625 2981 patratis
1660 2917 1828 2967 fructu

156 2994 354 3042 virtutis
389 2995 600 3058 privatus
634 2996 846 3046 tolerare
875 2998 1020 3045 vitam
1045 2997 1124 3045 vix
1147 3012 1295 3060 posse
1316 2996 1524 3046 videtur.
1573 2997 1670 3047 Sed
1700 2999 1828 3047 Her-

157 3073 295 3123 cules
333 3089 428 3122 non
464 3091 656 3137 pecora,
692 3078 780 3125 sed
814 3078 1057 3137 homines,
1094 3092 1252 3140 neque
1277 3077 1368 3125 hos
1393 3078 1596 3136 alienos,
1634 3077 1722 3126 sed
1744 3094 1829 3127 co-

157 3158 330 3218 gnatos
364 3155 560 3217 vitaque
594 3155 701 3219 ipsa
736 3158 781 3206 ei
811 3159 1044 3221 cariores,
1081 3158 1357 3206 obtruncat.
1405 3158 1530 3218 Hos,
1566 3164 1828 3221 antequam

157 3233 357 3283 funesto
394 3234 495 3282 fato
531 3236 764 3299 perirent,
800 3242 943 3285 notos
978 3254 1089 3286 esse
1125 3239 1500 3302 spectatoribus,
1536 3254 1695 3301 neque
1721 3241 1828 3287 tan-

157 3318 265 3363 tum
298 3322 456 3375 notos,
493 3316 581 3363 sed
617 3317 763 3365 etiam
792 3318 1119 3378 admirationi,
1154 3319 1495 3378 verecundiae,
1530 3319 1829 3368 miserationi

158 3409 273 3443 esse
306 3411 512 3444 necesse
546 3395 654 3443 fuit.
704 3397 776 3444 Ac
807 3405 951 3447 notos
985 3397 1179 3462 quidem
1205 3398 1402 3448 theatro
1430 3399 1637 3448 fecisset
1664 3403 1828 3463 poeta,

161 3473 205 3523 si
239 3475 539 3526 ostendisset
568 3475 836 3527 Herculem
873 3495 986 3529 cum
1019 3478 1210 3528 laetitia
1243 3480 1549 3546 excipientes
1589 3484 1639 3529 et
1670 3479 1827 3529 vehe-
