2170 3848
939 253 1055 311 181

154 408 318 455 aetate
363 407 524 453 artem
571 402 730 452 fuisse
774 401 1072 451 histrionum
1115 403 1169 449 et
1206 398 1259 448 in
1291 397 1510 450 deterius
1543 400 1823 462 detersam,

155 489 211 534 ut
255 484 455 533 Luciani
502 483 836 532 testimonium
883 482 934 530 in
981 486 1176 530 actores
1222 494 1337 540 eoS,
1393 495 1516 542 quos
1552 481 1825 530 docuerunt

152 563 429 628 Aeschylus
477 569 526 611 et
572 562 866 627 Euripides,
922 576 1017 609 non
1076 558 1220 624 plane
1277 558 1499 608 videatur
1549 560 1821 610 convenire.

154 643 394 693 Testatur
427 642 556 691 enim
593 640 884 691 Aristoteles
914 639 1060 690 Rhet.
1086 638 1166 696 ΙΙΙ,
1196 639 1241 696 1,
1270 639 1317 686 4.
1370 639 1481 701 plus
1527 655 1613 687 sua
1660 644 1824 688 aetate

153 724 203 772 in
227 723 390 772 scenis
414 723 698 781 histriones,
732 735 878 784 quam
914 723 1102 783 poetas,
1135 717 1300 766 valere
1334 715 1534 782 (μεῖζον
1566 717 1825 768 δύνανται

153 806 259 854 νῦν
291 803 399 853 τῶν
431 801 664 867 ποιητῶν
699 797 752 849 οἷ
781 796 1102 863 ὑποκριταί).
1152 797 1285 846 Idem
1320 798 1485 846 simias
1519 800 1823 848 recentiores

156 900 269 933 esse
313 891 505 931 actores
549 897 577 928 a
625 879 902 928 senioribus
950 884 1157 943 propter
1202 877 1406 926 nimium
1451 879 1673 928 imitandi
1717 870 1822 927 stu-

155 964 289 1012 dium
325 961 595 1026 appellatos
630 960 680 1007 in
708 959 850 1008 Poet.
881 975 924 1007 c.
956 962 1037 1018 26,
1067 960 1115 1008 2.
1143 964 1530 1007 commemorat:
1581 975 1678 1023 quo
1712 959 1821 1006 loco

155 1057 280 1104 quae
315 1040 550 1088 derecta
581 1038 803 1087 imitandi
840 1040 1030 1088 ratione
1064 1038 1288 1097 disserit,
1326 1055 1386 1087 ea
1418 1039 1603 1101 integra
1642 1040 1691 1086 in
1717 1053 1822 1087 me-

153 1119 287 1168 dium
331 1118 559 1184 proferre
614 1134 712 1167 non
759 1119 972 1168 alienum
1022 1134 1134 1167 esse
1196 1118 1404 1167 videtur.
1491 1117 1820 1183 Tragoediam

153 1198 307 1258 enim,
355 1199 488 1262 quod
534 1198 583 1246 in
628 1214 737 1247 eam
786 1199 927 1247 cadat
977 1197 1186 1247 molesta
1221 1193 1495 1263 (φορτικὴ)
1533 1198 1637 1246 sive
1671 1197 1822 1246 nimia

149 1282 300 1341 atque
343 1278 623 1344 importuna
670 1279 906 1338 imitatio,
954 1278 1239 1326 inferiorem
1275 1278 1516 1342 epopoeia
1549 1277 1713 1325 multis
1746 1276 1824 1323 vi-

151 1372 253 1405 sam
303 1372 416 1406 esse
464 1374 775 1416 memorans,
828 1358 1094 1421 „Utrum‚’'
1152 1358 1334 1421 inquit,
1383 1362 1641 1423 „praestet
1685 1355 1823 1420 epica

149 1452 210 1486 an
243 1437 428 1499 tragica
474 1437 717 1498 imitatio,
768 1439 986 1488 dubitari
1021 1442 1204 1503 potest.
1274 1437 1398 1486 Nam
1435 1438 1478 1486 si
1513 1438 1823 1502 praestat

149 1532 234 1574 ea,
269 1533 429 1580 quae
462 1518 668 1566 minus
724 1519 1002 1567 molesta
1039 1523 1174 1576 est,
1227 1522 1277 1565 et
1311 1518 1469 1565 minus
1504 1516 1712 1564 molesta
1746 1517 1824 1563 est

150 1598 275 1660 quae
308 1595 368 1644 ad
401 1597 632 1644 meliores
668 1605 977 1659 spectatores
1011 1596 1382 1644 accommodata
1416 1602 1520 1656 est,
1563 1595 1823 1643 molestam

151 1691 263 1725 esse
299 1691 428 1738 quae
460 1675 622 1722 omnia
655 1674 895 1734 imitetur,
929 1674 1128 1738 planum
1159 1681 1253 1725 est.
1302 1674 1449 1723 Nam
1485 1674 1666 1739 quasi
1701 1688 1822 1721 non

149 1754 467 1812 sentiant,
519 1753 652 1802 nisi
685 1758 914 1814 augeat
948 1754 1032 1813 is,
1084 1754 1197 1817 qui
1244 1753 1567 1815 imitetur,
1612 1752 1821 1801 multo

150 1838 432 1883 utuntur
476 1836 678 1890 motu,
726 1833 860 1881 velut
903 1832 1019 1880 mali
1064 1834 1319 1893 tibicines,
1369 1834 1450 1896 qui
1483 1833 1700 1881 volutant
1733 1846 1819 1879 vo-

151 1928 277 1974 cem,
312 1913 353 1959 si
388 1912 552 1960 discus
587 1911 850 1960 imitandus
874 1913 954 1973 sit,
990 1917 1041 1961 et
1072 1912 1272 1961 trahunt
1306 1913 1638 1977 coryphaeum
1673 1910 1821 1975 Scyl—

150 1992 249 2041 lam
299 1998 546 2040 canentes.
615 1990 922 2054 Tragoediae
968 1992 1119 2056 igitur
1168 1993 1303 2041 aiunt
1353 1993 1559 2042 eandem
1594 2008 1706 2040 esse
1738 2006 1819 2040 ra-

149 2071 359 2132 tionem,
407 2087 591 2135 quam
625 2075 926 2119 actorum
959 2073 1411 2121 recentiorum
1450 2088 1594 2122 esse
1628 2075 1818 2136 puta-

147 2150 303 2200 bant
336 2150 786 2213 antiquiores,
824 2152 1073 2216 quippe
1109 2167 1300 2214 quum
1339 2151 1819 2217 Callippidem‚

148 2229 312 2294 quod
360 2230 553 2278 nimis
600 2245 707 2278 res
763 2230 1074 2279 imitando
1122 2232 1514 2291 extolleret,
1562 2230 1819 2280 simiam

146 2308 485 2373 Myniscus
521 2309 865 2373 appellare
902 2311 985 2359 sit
1017 2310 1289 2374 solitus,
1341 2319 1391 2360 et
1422 2312 1536 2360 talis
1571 2312 1720 2360 etiam
1756 2309 1820 2358 de

146 2388 360 2437 Pindaro
394 2390 458 2437 sit
492 2390 681 2453 opinio:
717 2405 842 2452 quae
874 2396 1040 2439 autem
1074 2390 1251 2440 horum
1288 2393 1351 2440 sit
1372 2393 1499 2440 inter
1525 2392 1661 2455 ipsos
1682 2405 1818 2438 com-

146 2469 357 2534 paratio,
390 2470 594 2517 eandem
630 2470 888 2518 universae
922 2472 1042 2519 artis
1077 2486 1190 2519 esse
1223 2488 1335 2520 cum
1371 2472 1624 2537 epopoeia.
1676 2469 1820 2517 Hanc

147 2548 280 2596 enim
328 2547 389 2596 ad
435 2549 670 2613 ingenuos
718 2556 1023 2614 spectatores
1076 2551 1367 2600 instructam
1419 2566 1557 2610 esse,
1622 2549 1707 2613 qui
1749 2547 1820 2597 nil

136 2633 326 2690 ,egeant
360 2628 584 2676 movendi
618 2629 811 2692 figuris,
847 2621 1080 2690 tragicam
1114 2637 1278 2678 autem
1314 2630 1375 2677 ad
1410 2630 1691 2678 illiberales.
1749 2627 1819 2675 Et

149 2706 433 2755 inferiorem
470 2708 666 2771 quidem
701 2724 814 2757 esse
847 2725 974 2772 quae
1008 2710 1217 2758 molesta
1243 2711 1321 2772 sit,
1355 2710 1557 2774 planum
1586 2714 1677 2757 est.
1715 2706 1817 2758 Ve-

148 2801 257 2834 rum
305 2786 515 2850 primum
564 2787 686 2835 haec
733 2804 828 2836 non
875 2791 1100 2852 poeticae
1134 2790 1253 2837 artis
1289 2790 1538 2838 accusatio
1574 2794 1679 2847 est,
1708 2777 1817 2835 ‘sed

147 2865 465 2923 histrionalis,
500 2867 890 2931 quandoquidem
918 2870 1118 2918 modum
1150 2869 1394 2917 excedere
1422 2869 1471 2917 in
1494 2865 1817 2934 significando

149 2945 293 2994 ctiam
328 2945 602 3008 rhapsodus
637 2953 804 3009 potest
838 2954 889 2996 et
924 2953 1108 3007 cantor,
1145 2948 1196 2996 id
1231 2948 1361 3011 quod
1399 2947 1709 2996 Mnasitheus
1740 2944 1815 2993 fa-

150 3023 313 3072 ciebat
347 3023 608 3088 OpuntiuS.
680 3024 866 3076 Deinde
911 3045 973 3077 ne
1008 3035 1170 3076 motus
1206 3028 1403 3090 quidem
1440 3028 1595 3076 omnis
1631 3027 1815 3090 impro-

149 3103 338 3152 bandus
363 3110 457 3161 est,
494 3103 734 3167 siquidem
764 3120 855 3154 nec
884 3107 1095 3167 saltatio,
1131 3107 1217 3154 sed
1248 3107 1524 3156 illiberalis:
1559 3107 1616 3155 id
1652 3102 1815 3168 quod

151 3182 351 3231 etiam
388 3182 754 3248 Callippidi
791 3187 1323 3250 exprobrabatur
1356 3192 1419 3236 et
1453 3201 1609 3234 nunc
1644 3183 1815 3244 aliis,

150 3277 270 3311 non
327 3262 649 3325 ingenuas
709 3263 781 3311 ab
842 3265 927 3314 iis
979 3266 1262 3314 feminas
1316 3261 1815 3329 repraesentari.

150 3339 280 3389 Tum
329 3342 579 3404 tragoedia
636 3342 783 3390 etiam
842 3345 949 3395 sine
992 3352 1129 3394 motu
1187 3360 1390 3393 munere
1446 3361 1535 3394 suo
1579 3342 1816 3406 fungitur,

151 3419 563 3484 quemadmodum
597 3422 866 3487 epopoeia:
899 3424 1110 3492 legendo
1139 3425 1270 3474 enim
1297 3424 1449 3490 qualis
1474 3425 1536 3474 sit
1558 3419 1815 3487 cognosci-
