2170 3848
1188 300 1272 355 36

386 450 668 518 Euripides,
702 448 941 498 immensa
975 444 1334 495 sententiarum
1368 447 1589 512 pondera
1621 449 1864 500 tenuitate
1890 450 2065 500 verbo-

387 549 496 583 rum
530 534 805 579 sustentata
841 526 1050 585 obferat,
1086 531 1284 589 praeter
1319 526 1606 577 Goethium.

520 609 620 659 Sed
668 608 942 667 Hercules,
992 606 1070 653 his
1116 612 1442 668 provocatus,
1489 606 1682 656 labores
1730 609 1782 657 et
1823 608 2066 672 miserias,

389 690 567 756 quibus
600 688 660 737 ab
696 687 899 736 infantia
933 700 1093 748 usque
1136 685 1197 733 ad
1232 687 1362 736 hunc
1397 686 1527 734 diem
1563 687 1770 735 deorum
1802 687 2066 752 iniquitate

389 775 595 819 vexatus
632 770 718 827 sit,
762 781 930 815 omnes
965 770 1203 815 recenset.
1271 766 1555 815 Extremam
1591 782 1707 815 vero
1739 766 2065 818 calamitatem

387 850 536 899 talem
573 863 682 897 esse
718 846 851 905 dicit,
886 851 940 892 ut
973 859 1135 907 neque
1168 843 1353 894 Thebis
1388 846 1479 894 sibi
1513 845 1740 895 habitare
1777 851 1827 895 et
1862 846 2066 896 deorum

389 945 530 978 sacra
565 931 927 988 conventusque
962 924 1229 972 amicorum
1263 925 1398 974 adire
1445 925 1524 974 fas
1560 927 1653 986 sit,
1701 943 1862 990 neque
1909 926 2068 991 patria

388 1008 601 1074 profugo
638 1006 779 1068 Argis
818 1003 1112 1052 commorari
1147 1011 1231 1053 aut
1264 1006 1314 1053 in
1345 1006 1485 1054 aliam
1515 1006 1796 1070 quampiam
1819 1007 2066 1056 civitatem

387 1086 638 1153 proficisci
673 1085 964 1132 honestum:
1001 1083 1158 1132 ubivis
1194 1085 1322 1133 enim
1359 1086 1583 1134 omnibus
1618 1086 1730 1134 odio
1763 1085 1877 1135 fore
1910 1087 2065 1136 inter-

387 1167 629 1216 fectorem
662 1164 927 1212 liberorum
959 1163 1226 1227 uxorisque
1253 1171 1401 1229 atque
1427 1166 1688 1214 obnoxium
1714 1164 2064 1215 cavillantibus.

388 1245 531 1295 Talia
565 1244 667 1310 pati
700 1246 931 1293 acerbum
967 1259 1079 1292 esse
1113 1245 1323 1293 insueto.
1379 1244 1580 1294 Timere
1609 1261 1680 1303 se,
1715 1261 1776 1293 ne
1800 1249 1931 1294 terra
1957 1245 2068 1308 ipsa

387 1342 561 1375 vocem
596 1324 819 1383 mittenS,
857 1339 919 1371 ne
951 1328 1135 1386 tangat,
1172 1329 1223 1372 et
1256 1341 1406 1385 mare,
1442 1341 1504 1374 ne
1540 1324 1766 1384 traiiciat,
1801 1329 1850 1373 et
1881 1324 2066 1385 fonteS‚

388 1422 452 1456 ne
483 1404 702 1462 hauriat,
754 1403 1048 1451 interdicant
1081 1403 1410 1468 exclususque
1444 1405 1600 1453 instar
1636 1403 1812 1452 ixionis
1847 1408 2064 1470 vagetur.

388 1484 651 1534 Praestare
687 1498 741 1530 se
775 1500 803 1530 a
838 1483 1032 1532 nemine
1068 1484 1388 1545 Graecorum,
1427 1485 1508 1549 qui
1542 1484 1742 1532 felicem
1776 1483 2065 1532 florentem-

390 1580 485 1629 que
520 1563 761 1622 viderint,
797 1563 1016 1627 conspici
1051 1570 1367 1627 prostratum.
1438 1563 1572 1630 Ergo
1608 1565 1753 1613 vitam
1788 1564 1883 1612 sibi
1914 1562 2067 1612 inuti-

389 1644 488 1692 lem
524 1659 650 1691 esse.
722 1641 990 1707 Tripudiet
1021 1643 1167 1705 igitur
1201 1643 1322 1691 lovis
1356 1659 1509 1692 uxor:
1544 1643 1759 1709 perfecit
1785 1645 1912 1692 enim
1939 1658 2067 1706 qnae

389 1723 544 1773 voluit
571 1723 727 1771 virum
754 1722 991 1771 Graeciae
1016 1723 1299 1786 primarium
1327 1723 1548 1772 funditus
1573 1723 1856 1773 evertendo.
1890 1721 2065 1772 Talem

390 1804 531 1852 deam
566 1803 675 1866 quis
710 1802 901 1863 adoret,
939 1819 1063 1867 qnae
1089 1818 1283 1850 amores
1310 1803 1504 1866 coniugi
1531 1803 1751 1852 invidens
1774 1803 1905 1852 viros
1933 1802 2065 1866 opti-

391 1900 471 1932 me
517 1883 580 1931 de
629 1882 837 1931 Graecia
883 1883 1088 1931 meritos
1139 1882 1423 1931 Innocentes
1452 1883 1657 1947 perdit‘!
1724 1882 1910 1931 Contra
1942 1882 2067 1931 haec

391 1963 621 2013 Theseus
667 1962 887 2011 ostendit
930 1978 993 2010 ne
1039 1962 1158 2010 deos
1203 1962 1431 2026 quidem,
1478 1963 1518 2010 si
1564 1963 1690 2010 fides
1736 1962 1959 2012 habenda
2002 1962 2068 2010 sit

391 2048 649 2108 poetarum
685 2042 880 2102 fabulis,
917 2041 1188 2091 sceleribus
1221 2058 1429 2090 vacare:
1478 2057 1590 2089 nam
1626 2047 1677 2090 et
1708 2041 1944 2090 adulteria
1978 2056 2066 2091 eos

393 2123 701 2171 commisisse
729 2128 778 2171 et
802 2121 1033 2186 regnandi
1058 2122 1287 2186 cupidine
1299 2121 1488 2170 vincula
1514 2121 1802 2185 parentibus
1819 2121 2066 2180 iniecisse,

393 2208 446 2252 et
491 2202 806 2251 nihilominus
853 2209 1024 2251 tenere
1070 2201 1334 2266 Olympum
1382 2206 1433 2250 et
1483 2217 1640 2265 aequo
1686 2202 1846 2250 animo
1889 2201 2067 2250 tulisse

392 2288 626 2346 peccata:
671 2282 838 2346 quidni
882 2283 1032 2347 igitur
1081 2281 1324 2330 Hercules
1370 2280 1499 2330 ferat
1543 2280 1800 2330 mortalis?
1877 2279 2068 2330 Tbebis

395 2362 591 2426 quidem
639 2363 980 2412 excedendum
1027 2377 1165 2422 esse,
1218 2361 1427 2410 Athenis
1473 2377 1588 2410 vero
1633 2377 1747 2410 eum
1780 2376 1875 2410 non
1908 2359 2067 2409 solum

392 2445 652 2506 purgatum
689 2442 766 2502 iri,
802 2443 893 2491 sed
926 2444 1073 2490 etiam
1109 2441 1482 2505 quibuscunque
1515 2440 1657 2490 donis
1691 2441 1799 2504 ipse
1829 2457 1857 2489 a
1879 2439 2066 2489 civibus

394 2522 498 2571 suis
531 2528 735 2586 propter
781 2522 959 2571 victum
994 2522 1326 2571 Minotaurum
1358 2519 1566 2570 affectus
1601 2522 1693 2580 sit,
1732 2527 1785 2569 et
1818 2535 2066 2584 quaecun-

395 2617 492 2665 que
525 2601 622 2666 ipsi
657 2602 820 2651 dicata
851 2602 949 2650 sint
982 2600 1216 2659 delubra,
1259 2601 1386 2649 haec
1420 2616 1532 2648 eum
1569 2601 1840 2649 communia
1871 2600 2067 2649 habitu-

395 2697 536 2741 rum;
572 2688 819 2730 mortuum
856 2682 1066 2745 denique
1099 2682 1272 2730 statuis
1305 2680 1603 2746 templisque
1636 2667 1832 2745 publice
1853 2680 2067 2728 honora-

394 2765 501 2809 tum
534 2762 612 2811 iri.
682 2761 805 2810 Nam
841 2767 892 2811 et
926 2762 1112 2810 civitati
1147 2762 1316 2810 decori
1349 2776 1461 2809 esse
1494 2761 1651 2809 virum
1689 2761 1868 2810 bonum
1904 2760 2069 2810 debito

395 2839 585 2889 honore
619 2843 876 2906 prosequi,
915 2848 967 2892 et
1001 2842 1091 2890 sibi
1116 2841 1379 2889 iucundum
1415 2840 1624 2889 amicum
1655 2840 1954 2890 laborantem
1978 2841 2067 2889 ad·

395 2918 579 2971 iuvare.
626 2923 720 2970 His
755 2923 934 2971 auditis
967 2922 1153 2971 haecce
1186 2921 1452 2986 respondet
1487 2920 1756 2970 Hercules:
1791 2920 1916 2970 Sunt
1942 2920 2067 2968 haec

395 2999 552 3049 aliena
586 3002 783 3064 quidem
819 3019 845 3050 a
880 3003 1002 3051 meis
1036 3001 1200 3061 malis,
1235 3009 1286 3048 et
1319 3000 1553 3050 falluntur
1587 3002 1672 3065 qui
1707 3006 1963 3065 poetarum
1991 2998 2067 3047 fa-

395 3078 523 3128 bulis
565 3080 714 3130 fidem
757 3082 995 3132 habentes
1044 3085 1247 3147 peccata
1292 3081 1339 3128 in
1386 3081 1846 3130 deorumnaturam
1889 3078 2067 3128 cadere

395 3158 721 3208 arbitrantur:
755 3177 893 3217 nam,
929 3162 970 3210 si
1005 3165 1120 3211 sunt
1151 3176 1324 3209 revera
1358 3160 1451 3220 dii,
1487 3160 1608 3209 nihil
1641 3161 1700 3208 iis
1733 3159 1876 3207 deest
1907 3158 2066 3207 omni-

321 3248 330 3259 ‘
395 3237 588 3302 busque
621 3242 838 3289 numeris
872 3241 1085 3290 absoluti
1119 3245 1262 3300 sunt3
1298 3240 1386 3289 sed
1423 3239 1725 3290 consideravi
1757 3255 1970 3296 mecum,
2004 3253 2068 3286 ne

396 3324 573 3382 sponte
606 3336 635 3367 e
661 3320 759 3369 vita
793 3322 1038 3370 decedere
1070 3320 1232 3386 ignavi
1259 3320 1355 3368 sit:
1390 3337 1501 3369 nam
1523 3320 1607 3385 qui
1630 3316 1887 3369 adversam
1905 3318 2067 3367 fortu-

393 3411 507 3446 nam
540 3413 635 3449 non
670 3400 880 3449 sustinet
913 3400 1122 3459 fortiter,
1155 3399 1199 3448 is
1243 3416 1305 3449 ne
1338 3400 1555 3450 hostium
1591 3400 1790 3464 quidem
1823 3399 1924 3448 tela
1958 3413 2067 3447 sns-

395 3475 551 3528 tinere
595 3485 762 3543 queat.
832 3480 1165 3543 Quamobrem
1206 3497 1235 3530 a
1284 3485 1443 3531 morte
1478 3480 1746 3530 voluntaria
1791 3479 2066 3539 abstinebo,
