2124 3860
964 278 1087 337 377

196 427 292 478 diis
327 425 505 487 dediti,
539 430 783 476 venatum·
802 426 1110 491 profecturi,
1144 425 1385 493 probante
1417 442 1563 493 rege,
1601 425 1732 492 quod
1767 427 1872 477 eius

195 506 862 572 generisexercitationibus
898 523 1097 572 operam
1134 507 1252 555 dare
1285 507 1505 569 mallent,
1540 524 1686 573 quam
1718 508 1769 557 in
1791 507 1873 558 fu-

195 587 363 636 tilibus
408 587 559 636 rebus
605 593 802 654 tempus
847 604 1145 638 consumere
1184 587 1440 652 risumque
1483 590 1725 654 captando
1758 605 1873 655 gra·
1952 630 1957 633 Α

195 667 311 716 tiam
347 683 620 731 quaerere:

327 745 541 812 ἀνδρῶν
576 743 633 798 δὲ
665 743 852 798 πολλοὶ
884 748 984 797 τοῦ
1015 743 1242 812 γέλωτος
1274 743 1470 798 οὕνεκα

331 826 559 880 α’σκοῦσι
592 827 806 894 χάριτας
839 826 1153 894 κερτόμους·
1189 824 1291 894 ἐγὼ
1326 824 1383 879 δέ
1417 843 1530 890 πως

328 910 464 973 μισῶ
497 908 756 976 γελοίους,
794 906 983 969 οἵτινες
1016 907 1113 974 μὲν
1147 906 1231 960 ἐπὶ
1267 909 1456 974 σοφῶν

327 988 528 1056 ἀχάλιν’
562 988 741 1056 ἔχουσι
777 989 1026 1055 στόματα,
1061 989 1167 1051 κείς
1200 989 1416 1055 ἀνδρῶν
1448 988 1548 1056 μὲν
1579 987 1646 1040 οὐ

324 1072 530 1123 τελοῦσ’
567 1070 817 1138 ἀριθμόν,
852 1068 911 1122 ἐν
942 1069 1130 1138 γέλωτι
1165 1071 1214 1123 δ’
1248 1071 1535 1137 εὐπρεπεῖς.

327 1150 537 1204 οἰκοῦσι
568 1152 616 1204 δ’
652 1152 840 1213 οἴκους
872 1150 963 1204 καὶ
995 1151 1060 1205 τὰ
1093 1153 1535 1219 ναυστολούμενα

327 1231 428 1284 ἔσω
463 1233 647 1300 δόμων
679 1234 909 1297 σώζουσι
1017 1263 1082 1272 -
1250 1262 1313 1272 -
1482 1262 1549 1270 -

330 1392 494 1460 ἀργὸς
525 1391 739 1461 πολίτης
771 1397 961 1466 κεῖνος,
997 1392 1069 1455 ὡς
1102 1393 1266 1454 κακός
1298 1395 1347 1461 γ’
1382 1391 1535 1461 ἀνήρ.

194 1474 378 1524 Contra
411 1474 646 1526 Theanus
679 1476 772 1525 filii
806 1493 968 1542 neque
1002 1477 1278 1541 palaestrae
1321 1492 1485 1540 neque
1529 1475 1727 1525 venatui
1769 1481 1876 1526 stu-

192 1557 330 1619 dent,
365 1557 687 1620 quamohrem
722 1558 988 1606 maioribus
1024 1563 1140 1606 natu
1167 1557 1284 1604 filiis
1320 1572 1350 1604 a
1371 1563 1514 1622 patre
1536 1556 1714 1605 merito
1735 1560 1876 1620 post-

192 1643 457 1703 ponuntur.
539 1637 633 1685 His
682 1638 805 1686 actis
851 1653 942 1686 rex
985 1653 1098 1686 cum
1145 1637 1351 1701 geminis
1399 1636 1714 1701 Melanippae
1760 1635 1876 1684 filiis

192 1718 255 1766 ad
302 1717 543 1782 templum
600 1716 788 1766 Dianae
836 1717 1185 1783 proficiscitur.
1266 1716 1439 1766 Prodit
1481 1716 1661 1766 deinde
1710 1715 1877 1765 statim

195 1797 378 1846 chorus
412 1797 739 1854 feminarum,
776 1797 988 1858 Dianae,
1022 1803 1161 1862 puto,
1196 1797 1368 1846 laudes
1403 1803 1621 1855 cantans,
1655 1796 1717 1845 ad
1752 1810 1875 1864 quas

194 1877 376 1926 deiude
411 1878 604 1925 accedit
638 1876 844 1926 Theano
879 1894 973 1926 una
1009 1893 1119 1927 cum
1141 1878 1255 1926 filiis
1280 1894 1341 1927 ex
1364 1879 1569 1927 aedibus
1596 1891 1874 1941 progressa.

194 1957 268 2006 Ea
301 1973 463 2022 neque
508 1958 715 2006 hilarem
758 1974 813 2006 se
847 1974 1010 2022 neque
1044 1959 1263 2006 cantibus
1298 1958 1735 2021 saltationibusque
1767 1955 1874 2004 ido-

194 2053 338 2086 neam
371 2038 615 2099 ostendit,
666 2038 755 2087 sed
802 2045 1041 2088 moestam
1080 2039 1374 2103 plenamque
1407 2038 1710 2099 iracundiae,
1757 2051 1874 2103 pro-

191 2123 369 2183 pterea
404 2118 532 2182 quod
569 2119 793 2180 marituS,
830 2120 1013 2183 spretis
1048 2118 1279 2184 legitimis
1315 2119 1449 2179 filiis,
1486 2134 1608 2184 quos
1643 2118 1753 2182 ipsa
1785 2132 1876 2182 pe-

193 2199 343 2264 perit,
379 2199 724 2262 supposititios
758 2198 929 2248 foveat
963 2199 1140 2262 hisque
1163 2200 1304 2248 unice
1327 2200 1623 2250 delectetur.
1678 2197 1745 2246 Et
1772 2196 1874 2263 pri-

191 2295 327 2328 mum
361 2278 558 2342 quidem
596 2277 661 2326 de
696 2279 943 2326 communi
980 2278 1273 2328 feminarum
1310 2287 1444 2328 sorte
1479 2279 1732 2344 queritur:

326 2357 500 2422 μάτην
533 2358 617 2422 ἄρ’
654 2355 726 2418 εἰς
759 2359 1020 2422 γυναῖκας
1046 2354 1096 2421 ἐξ
1129 2357 1347 2423 ἀνδρῶν
1379 2359 1548 2426 ψόγος

326 2439 511 2500 ψάλλει
541 2437 701 2490 κενὸν
734 2437 962 2504 τόξευμα
996 2436 1084 2490 καὶ
1120 2441 1296 2501 κακῶς
1337 2438 1497 2505 λέγει·

326 2517 383 2569 αἱ
416 2518 463 2570 δ’
500 2518 591 2569 ε’ίσ’
628 2518 879 2586 ἀμείνους
913 2518 1170 2586 ἀρσένων,
1208 2518 1309 2586 ἐγὼ
1343 2520 1492 2586 λέγω.

194 2680 424 2730 trimonio
459 2681 766 2746 privaretur,
814 2689 1035 2732 coactam
1082 2699 1195 2732 esse
1242 2683 1458 2731 ostendit
1492 2681 1552 2731 ad
1590 2697 1873 2746 supponen-

196 2762 285 2810 dos
320 2761 500 2809 liberos
536 2763 747 2827 spurios,
783 2779 906 2827 quos
944 2764 1041 2812 iam
1076 2764 1308 2828 legitimis
1344 2763 1416 2811 sic
1450 2762 1697 2827 anteponi,
1734 2766 1787 2810 ut
1820 2762 1875 2811 hi

194 2857 291 2891 non
336 2841 494 2889 solum
530 2857 696 2891 amore
738 2850 944 2908 paterno
980 2846 1339 2906 destituantur,
1387 2844 1478 2894 sed
1512 2844 1660 2892 etiam
1695 2858 1758 2892 ne
1792 2859 1873 2892 re-

194 2938 291 2989 gno
327 2921 570 2980 excidant,
604 2923 876 2972 timendum
911 2926 1005 2973 sit:

328 2998 464 3060 ὅςτις
500 2999 543 3051 δ’
578 3002 800 3067 ἄμικτον
833 3002 1010 3068 πατέρ’
1047 3000 1143 3069 ἔχει
1179 3003 1392 3066 νεανίας

327 3081 558 3146 στυγνόν
591 3084 654 3145 τ’,
689 3078 747 3134 ἐν
781 3084 947 3146 οἴκοις
981 3086 1178 3150 μεγάλα
1209 3084 1450 3152 κέκτηται
1477 3087 1632 3139 κακοί.

194 3165 525 3227 Quamobrem
578 3180 632 3213 se
678 3167 975 3229 poenitentia
1024 3169 1152 3216 illius
1189 3167 1307 3216 facti
1338 3169 1519 3218 merito
1553 3169 1875 3219 vehementer

196 3260 432 3294 cruciant

324 3323 453 3374 ἰ’στω
490 3322 538 3374 δ’
573 3323 766 3388 ἄφρων
799 3321 890 3388 ὢν,
927 3325 1065 3387 ὄςτις
1099 3328 1315 3387 ἄτεκνος
1350 3324 1427 3377 ὢν
1459 3327 1519 3378 τὸ
1554 3325 1680 3392 πρὶν

324 3403 517 3464 παῖδας
551 3403 818 3469 θυραίους
851 3405 923 3467 εἰς
957 3407 1159 3471 δόμους
1193 3405 1460 3475 ἐκτήσατο,
1684 3423 1687 3425 ’

327 3483 425 3552 τὴν
459 3487 657 3552 μοῖραν
691 3484 765 3548 εἰς
796 3486 856 3539 τὸ
887 3485 960 3555 μὴ
993 3487 1161 3557 χρεὼν
1192 3487 1599 3556 παραστρέφων.
