2170 3848
1165 261 1284 318 154

401 426 534 460 mum
579 407 822 457 continuis
867 407 1226 457 calamitatibus
1278 423 1339 457 ex
1387 407 1592 459 nefastis
1629 411 1864 460 maiorum
1902 410 2060 460 scele-

399 489 536 538 ribus
569 486 782 536 deletum
818 492 1104 551 tantumque
1150 488 1291 552 regni
1325 487 1583 553 pristinum
1626 490 1939 554 splendorem
1975 505 2061 539 ex-

401 568 625 615 stinctam
650 567 895 615 flebilibus
923 566 1082 615 modis
1106 567 1366 631 deplorans
1380 565 1446 630 *).
1482 566 1681 634 Excipit
1703 574 1895 618 cantum
1929 569 2060 632 lphi-

398 644 557 711 genia,
591 661 677 694 sua
698 645 852 710 ipsius
879 646 1004 694 mala
1032 645 1310 710 deplorans,
1335 646 1462 710 quod
1489 647 1655 695 statim
1679 662 1882 696 nascens
1916 649 2062 696 morti

399 724 639 774 destinata
671 724 852 786 fuerit,
897 727 1028 788 quod
1064 741 1152 788 pro
1186 727 1382 774 victima
1417 742 1445 773 a
1479 732 1635 773 matre
1682 727 1865 774 nutrita
1898 727 1964 775 sit
1997 728 2058 776 ad

398 803 530 854 hunc
563 805 745 862 finem,
782 811 835 854 ut
867 820 957 869 per
990 805 1154 852 dolum
1191 820 1220 852 e
1254 806 1400 852 domo
1433 806 1672 864 abducta,
1707 805 1848 868 quasi
1882 805 2060 854 Achilli

397 888 610 947 nuptura
631 917 644 939 ‚
680 900 769 947 pro
803 884 1046 931 festorum
1081 884 1264 932 laetitia
1299 883 1564 947 perniciem
1599 884 1854 934 inveniret.
1921 883 2062 933 Nunc

358 1009 371 1025 ,
398 968 559 1012 autem
595 977 650 1010 se
685 963 918 1025 cognatis,
954 963 1140 1023 amicis,
1178 962 1342 1011 liberis
1376 964 1573 1026 privari,
1610 964 1659 1012 in
1694 967 1824 1012 terra
1852 965 2062 1013 barbara

398 1045 546 1106 atque
575 1042 854 1105 inhospitali
879 1047 1089 1090 aetatem
1117 1057 1279 1105 agere,
1306 1057 1400 1090 non
1425 1042 1544 1090 deos
1571 1043 1759 1106 patrios
1786 1045 1835 1092 in
1862 1044 2059 1108 templis

397 1119 699 1170 Graecorum
737 1120 1017 1169 laetissimis
1053 1120 1327 1180 colentem,
1365 1121 1452 1168 sed
1488 1121 1682 1171 nefasto
1717 1123 1851 1172 cultu
1885 1122 2059 1187 hospi-

396 1205 498 1251 tum
535 1201 768 1264 sanguine
803 1216 910 1250 aras
950 1200 1270 1249 maculantem
1304 1200 1486 1248 misere
1520 1200 1919 1265 lamentantium,
1969 1202 2059 1250 mi-

396 1295 508 1330 sere
532 1279 901 1338 lacrimantium,
926 1284 977 1328 et
1000 1295 1147 1342 super
1171 1279 1295 1326 haec
1320 1279 1480 1327 omnia
1499 1280 1721 1341 fratrem,
1748 1297 1892 1346 quem
1922 1282 2061 1330 vide·

395 1359 461 1408 rit
484 1359 534 1407 in
560 1358 728 1407 matris
753 1360 975 1408 manibus
999 1365 1048 1407 et
1070 1363 1268 1421 pectore
1294 1359 1547 1407 etiamtum
1577 1359 1833 1420 infantem,
1860 1361 2057 1410 unicum

393 1439 532 1503 regni
565 1439 821 1495 heredem,
855 1444 1015 1486 morte
1050 1438 1346 1486 exstinctum
1384 1438 1476 1486 sibi
1511 1438 1773 1503 lugendum
1809 1456 1939 1490 esse.

524 1518 662 1571 Haec
696 1534 844 1581 quum
878 1517 1041 1565 omnia
1074 1524 1216 1582 apte,
1268 1518 1510 1582 graviter,
1559 1517 1810 1581 eleganter
1855 1521 2058 1584 compo-

396 1599 490 1648 sita
535 1598 657 1655 sint,
704 1603 805 1645 tum
854 1597 1332 1661 praestantissimum
1368 1600 1448 1644 est
1482 1595 1633 1653 illud,
1682 1598 1815 1661 quod
1851 1614 1943 1663 pro
1976 1598 2057 1646 alb·

395 1682 535 1727 sente
569 1683 619 1724 et
652 1684 843 1723 mortuo
879 1677 1073 1739 lugetur
1107 1676 1180 1733 is,
1227 1675 1310 1738 qui
1361 1675 1507 1722 modo
1556 1691 1795 1738 praesens
1825 1677 2058 1740 vivusque

395 1760 691 1821 conspectus
738 1751 927 1819 est**).
1006 1753 1135 1802 Tum
1180 1753 1540 1819 simplicissima
1593 1755 1779 1804 ratione
1823 1756 2055 1804 effectum

395 1843 489 1898 est,
523 1852 584 1884 ne
619 1851 767 1882 vacua
800 1832 973 1881 dolore
1008 1839 1060 1882 et
1095 1832 1454 1897 quodammodo
1489 1833 1649 1880 otiosa
1683 1833 1884 1884 fratrem
1921 1835 2059 1899 lphi—

393 1917 531 1981 genia
558 1915 822 1978 reciperet,
857 1929 995 1971 neve,
1031 1913 1160 1961 nulla
1185 1914 1317 1961 facta
1346 1912 1531 1960 doloris
1566 1914 1866 1972 accessione,
1889 1920 2058 1963 vetera

392 1996 521 2045 mala
553 2001 780 2057 tanquam
814 1992 1032 2040 recentia
1068 1992 1290 2051 doleret,
1341 1992 1475 2054 quod
1511 1997 1679 2040 contra
1711 1999 1930 2041 naturam
1965 1998 2059 2044 est.-

520 2072 695 2124 Finitis
730 2072 808 2120 his
843 2072 1093 2130 cantibus,
1139 2087 1233 2120 non
1273 2076 1351 2119 est
1385 2071 1615 2129 dubium,
1663 2071 1779 2133 quin
1815 2073 2054 2120 somnium

392 2154 538 2219 quale
573 2153 638 2200 sit
671 2152 979 2216 quaesiturus
1013 2151 1165 2199 fuerit
1198 2150 1377 2199 chorus
1412 2155 1462 2197 et
1495 2151 1690 2214 cognito
1725 2165 1783 2198 eo
1818 2150 2054 2214 virginem

392 2233 744 2284 consolaturus·
812 2231 913 2279 Sed
963 2231 1265 2294 praeciditur
1307 2228 1606 2291 colloquium
1654 2229 1927 2278 interventu
1964 2230 2053 2279 bu-

391 2313 523 2363 bulci
536 2309 659 2376 ***),
685 2312 769 2374 qui
787 2312 910 2360 duos
935 2311 1136 2365 iuvenes
1151 2308 1436 2372 peregrinos
1464 2310 1510 2357 in
1535 2309 1701 2356 littore
1730 2310 2054 2373 comprehen-

391 2409 473 2443 sos
508 2407 620 2441 esse
651 2392 844 2440 nuntiat
877 2390 1121 2454 simulque
1172 2405 1346 2451 aquam
1382 2387 1635 2434 lustralem
1671 2393 1722 2435 et
1754 2388 1935 2436 molam
1969 2405 2053 2452 pa-

390 2474 489 2523 rari
530 2472 695 2532 iubet,
747 2486 845 2535 quo
891 2470 1033 2519 citius
1080 2469 1151 2516 illi
1196 2468 1395 2516 adducti
1443 2467 1768 2514 immolentur.
1835 2467 2054 2516 Graecos

391 2568 504 2604 esse
538 2555 687 2614 atque
720 2551 926 2600 alterum
964 2549 1198 2613 Pyladem
1233 2547 1471 2612 appellari
1505 2552 1808 2609 compertum
1842 2552 1946 2606 est,
1981 2546 2053 2595 al-

390 2633 545 2682 terius
579 2635 744 2679 autem
779 2646 957 2678 nomen
988 2630 1254 2694 ignoratur.
1323 2626 1636 2690 Cognoscere
1663 2626 1880 2690 cupienti
1921 2626 2051 2690 lphi-

391 2714 589 2778 geniae,
633 2727 840 2775 quonam
890 2710 1037 2757 modo
1080 2708 1128 2755 in
1175 2711 1471 2770 potestatem
1520 2705 1838 2754 barbarorum
1875 2704 2054 2754 Graeci

389 2792 632 2850 venerint,
671 2791 753 2854 qui
787 2790 933 2854 primi
965 2789 1016 2837 in
1053 2787 1179 2834 hanc
1212 2792 1390 2833 terram
1426 2784 1737 2848 appulerint,
1771 2785 1896 2833 haec
1929 2800 2052 2833 nun-

390 2872 489 2921 tius
516 2871 748 2935 exponit:
784 2869 1129 2926 Bubulcorum,
1165 2865 1246 2928 qui
1280 2865 1428 2912 boves
1460 2864 1610 2912 maris
1645 2864 1788 2913 undis
1815 2864 2052 2923 lavabant,

449 3013 500 3067 ²⁸²)
531 3013 618 3054 Pro
646 3010 805 3052 naenia
834 3007 1125 3050 dubitationes
1148 3007 1203 3048 de
1230 3005 1502 3047 somniorum
1523 3006 1613 3047 fide
1633 3003 1919 3060 proferendas
1941 3001 2052 3043 fuis-

530 3096 578 3123 se
607 3084 755 3122 censet
781 3081 1088 3131 Hermannus‚
1133 3076 1311 3130 oblitus,
1355 3076 1531 3131 opinor,
1568 3075 1614 3116 in
1642 3073 1832 3116 Graecia
1859 3071 2051 3114 feminas

531 3152 634 3194 illas
663 3148 848 3191 nutritas
878 3149 1174 3201 educatasque
1204 3146 1355 3188 fuisse.

424 3222 500 3277 μ)
529 3222 660 3263 Haec
699 3219 945 3272 Sophocles
979 3217 1175 3259 imitatus
1212 3221 1277 3258 est
1311 3215 1355 3257 in
1396 3216 1601 3256 Electrae
1644 3212 1843 3254 dramate
1883 3210 2051 3264 aliquot

535 3290 659 3334 annis
694 3292 792 3343 post
821 3288 937 3329 hane
967 3287 1170 3330 fabulam
1207 3286 1356 3333 docto;
1397 3283 1455 3324 cf.
1485 3283 1683 3334 Schoell.
1707 3282 1762 3323 de
1793 3281 1934 3338 Soph.
1957 3280 2051 3323 vita

399 3431 504 3486 aaa)
531 3377 580 3472 p(
604 3357 718 3471 ἷξε
748 3427 794 3471 τί
823 3424 864 3471 δ’
892 3425 983 3470 ἔστι
1013 3421 1435 3487 τοῦπαρόντος
1463 3421 1711 3477 ἐκὴλῆσσον
1739 3418 1940 3474 λόγους
