2170 3866
921 266 1040 333 421

285 488 346 543 τὸ
382 492 428 542 δ’
465 492 686 555 α’σθενές
718 512 810 558 μοι
843 493 932 545 καὶ
965 494 1025 544 τὸ
1057 493 1200 559 θῆλυ
1235 492 1475 557 σώματος

285 575 461 633 κακῶς
496 571 792 640 έμέμφθης·
827 572 917 626 καὶ
949 573 1052 639 γὰρ
1088 572 1132 622 εί
1167 576 1390 638 φρονεῖν
1424 573 1540 640 ἔχω,

281 658 529 719 κρεῖσσον
559 655 670 706 τόδ’
706 653 814 706 ἐστὶ
846 657 1110 719 καρτεροῦ
1144 653 1442 719 βραχίονος.

282 734 466 801 γνώμῃ
500 733 601 801 γὰρ
635 735 850 799 ἀνδρῶν
884 729 943 786 εὖ
977 731 1074 799 μὲν
1107 733 1386 785 οἰκοῦνται
1418 734 1607 800 πόλεις,

282 808 341 866 εὐ
376 814 423 866 δ’
459 809 619 879 οἶκος,
656 816 729 877 ε’ίς
762 815 807 866 τ’
843 809 911 866 αὖ
946 815 1178 878 πόλεμον
1213 814 1377 882 ἰσχύει
1412 813 1571 880 μέγα·

283 894 459 960 σοφὸν
491 896 593 962 γὰρ
626 895 686 947 ιεἶν
721 897 994 962 βούλευμα
1027 894 1121 955 τὰς
1155 895 1353 957 πολλὰς
1387 893 1539 962 χέρας

279 983 418 1042 νικᾷ,
453 970 554 1028 σὺν
588 979 729 1045 ὄγκῳ
765 977 814 1028 δ’
850 976 1057 1044 άμαθία
1090 979 1339 1028 πλεῖστον
1371 975 1619 1039 κακόν*).

280 1054 368 1107 καὶ
401 1053 507 1123 μὴν
541 1055 659 1108 ὅσοι
692 1057 789 1124 μὲν
822 1057 1014 1124 σαρκὸς
1047 1057 1120 1118 εἰς
1153 1058 1356 1121 εὐεξίαν

284 1136 510 1189 ἀσκοῦσι
544 1138 745 1202 βίοτον,
781 1138 850 1206 ἢν
885 1141 1125 1205 σφαλῶσι
1158 1140 1455 1205 χρημάτων,

283 1217 438 1269 κακοὶ
472 1221 707 1270 πολῖται·
743 1220 825 1271 δεῖ
853 1220 955 1286 γὰρ
993 1220 1160 1283 ἄνδρ’,
1197 1218 1502 1284 εἰθισμένον

285 1297 582 1350 ἀκόλαστον
614 1294 749 1365 ἦθος
783 1300 1025 1365 γαστρός,
1059 1296 1118 1349 ἐν
1149 1299 1323 1366 ταύτῷ
1355 1297 1545 1365 μένειν.

283 1457 313 1508 ό
347 1457 396 1508 δ’
429 1457 627 1525 ἥσυχος
661 1459 862 1524 φίλοισί
893 1463 938 1511 τ’
973 1459 1217 1527 ἀσφαλὴς
1249 1460 1404 1525 φίλος

281 1538 429 1589 πόλει
462 1542 505 1589 τ’
542 1542 767 1605 ἄριστος.
825 1539 896 1607 μὴ
931 1540 996 1592 τὰ
1028 1540 1426 1605 κινδυνεύματα

284 1618 493 1669 αἰνεῖτ”
530 1617 631 1686 ἐγὼ
664 1620 768 1687 γὰρ
806 1623 926 1671 οὔτε
959 1621 1214 1671 ναυτίλον
1247 1622 1385 1683 φιλῶ

282 1701 558 1765 τολμῶντα
591 1699 712 1752 λίαν
748 1703 868 1752 οὔτε
901 1700 1204 1767 προστάτην
1236 1701 1449 1767 χθονός.

282 1860 492 1912 ἅπαντα
525 1860 682 1913 τίκτει
713 1859 864 1927 χθὼν
897 1859 1056 1912 πάλιν
1089 1878 1143 1912 τε
1175 1860 1433 1927 λαμβάνει
1446 1856 1529 1924 **)

282 2022 482 2083 τοιόςδε
516 2024 734 2089 θνητῶν
767 2023 874 2073 τῶν
905 2020 1254 2087 ταλαιπώρων
1288 2019 1431 2085 βίος·

289 2103 402 2154 οὔτ’
438 2103 642 2170 εὐτυχεῖ
672 2103 733 2155 τὸ
768 2102 989 2166 πάμπαν
1024 2105 1146 2154 οὔτε
1182 2102 1441 2165 δυςτυχεῖ,

279 2183 585 2249 εὐδαιμονεῖ
612 2201 667 2234 τε
700 2179 894 2244 καῦθις
926 2184 1027 2236 οὐκ
1061 2183 1374 2246 εὐδαιμονεῖ.

286 2263 336 2315 τί
370 2264 503 2332 δῆτ’,
539 2262 598 2315 ἐν
631 2265 773 2332 ὄλβῳ
808 2262 880 2331 μὴ
916 2267 1078 2330 σαφεῖ
1109 2262 1405 2328 βεβηκότες,

286 2345 353 2396 οὐ
390 2347 558 2410 ζῶμεν
592 2343 663 2405 ὧς
696 2343 901 2412 ἥδιστα,
933 2343 1005 2411 μὴ
1039 2343 1369 2406 λυπούμενοι
1379 2362 1401 2402 ,·

285 2423 423 2486 ὄςτις
456 2424 513 2477 δὲ
546 2425 765 2490 πράσσει
799 2425 984 2486 πολλά,
1033 2426 1105 2492 μὴ
1138 2423 1391 2488 πράσσειν
1423 2420 1616 2486 παρόν,

283 2507 476 2571 μῶρος,
511 2504 684 2570 παρὸν
719 2509 813 2576 ζῆν
846 2505 1018 2574 ἡδέως
1050 2504 1379 2570 ἀπράγμονα.

286 2585 331 2636 εί
364 2586 410 2636 δ’
447 2586 684 2653 εὐτυχῶν
714 2606 792 2648 τις
825 2586 914 2638 καὶ
949 2587 1071 2653 βίον
1104 2581 1420 2650 κεκτημένος

288 2666 408 2733 μηδ’
445 2664 503 2718 έν
537 2667 747 2733 δόμοισι
779 2670 889 2719 τῶν
922 2670 1099 2719 καλῶν
1132 2665 1447 2728 πειράσεται,

289 2744 392 2812 ἐγὼ
425 2745 522 2813 μὲν
557 2749 736 2799 οὔποτ’
772 2748 938 2801 αὐτὸν
972 2749 1156 2814 ὄλβιον
1188 2746 1349 2808 καλῶ,

292 2827 506 2893 φύλακα
541 2826 597 2880 δὲ
630 2832 830 2895 μᾶλλον
863 2829 1142 2898 χρημάτων
1175 2825 1481 2891 εὐδαίμονα.

291 2904 392 2976 ἔχει
424 2908 587 2975 λόγον
619 2908 710 2960 καὶ
742 2915 931 2963 τοῦτο·
965 2912 1071 2962 τῶν
1104 2909 1316 2960 πολλῶν
1349 2904 1562 2972 βροτῶν

216 3039 267 3094 *)
295 3037 425 3095 Diog.
445 3037 596 3080 Laert.
625 3041 670 3080 et
693 3038 831 3082 orion
858 3039 905 3082 in
927 3036 1258 3083 Schneidewini
1288 3036 1399 3078 coni.
1421 3034 1535 3077 critt.
1552 3048 1594 3089 p.
1612 3031 1690 3074 57:
1717 3026 1832 3086 γνώ-

301 3124 409 3165 μαις
435 3106 521 3165 γὰρ
551 3107 746 3164 ἀνδρῶν.
783 3110 912 3153 ·M0x
943 3109 1060 3168 ὄγκῳ
1092 3108 1248 3163 scripsi
1272 3121 1352 3163 pro
1375 3102 1505 3161 ὄχλῳ.
1566 3102 1634 3145 Cf.
1666 3099 1831 3144 Troad.

302 3178 439 3222 1148:
483 3171 517 3221 ὦ
548 3175 713 3234 μείζον’
743 3177 877 3234 ὄγκον
908 3177 1046 3238 δορὸς
1086 3177 1262 3232 ἔχοντες
1301 3173 1334 3233 ἢ
1373 3176 1566 3233 φρενῶν.
1626 3174 1835 3215 Ceterum

304 3264 409 3292 cum
432 3251 505 3293 his
538 3250 808 3292 conferenda
839 3255 940 3293 sunt
972 3248 1174 3294 Sallustii
1200 3248 1279 3290 illa
1309 3249 1427 3303 (Cat.
1454 3246 1541 3300 1.)=
1591 3243 1709 3295 „Diu
1738 3253 1834 3282 ma-

305 3335 444 3377 gnum
474 3322 588 3363 inter
616 3322 828 3364 mortales
857 3326 1081 3363 certamen
1110 3318 1209 3372 fuit,
1239 3316 1340 3359 vine
1371 3315 1571 3373 corporis
1596 3326 1654 3356 an
1672 3312 1835 3355 virtute

306 3391 445 3434 animi
475 3405 547 3433 res
576 3383 785 3434 militaris
811 3392 960 3447 magis
987 3390 1252 3446 procederet
1278 3387 1392 3431 etc.'’

197 3459 279 3516 Ἡ)
303 3461 515 3507 Servavit
541 3462 678 3506 Orion
701 3475 775 3518 ap·
799 3460 1078 3505 Schneidew.
1100 3475 1146 3515 p.
1169 3456 1239 3500 44.
