2170 3866
903 298 1029 358 569

131 447 301 518 πίδην
346 444 409 502 ἐν
449 446 666 517 θεάτρῳ
707 445 1007 516 ἀνέστησαν
1052 442 1182 513 μετὰ
1225 442 1336 497 τῶν
1379 441 1503 509 περὶ
1547 442 1830 512 Αἰσχύλον.

132 531 379 584 Familiae
411 530 654 596 Aeschyli
687 531 840 579 etiam
875 529 1178 595 Sophoclem
1223 532 1474 587 accenset,
1517 527 1652 591 quod
1695 527 1829 581 idem

133 613 198 663 ab
234 611 567 677 Aristophane
600 611 652 660 in
685 610 839 659 Rani:
873 611 984 659 fieri
1015 607 1355 672 intelligimus,
1421 606 1497 655 De
1531 607 1708 656 statuis
1741 623 1829 657 au-

132 700 238 744 tem
286 693 568 759 principum
617 691 921 755 tragicorum
969 689 1021 739 in
1068 688 1266 738 theatro
1312 687 1694 736 Atheniensium
1737 702 1829 754 po·-

135 773 248 824 sitis
295 773 446 822 docet
481 772 689 822 Pausan.
731 771 832 820 Att.
861 787 904 819 c.
929 772 1012 821 21.
1051 787 1102 835 p.
1131 770 1216 817 48.
1269 773 1322 817 et
1367 767 1562 832 plenius
1608 768 1830 817 Pseudo-

129 853 428 919 plutarchus
461 853 512 903 in
544 853 627 901 vit.
663 855 915 900 oratorum
950 868 1000 916 p.
1026 852 1123 898 841
1148 850 1338 910 (2520.
1407 847 1662 898 Suadente
1697 849 1830 899 enim

132 933 365 999 Lycurgo
400 938 601 982 oratore
635 932 876 995 imagines
911 930 1167 994 Aeschyli,
1202 928 1463 993 Sophoclis
1498 935 1650 994 atque
1683 929 1832 979 Euri-

132 1014 269 1079 pidis
313 1029 500 1063 aeneae
544 1013 596 1062 in
629 1012 827 1061 theatro
875 1018 992 1061 sunt
1034 1011 1246 1075 positae,
1291 1008 1538 1072 simulque
1573 1011 1836 1072 sancitum,

138 1099 195 1144 ut
230 1095 420 1159 scripta
455 1109 649 1154 eorum,
696 1107 796 1157 quo
830 1093 891 1141 ab
927 1092 1223 1140 histrionum
1259 1089 1717 1155 interpolationibus
1751 1105 1835 1139 es-

135 1178 251 1224 sent
298 1174 502 1235 tutiora,
549 1174 598 1222 in
643 1173 854 1222 delubro
889 1175 1275 1229 asservarentur,
1318 1174 1370 1217 et
1403 1171 1599 1219 scribae
1634 1169 1836 1235 publico

133 1254 424 1304 mandatum
460 1253 733 1318 negotium,
781 1258 838 1301 ut
878 1252 1199 1301 recitationes
1231 1250 1529 1298 histrionum
1575 1251 1630 1310 (a
1663 1256 1837 1315 poeta-

134 1349 248 1383 rum
296 1335 426 1383 enim
474 1333 641 1382 verbis
676 1333 732 1380 hi
762 1331 1007 1382 recedere
1038 1331 1334 1380 vetabantur
1347 1325 1432 1395 *))
1479 1345 1594 1379 cum
1626 1331 1837 1396 integris

135 1413 342 1478 scriptis
377 1428 623 1478 congruas
658 1411 914 1463 redderet.

269 1492 414 1542 Haec
448 1491 770 1557 postmodum
803 1491 852 1540 in
880 1490 1231 1539 Alexandriam
1258 1489 1494 1539 translata
1521 1495 1639 1540 sunt
1664 1505 1840 1540 exem-

134 1572 310 1638 plaria.
378 1571 580 1622 Etenim
614 1571 936 1620 Ptolemaeus
969 1571 1238 1636 Evergeta‚
1277 1587 1430 1635 quum
1464 1570 1526 1619 ab
1561 1571 1839 1620 Athenien-

135 1653 273 1702 sibus
317 1652 535 1718 petisset
559 1651 889 1700 describenda
924 1656 975 1701 et
1008 1652 1290 1715 quindecim
1323 1652 1626 1700 talentorum
1657 1652 1839 1716 pignus

134 1732 540 1797 interposuisset,
574 1732 752 1780 relicto
774 1732 983 1796 pignore
1016 1731 1102 1780 illa
1125 1731 1430 1797 exemplaria
1452 1747 1696 1795 nunquam
1722 1731 1839 1781 red-'

135 1811 280 1874 didit,
301 1812 391 1861 sed
415 1813 466 1862 in
495 1827 584 1861 sua
609 1802 776 1876 posuit
801 1811 1128 1872 bibliotheca3
1153 1812 1362 1861 tradidit
1381 1816 1547 1861 autem
1563 1812 1840 1861 Athenien·
1875 1818 1878 1821 '

138 1892 279 1942 sibus
314 1908 408 1958 pro
443 1892 673 1958 genuinis
707 1907 786 1952 ea,
821 1908 948 1955 quae
982 1892 1248 1958 splendide
1271 1893 1322 1941 in
1344 1892 1660 1958 pulcerrimis
1693 1892 1840 1941 char-

136 1973 207 2022 tis
242 1973 574 2022 describenda
610 1977 871 2022 curaverat
903 1973 1232 2036 exemplaria3
1280 1971 1348 2024 cf.
1390 1971 1567 2023 Galen.
1594 1972 1860 2038 Hippocr..

137 2051 356 2119 epidem.
375 2053 457 2111 lll,
474 2054 523 2100 2.
569 2051 631 2112 V,
653 2054 771 2103 412.
797 2053 948 2102 Basil.
987 2052 1208 2104 Boeckh.
1233 2054 1297 2102 de
1323 2059 1451 2118 trag.
1478 2054 1565 2102 Gr.
1594 2069 1671 2118 pr.
1697 2055 1841 2118 p.13.

273 2133 463 2183 Mirum
498 2138 578 2182 est
612 2133 768 2194 dictu,
804 2139 1114 2197 quantopere
1145 2134 1375 2183 homiues
1399 2132 1582 2182 Graeci
1616 2134 1842 2182 omnibus

135 2213 448 2278 temporibus
505 2212 732 2277 locisque
782 2213 1044 2277 Euripidis
1095 2214 1394 2263 carminibus
1447 2213 1680 2262 delectati
1728 2214 1843 2265 sint.

136 2291 309 2357 ltaque
343 2292 521 2342 eadem
555 2291 668 2341 fere
703 2295 768 2341 de
805 2293 1153 2342 Abderitarum
1194 2293 1368 2343 furore
1402 2293 1668 2354 Lucianus,
1714 2310 1843 2359 quae

137 2372 204 2422 de
223 2371 605 2422 Atheniensium
641 2372 1001 2437 Aristophanes
1035 2373 1192 2435 finxit,
1227 2361 1432 2423 narrans
1463 2375 1576 2422 illos
1602 2380 1842 2438 regnante

139 2450 443 2515 Lysimacho
477 2451 606 2501 miro
641 2453 856 2516 quodam
891 2453 1070 2500 morbo
1105 2458 1366 2518 correptos
1401 2469 1544 2513 esse,
1579 2459 1636 2502 ut
1670 2469 1842 2504 omnes

137 2530 289 2594 vulgo
316 2530 595 2593 *febrirent,
630 2549 727 2597 qua
761 2532 909 2594 febri,
942 2528 1095 2596 quum
1129 2534 1378 2598 principio
1412 2534 1695 2582 vehementi
1730 2550 1842 2587 core-

138 2611 272 2676 repti
315 2616 369 2659 et
414 2612 645 2660 continua
679 2617 876 2671 essent,
926 2613 1058 2661 circa
1102 2614 1373 2677 septimum
1405 2613 1516 2662 fere
1550 2613 1683 2662 diem
1718 2614 1843 2664 alios

139 2690 380 2756 sanguine
414 2690 571 2739 multo
605 2707 668 2741 ex
703 2692 921 2752 naribus,
971 2693 1093 2741 alios
1130 2693 1313 2742 sudore
1347 2698 1575 2743 manante
1610 2694 1843 2744 liberatos

137 2785 285 2830 esse;
334 2786 506 2819 verum
554 2772 718 2820 statim
754 2788 784 2820 e
819 2773 1048 2836 corporis
1083 2774 1258 2821 morbo
1293 2774 1344 2822 in
1379 2775 1561 2822 mentis
1596 2775 1844 2837 quendam

139 2850 371 2898 morbum
421 2850 683 2900 ridiculum
732 2853 996 2901 incidisse:
1043 2853 1093 2901 in
1141 2853 1453 2918 tragoediam
1503 2854 1631 2902 enim
1668 2870 1841 2904 omnes

141 2930 378 2980 incitatos
428 2930 622 2979 iambos
666 2933 905 2980 recitasse
940 2948 1117 2997 magna
1150 2948 1274 2981 voce
1308 2932 1606 2993 clamanteS,
1656 2939 1709 2983 et
1740 2936 1844 2989 An-

143 3009 438 3060 dromedam
475 3011 790 3074 potissimum
814 3011 1069 3076 Euripidis
1105 3018 1336 3062 cantasse
1363 3012 1534 3063 Persei
1569 3016 1842 3064 orationem

193 3220 248 3277 ¹¹²)
289 3219 463 3262 Locum
508 3233 536 3261 a
574 3218 730 3262 multis
771 3222 992 3263 tentatum
1031 3234 1215 3264 sanasse
1243 3221 1514 3279 Bernhardy
1552 3222 1597 3266 in
1624 3223 1721 3267 vita
1749 3224 1844 3267 Eu-

281 3290 367 3345 rip.
403 3306 447 3346 p.
482 3287 582 3332 165.
624 3289 804 3333 videtur
840 3291 902 3333 sic
942 3291 1199 3334 scribendo:
1243 3296 1343 3343 τοῖς
1382 3289 1424 3337 δ’
1461 3291 1845 3351 ὁποκρινομένοις

281 3359 369 3404 ουίι
413 3358 585 3413 ἐξεῖναι
626 3357 736 3417 παρ’
775 3356 924 3412 αὐτὰς
964 3359 1314 3419 ὑποκρίνεσθαι.
1385 3365 1595 3407 Ceterum
1634 3363 1844 3407 conferas

283 3431 476 3488 Grysar.
507 3432 563 3473 de
590 3431 871 3474 Graecorum
896 3432 1135 3490 tragoedia
1164 3433 1312 3488 qualis
1337 3434 1426 3480 fuit
1453 3433 1622 3479 circum
1638 3437 1843 3491 tempora

280 3500 615 3555 Demosthenis,
644 3506 689 3547 et
713 3503 938 3548 Welcker.
961 3518 1002 3559 p.
1025 3501 1112 3548 907
1129 3516 1222 3560 seq.
