2170 3848
1206 236 1287 291 22

401 380 621 430 Hercule
668 379 868 430 furente
919 379 1075 430 fuisse
1130 380 1326 430 fabulas
1382 380 1591 430 coniicio
1641 375 1970 435 Temenidum
2027 391 2081 436 et

404 460 743 524 Cresphontis,
761 461 934 524 quibus
950 460 1326 510 Heraclidarum
1341 459 1683 525 Peloponneso
1697 467 1963 528 potitorum
1978 464 2081 514 fata

398 539 785 589 illustrabantur.
837 539 1159 605 optimatium
1194 546 1245 589 et
1280 541 1589 605 popularium
1625 549 1874 592 certamen
1898 544 2080 593 Teme-

398 620 565 667 nidum
603 621 814 684 quodam
852 619 1127 686 fragmento
1163 620 1491 686 significatur,
1527 621 1644 669 belli
1676 623 1912 688 pacisque
1945 639 2082 672 eom·

399 698 544 748 moda
578 700 760 749 ibidem
798 708 1169 764 comparantur,
1205 702 1340 766 pacis
1375 701 1673 749 desiderium
1708 702 1905 751 alterius
1939 703 2082 753 fabu-

398 777 476 827 lae
512 780 727 828 carmine
760 781 1185 845 praestantissimo
1221 780 1526 846 exprimitur.
1580 780 1736 845 Digna
1769 788 1882 830 sunt
1915 784 2081 843 etiam,

399 858 462 906 ad
497 875 624 922 qnae
659 859 873 908 animum
910 861 1165 920 advertas,
1212 861 1344 909 dicta
1379 859 1649 924 MeropeS,
1686 841 2084 927 sapientissimae

397 938 610 987 feminae
633 945 683 987 et
712 940 974 988 multorum
1012 940 1237 988 dolorum
1262 940 1588 1005 perpessione
1616 947 1870 1005 purgatae.
1924 935 2083 1003 'Quar-

397 1022 497 1066 tam
534 1018 744 1083 denique
783 1018 995 1069 fabulam
1034 1019 1341 1084 Cercyonem
1377 1019 1620 1084 adiungo,
1672 1036 1766 1084 qua
1801 1020 1862 1069 ad
1895 1007 2084 1070 Thesei

399 1105 546 1162 atque
580 1099 955 1149 Atheniensium
990 1116 1073 1149 res
1110 1116 1171 1148 ex
1207 1099 1677 1165 Peloponnesiorum
1703 1099 1855 1150 rebus
1883 1106 2082 1166 specta-

398 1182 534 1227 tores
569 1178 828 1228 commode
863 1180 1238 1229 reducerentur.

824 1526 893 1581 A.
981 1525 1344 1581 Hercules
1387 1524 1656 1580 furens.
1699 1602 1702 1607 Ι

529 1668 721 1718 Thebis
756 1685 837 1718 res
874 1675 1084 1735 aguntur
1110 1675 1225 1719 ante
1252 1670 1427 1718 aedem
1454 1669 1580 1717 lovis
1606 1667 1902 1731 servatoris,
1937 1685 2081 1733 quam

401 1748 649 1798 Hercules
685 1749 829 1798 victis
865 1749 1052 1814 Minyis
1079 1750 1399 1812 liberatisque
1423 1747 1674 1797 Thebanis
1697 1748 1956 1810 dedicavit,
1990 1765 2083 1800 nec

399 1829 562 1878 minus
589 1830 734 1877 etiam
763 1836 875 1878 ante
899 1830 1099 1878 domum
1129 1831 1326 1892 regiam,
1365 1844 1508 1892 quam
1539 1829 1695 1876 eiecto
1725 1829 2084 1893 Amphitruone

402 1909 713 1973 exclusisque
747 1909 1031 1956 Heraclidis
1068 1909 1236 1973 Lycus
1287 1908 1560 1971 occupavit.
1629 1910 1704 1957 Ab
1741 1907 1898 1956 altera
1930 1909 2084 1974 igitur

400 2004 578 2037 scenae
615 1993 758 2053 parte
793 1989 1031 2053 templum
1069 1989 1176 2046 dei,
1212 1990 1270 2037 ab
1308 1988 1459 2035 altera
1495 1986 1644 2034 aedes
1680 1988 1844 2049 regiae
1875 2003 2081 2053 reprae-

400 2074 675 2119 sentantur.
722 2068 908 2116 Sedent
940 2074 1103 2116 autem
1141 2068 1188 2116 in
1224 2083 1307 2115 ara
1344 2067 1423 2114 dei
1456 2067 1750 2131 Amphitruo
1776 2073 1829 2115 et
1857 2066 2080 2132 Megara,

398 2147 634 2196 Herculis
669 2164 818 2207 uxor,
866 2147 1097 2196 Creontis
1131 2148 1261 2210 regis
1295 2147 1424 2205 filia,
1470 2163 1563 2194 una
1599 2163 1708 2194 cum
1745 2146 1915 2194 liberis
1950 2147 2082 2195 Her-

401 2228 542 2288 culis,
578 2243 749 2276 omnes
774 2227 923 2284 fame,
959 2227 1186 2291 squalore
1209 2233 1260 2275 et
1284 2226 1442 2274 macie
1467 2226 1771 2275 deformati.·
1798 2226 1921 2275 Dum
1950 2227 2080 2276 enim

398 2307 643 2356 Hercules
680 2307 949 2356 Cerberum
985 2308 1032 2356 in
1068 2307 1228 2355 lucem
1252 2311 1592 2370 protracturus
1618 2306 1746 2370 apud
1775 2305 1961 2355 inferos
1995 2308 2080 2357 ab·

401 2394 507 2447 est,
542 2390 671 2436 inter
706 2387 998 2435 seditionem
1035 2387 1244 2434 civitatis
1281 2386 1463 2450 Lycus,
1500 2402 1561 2434 ex
1596 2386 1801 2434 Euboea
1832 2402 2080 2445 reversus,

398 2483 603 2533 regnum
642 2474 894 2532 paternum
931 2467 1258 2531 recuperavit,
1294 2467 1375 2528 qui
1410 2466 1672 2514 interfecto
1693 2465 1910 2514 Creonte
1932 2467 2079 2514 etiam

401 2555 611 2612 nepotes
646 2549 770 2605 eiuS,
806 2546 1036 2595 Herculis
1073 2547 1275 2595 eosdem
1309 2546 1508 2605 liberos,
1545 2562 1653 2594 cum
1691 2553 1845 2592 matre
1870 2560 2081 2608 cumque

397 2632 564 2675 tutore
610 2644 799 2687 eorum,
835 2627 1218 2691 Amphitruone,
1253 2642 1314 2674 ne
1350 2626 1434 2689 qui
1468 2625 1760 2689 superstites
1794 2624 1892 2673 sint
1924 2625 2083 2674 avitae

400 2708 565 2756 caedis
588 2708 789 2765 ultores,
823 2708 932 2755 neci
962 2708 1166 2755 daturus
1193 2710 1284 2754 est.
1340 2705 1433 2766 Qui
1461 2705 1720 2753 subvenire
1744 2704 1938 2754 miseris
1963 2720 2079 2768 pos-

400 2786 483 2846 sit,
518 2803 663 2834 nemo
688 2786 960 2835 invenitur:
997 2802 1107 2834 nam
1126 2787 1325 2834 iuvenes
1351 2785 1547 2848 quidem
1572 2783 1926 2833 Thebanorum
1941 2783 2078 2848 Lyco

398 2865 583 2923 favent,
619 2881 763 2913 senes
801 2872 963 2914 autem
999 2866 1183 2913 viribus
1219 2871 1404 2915 carent.
1461 2864 1598 2912 Haec
1633 2865 1692 2912 ab
1719 2864 2075 2929 Amphitruone

400 2953 724 3011 exponuntur.
772 2945 974 3008 Megara
1010 2951 1059 2994 et
1084 2946 1188 3008 ipsa
1218 2945 1470 2993 infortunii
1499 2945 1884 3008 magnitudinem
1908 2946 2077 2991 osten-

399 3025 473 3074 dit
517 3027 687 3074 dicens
723 3026 1158 3089 Amphitruonem,
1213 3026 1297 3089 qui
1347 3025 1666 3072 clarissimam
1715 3023 1961 3088 quondam
2010 3022 2075 3070 de

399 3103 606 3170 Taphiis
640 3106 892 3154 victoriam
927 3105 1215 3168 reportavit,
1253 3110 1302 3152 et
1337 3121 1392 3152 se
1427 3105 1599 3169 ipsam,
1637 3104 1766 3167 regis
1803 3099 2076 3166 opulentis-

399 3185 511 3233 simi
543 3184 723 3244 filiam,
758 3186 936 3234 summi
970 3186 1059 3232 viri
1093 3201 1324 3241 uxorem,
1361 3183 1422 3231 ad
1457 3184 1694 3231 moriendi
1724 3181 2076 3231 necessitatem

397 3265 495 3313 iam
529 3265 730 3313 adactos
765 3280 901 3326 esse,
943 3264 1123 3314 liberos
1159 3260 1320 3311 autem
1357 3262 1592 3312 Herculis
1631 3260 1734 3326 (qui
1767 3262 1900 3309 intus
1939 3276 2075 3308 com-

399 3343 674 3408 morantur)
711 3345 865 3409 patris
901 3343 1151 3392 desiderio
1186 3341 1394 3407 flagrare
1416 3350 1482 3402 et,
1519 3342 1908 3407 quotiescunque
1937 3339 2074 3388 fores

401 3430 624 3487 crepent,
661 3423 841 3488 pedem
875 3440 973 3473 una
1006 3424 1209 3485 tollere,
1243 3429 1302 3473 ut
1334 3422 1393 3472 ad
1429 3439 1588 3488 genua
1622 3422 1819 3471 reducis
1853 3420 2078 3470 accidant
