2170 3866
962 261 1088 322 537

317 413 623 511 Interposito
648 412 834 465 deinde
853 412 1009 464 choro
1026 411 1185 461 altero
1198 410 1270 472 *),
1295 406 1663 474 Amphilochus
1683 405 1887 458 venisse

182 497 408 560 videtur,
443 497 527 547 cui
562 495 851 558 Alcmaeon,
890 511 1003 545 cum
1039 491 1270 542 Creontis
1305 506 1420 540 eum
1454 489 1612 538 filium
1647 505 1761 540 esse
1793 490 1887 540 dn-

187 585 345 639 ceret‚
394 593 624 628 caussam
659 576 823 626 morbi
856 581 908 625 et
939 575 1140 624 labores
1174 586 1292 622 suos
1327 568 1624 636 explicavitz

319 659 529 722 „Fact
543 674 640 707 um
679 662 779 706 est
812 656 835 706 i
852 654 1118 706 amdiu.”

319 738 606 802 „Multa”
641 736 855 788 modis
888 751 1028 786 sum
1055 752 1083 785 c
1101 735 1161 783 ir
1177 747 1359 783 cumv
1376 736 1610 794 entus,
1645 730 1887 794 morbo,

1052 814 1308 864 exsilio
1332 877 1335 879 f
1355 820 1568 880 atque
1614 812 1887 880 inopia3

329 899 482 951 Tam
510 914 730 967 pavor
762 897 1195 965 sapientiam
1231 910 1486 944 omnem
1519 893 1604 942 mi
1639 896 1889 945 exani-

1028 981 1158 1027 mat
1177 991 1208 1026 ο
1243 991 1370 1042 exp
1387 980 1493 1025 eet
1509 990 1580 1024 or
1596 980 1682 1024 at

324 1060 532 1111 Alter
587 1058 977 1109 terribilem
1023 1058 1331 1107 minatur
1386 1055 1576 1105 vitae
1621 1055 1892 1107 crucia-

1036 1145 1057 1188 t
1075 1154 1112 1187 a
1125 1155 1177 1187 m
1212 1154 1241 1186 e
1251 1143 1273 1186 t
1307 1152 1344 1186 n
1361 1153 1390 1185 e
1403 1153 1430 1186 c
1447 1152 1475 1185 e
1487 1152 1539 1185 m
1550 1171 1569 1197 ‚

329 1220 520 1285 Quae
585 1236 775 1271 nemo
843 1225 945 1269 est
990 1223 1126 1269 tam
1187 1219 1360 1283 sirm
1379 1232 1408 1266 ο
1476 1217 1759 1282 ingenio
1828 1223 1893 1267 et

1023 1304 1234 1347 tanta
1268 1294 1746 1362 confidentia,

326 1379 420 1444 Qu
437 1381 504 1430 in
537 1380 866 1446 refugiat
899 1378 1150 1428 timido
1190 1393 1497 1444 sanguen
1532 1383 1742 1445 atque
1777 1394 1893 1428 ex-

1037 1459 1347 1509 albescat
1381 1459 1599 1507 metu''
1622 1458 1724 1523 **).

189 1539 448 1592 Promittit
507 1540 873 1606 Amphilochus
947 1556 1004 1590 se
1076 1538 1322 1604 expiando
1393 1538 1587 1589 scelere
1642 1541 1897 1608 hospitem

192 1622 369 1671 morbo
416 1627 469 1671 et
512 1621 779 1670 Furiarum
835 1621 1155 1687 aggressione
1204 1619 1530 1670 liberaturum
1587 1638 1718 1673 esse.
1801 1623 1897 1674 Cui

192 1701 272 1751 his
307 1703 472 1751 verbis
507 1701 693 1768 gratias
729 1701 834 1767 agit
864 1702 1164 1752 Alcmaeon:

331 1773 374 1833 ὦ
405 1785 506 1833 παῖ
541 1778 831 1845 Κρέοντος,
868 1779 941 1842 ὥς
974 1780 1172 1848 ἀληθὲς
1204 1772 1275 1848 ἦν
1308 1782 1416 1848 ἄρα

334 1858 546 1914 ἐσθλῶν
579 1862 671 1914 ἀπ’
706 1861 925 1928 ἀνδρῶν
957 1859 1128 1915 ἐσθλὰ
1160 1862 1445 1929 γίγνεσθαι
1475 1860 1651 1928 τέκνα,

331 1945 518 1996 κακῶν
551 1942 600 1995 δ’
634 1938 798 2011 ὅμοια
831 1949 898 2010 τῇ
932 1944 1093 2009 φύσει
1122 1950 1189 2012 τῇ
1223 1949 1324 1998 τοῦ
1357 1944 1576 2011 πατρός.

194 2023 401 2091 Ignarus
435 2028 589 2092 igitur
626 2042 771 2076 suum
807 2042 964 2090 genus
995 2027 1106 2093 ipse
1153 2029 1427 2094 praedicat,
1474 2029 1674 2092 ignarus
1708 2042 1738 2076 a
1770 2026 1900 2078 duo·

195 2105 289 2155 bns
324 2107 515 2170 liberis,
562 2124 714 2172 quum
758 2123 816 2156 se
851 2106 1146 2158 destitutum
1182 2125 1296 2158 esse
1341 2109 1391 2158 in
1424 2110 1566 2158 malis
1600 2111 1764 2172 putet,
1809 2107 1899 2156 ad-

192 2185 405 2238 iuvatur.
474 2187 657 2238 Statim
691 2187 876 2238 deinde
910 2188 973 2237 ad
1008 2188 1174 2238 locum
1210 2189 1427 2252 aliquem
1450 2189 1777 2238 remotiorem
1811 2190 1900 2240 ab-

193 2266 394 2317 ducitur
426 2269 598 2330 miser,
633 2269 683 2316 in
720 2285 818 2332 quo
852 2268 1171 2333 perficiendis
1208 2270 1508 2334 quibusdam
1543 2271 1700 2319 sacris
1728 2286 1899 2319 secre-

192 2347 260 2397 tis
310 2349 558 2415 expietur.
648 2348 718 2397 Et
779 2349 1007 2413 sequitur
1053 2350 1435 2415 proficiscentes
1490 2351 1645 2401 etiam
1694 2351 1899 2414 choruS,

194 2443 296 2478 non
341 2430 521 2478 timens
566 2428 849 2491 Furiarum,
898 2445 1027 2494 quae
1068 2430 1118 2478 vi
1163 2431 1443 2495 potentium
1490 2446 1749 2482 sacrorum
1793 2432 1899 2498 pel-

194 2507 374 2559 lendae
407 2514 540 2569 sunt,
576 2511 858 2559 saevitiam:
981 2542 983 2544 >

330 2590 600 2654 γυναῖκες,
617 2585 910 2657 ’ὁρμήθητε
942 2587 1068 2655 μηδ’
1103 2587 1351 2655 ἀθυμίαν

330 2667 496 2736 σχέθῃ
531 2686 608 2730 τις
637 2669 792 2738 ὑμῶν
808 2685 820 2698 ·
853 2674 1024 2723 ταῦτα
1057 2668 1161 2737 γὰρ
1197 2670 1442 2736 σκεθρῶς
1475 2669 1612 2736 ὁρᾶν

328 2748 470 2817 ἡμᾶς
505 2749 711 2819 α’νοίγκη
745 2746 910 2814 τοὺς
942 2754 1365 2820 νομίζοντας
1397 2750 1664 2820 τέχνην.

198 2831 523 2898 Amphilochi
555 2833 682 2882 haec
717 2851 833 2884 esse
866 2838 1016 2887 verba
1051 2836 1298 2900 videntur,
1345 2837 1429 2901 qui
1463 2834 1676 2887 famulas
1718 2835 1816 2886 sibi
1847 2836 1901 2886 in

204 2913 530 2979 perficiendis
565 2915 722 2963 sacris
757 2915 938 2966 adesse
969 2917 1185 2967 iuberet.

333 2992 454 3043 Sola
510 2993 665 3058 igitur
713 2995 765 3044 in
811 3012 960 3047 scena
1017 2997 1394 3063 relinquebatur
1449 2995 1741 3062 Tisiphone.
1822 2996 1903 3047 Ad

606 3107 653 3114 —-

257 3170 310 3225 *)
350 3170 455 3212 Huc
485 3170 617 3211 traho
649 3170 851 3226 glossam
875 3169 1120 3228 Hesychii:
1165 3165 1504 3215 ἄπαιῶνιστ
1516 3185 1600 3224 ον,
1631 3166 1900 3225 δύςφημον·

341 3236 596 3298 Εὐριπίδης
644 3235 914 3294 ’Ἅλκμαίωνι
962 3241 1042 3285 διὰ
1093 3235 1364 3298 Κορίνθονς
1421 3241 1480 3285 cf.
1516 3241 1680 3285 Matth.
1719 3255 1764 3296 p.
1799 3238 1899 3290 428.

338 3311 508 3368 fragm.
528 3309 628 3352 255.
688 3310 864 3354 Welck.
887 3311 986 3354 579.

231 3397 302 3454 **)
343 3395 437 3439 Cic.
469 3396 526 3438 de
559 3398 672 3438 orat
701 3395 782 3447 111,
805 3395 874 3447 58,
894 3396 993 3440 218.
1063 3396 1197 3439 Ennii
1231 3397 1318 3439 hos
1357 3408 1514 3467 versus
1553 3407 1653 3439 esse
1683 3392 1775 3438 Cic.
1802 3391 1901 3437 Fin.

341 3465 511 3524 1v‚23‚
534 3465 592 3510 62
621 3467 666 3511 et
693 3465 830 3511 Tusc.
852 3466 989 3524 1v,8‚
1010 3465 1083 3513 19.
1104 3466 1307 3512 ostendit.
