2124 3860
947 263 1068 322 363

165 415 367 469 evenire
412 414 565 464 altera
615 412 767 474 solet,
816 412 859 461 si
906 412 993 461 fiat
1025 410 1271 477 posterior
1303 424 1413 471 res,
1463 407 1650 458 factum
1689 406 1761 456 iri.
1786 410 1837 456 et

166 503 452 550 eventuram
515 510 628 544 esse
684 494 828 543 etiam
877 494 1122 558 priorem:
1171 495 1223 539 at
1262 490 1388 538 haec
1433 489 1676 554 posterior
1716 486 1841 536 falsa

168 583 265 640 est,
302 578 515 647 ideoque
549 590 723 624 rursus
757 575 903 622 etiam
939 573 1095 637 prima
1128 570 1253 619 falsa
1268 569 1335 636 *).
1401 570 1560 619 Aliter
1588 575 1753 642 autem
1785 583 1844 617 se

166 676 226 710 re
270 659 483 708 habente
517 655 818 721 posteriore,
864 668 1070 702 necesse
1111 657 1187 700 est
1234 667 1342 699 eam
1376 650 1720 714 amplificando
1756 651 1842 698 aut

167 740 280 789 fieri
326 744 410 787 aut
455 736 678 785 evenire:
725 741 987 799 propterea
1023 734 1168 791 enim,
1204 732 1335 795 quod
1370 723 1693 779 hanc'veram
1729 745 1842 779 esse

169 821 380 881 scimus,
426 817 673 866 inducitur
705 817 894 862 animus
931 813 992 861 ad
1027 813 1155 862 falso
1190 811 1627 877 argumentandum
1677 826 1843 859 veram

169 916 282 949 esse
328 898 476 947 etiam
523 897 749 961 primam.
819 895 972 944 Cuius
1017 894 1091 943 rei
1127 893 1406 957 exemplum
1443 896 1522 940 est
1555 892 1619 940 de
1652 890 1843 956 Niptris

170 974 587 1044 (Sophoclis)**).
657 975 882 1024 Praestat
931 979 1100 1023 autem
1136 973 1475 1039 impossibilia,
1511 987 1636 1036 quae
1670 971 1842 1020 verisi-

166 1059 298 1110 milia
333 1059 447 1119 sint,
483 1056 695 1122 eligere,
733 1072 876 1120 quam
914 1055 1166 1120 possibilia
1201 1071 1282 1113 ea,
1323 1054 1499 1117 quibus
1534 1053 1661 1101 fides
1697 1051 1844 1100 dero-

168 1146 338 1205 getur,
384 1153 544 1201 neque
590 1137 832 1184 orationes
879 1137 1027 1185 decet
1071 1151 1133 1184 ex
1178 1131 1398 1201 partibus
1444 1134 1845 1198 improbabilibus

171 1227 416 1278 constare,
450 1218 539 1266 sed
574 1216 889 1281 potissimum
925 1217 1122 1280 quidem
1158 1216 1277 1263 nihil
1293 1213 1478 1263 habere
1503 1213 1846 1278 improbabile,

171 1301 248 1349 sin
284 1300 472 1360 minua,
507 1304 646 1345 extra
682 1302 1023 1362 argumentum
1059 1312 1171 1344 esse
1218 1296 1395 1353 debet,
1441 1294 1578 1342 velut
1621 1293 1845 1357 Oedipus

170 1377 507 1443 (Euripidis),
544 1375 789 1440 quomodo
824 1375 974 1425 Laius
1011 1376 1216 1441 perierit
1248 1375 1510 1441 ignorans,
1544 1374 1634 1423 sed
1668 1389 1763 1423 non
1795 1374 1847 1423 in

169 1459 390 1507 dramate
423 1459 559 1522 ipso,
595 1456 727 1503 velut
760 1457 809 1505 in
845 1456 1046 1504 Electra
1082 1453 1390 1520 (Sophoclis)
1426 1455 1488 1517 ii,
1525 1456 1607 1519 qui
1641 1454 1848 1519 Pythica

171 1538 438 1589 certamina
473 1541 741 1602 exponunt,
777 1542 862 1584 aut
895 1537 944 1585 in
981 1537 1140 1601 Mysis
1176 1534 1487 1600 (Sophoclis)
1522 1536 1583 1593 is,
1622 1536 1705 1599 qui
1739 1551 1846 1584 mu-

170 1626 251 1669 tus
286 1635 346 1667 ex
378 1617 547 1683 Tegea
581 1617 631 1665 in
667 1615 879 1681 Mysiam
925 1618 1166 1682 pervenit.
1248 1618 1419 1679 ltaque
1463 1617 1660 1674 dicere,
1707 1615 1848 1665 futu-

170 1716 281 1749 rum
311 1699 497 1758 fuisse,
546 1704 602 1746 ut
635 1702 976 1760 argumentum
1022 1697 1219 1746 fabulae
1263 1697 1550 1757 tolleretur,
1596 1696 1689 1745 nisi
1730 1696 1850 1744 talia

172 1781 502 1842 fingerentur,
550 1777 814 1826 ridiculum
864 1782 957 1824 est.
1029 1777 1070 1825 A
1116 1777 1359 1842 principio
1407 1777 1537 1825 enim
1573 1792 1670 1824 non
1705 1776 1851 1825 decet

174 1858 420 1908 eiusmodi
466 1862 756 1922 argumenta
806 1872 1131 1921 componere;
1180 1858 1252 1906 sin
1298 1858 1406 1921 quis
1453 1856 1765 1906 constituerit
1799 1861 1851 1905 et

173 1939 331 1987 visum
366 1938 462 1986 erit
498 1937 893 1996 convenientius,
939 1938 1211 2000 intelligere
1257 1939 1466 1987 eundem
1515 1937 1639 1986 illud
1676 1938 1848 1987 absur-

175 2018 293 2067 dum
328 2034 465 2066 esse:
512 2018 907 2081 quandoquidem
954 2018 1102 2066 etiam
1138 2034 1262 2082 quae
1294 2019 1458 2067 insunt
1495 2018 1754 2082 Odysseae
1787 2018 1850 2066 de

174 2098 359 2161 Ulysse
378 2099 427 2145 in
456 2098 620 2146 littore
645 2115 671 2145 a
695 2097 1000 2146 Phaeacibus
1025 2099 1271 2161 exposito,
1307 2098 1622 2147 manifestum
1651 2103 1730 2146 est
1752 2113 1849 2146 non

174 2178 333 2227 fuisse
379 2177 656 2226 tolerabilia
701 2178 890 2239 futura,
938 2180 980 2226 si
1014 2180 1170 2227 malus
1206 2180 1380 2243 aliquis
1416 2185 1560 2243 poeta
1597 2178 1850 2238 finxisset;

173 2273 304 2306 nunc
348 2272 466 2306 vero
512 2257 695 2305 ceteris
745 2259 884 2306 bonis
933 2265 1082 2323 poeta
1133 2262 1364 2308 obscurat
1398 2276 1456 2307 ac
1491 2258 1653 2307 dulcia
1686 2258 1852 2307 reddit

175 2354 302 2401 quae
348 2336 560 2386 absurda
608 2343 740 2386 sunt.
816 2337 1043 2387 Dictione
1099 2346 1263 2388 autem
1312 2340 1567 2388 elaborare
1613 2340 1757 2388 decet
1802 2340 1851 2388 in

174 2418 412 2467 inertibus
447 2417 598 2478 locis,
648 2418 730 2481 qui
779 2419 876 2467 sint
922 2435 1083 2482 neque
1123 2420 1303 2469 morati
1339 2436 1499 2484 neque
1533 2419 1851 2468 sententiosi:

177 2497 394 2546 occultat
438 2498 567 2545 enim
615 2513 791 2547 rursus
825 2499 1002 2548 nimius
1036 2499 1298 2548 verborum
1334 2499 1566 2564 splendor
1600 2505 1651 2547 et
1686 2514 1851 2548 mores

179 2583 231 2625 et
263 2573 587 2627 sententias.'’
668 2579 776 2627 Alio
825 2580 932 2627 loco
970 2578 1037 2641 (c.
1070 2582 1149 2629 25.
1187 2580 1379 2647 §.1⁶1.)
1416 2579 1508 2628 tria
1544 2579 1674 2627 idem
1711 2579 1853 2643 ponit

179 2672 359 2720 genera
392 2656 794 2720 impossibilium,
831 2676 1037 2724 quorum
1072 2647 1283 2725 prinium
1320 2661 1382 2709 sit
1416 2660 1476 2707 ad
1514 2660 1685 2723 poesin
1719 2658 1852 2708 refe-

178 2736 402 2797 rendum,
438 2736 645 2786 alterum
680 2739 739 2786 ad
774 2741 1030 2789 meliorem
1065 2755 1230 2788 rerum
1269 2740 1515 2804 speciem,
1554 2740 1752 2788 tertium
1789 2739 1853 2788 ad

180 2816 475 2880 opinionem.
543 2816 608 2866 Et
654 2821 824 2882 poesin
860 2821 1058 2884 quidem
1095 2820 1225 2884 quod
1264 2820 1496 2879 attineat,
1545 2820 1749 2868 meliora
1783 2821 1853 2869 ait

181 2911 294 2944 esse
330 2896 610 2956 credibilia,
654 2913 778 2960 quae
814 2902 908 2949 sint
942 2899 1295 2965 impossibilia,
1347 2916 1490 2963 quam
1525 2899 1850 2971 incredibilia,

181 2992 309 3039 quae
357 2977 452 3024 sint
500 2977 777 3040 possibilia3
827 2983 1079 3031 meliorem
1128 2987 1294 3029 autem
1338 2997 1504 3029 rerum
1549 2981 1767 3045 speciem
1801 2981 1852 3028 in

181 3055 278 3104 hoc
325 3056 441 3112 niti,
492 3057 624 3120 quod
672 3061 971 3124 exemplaria
1014 3062 1227 3110 debeant
1272 3077 1420 3125 supra
1450 3061 1698 3123 vulgarem
1735 3076 1850 3126 spe-

180 3135 309 3184 ciem
344 3137 584 3195 eminere3
619 3138 898 3201 opinionem
926 3142 1139 3205 denique
1172 3145 1275 3189 tum
1311 3141 1486 3191 eadem
1512 3141 1703 3190 ratione
1731 3156 1854 3205 pro-

237 3318 287 3373 *)
316 3318 452 3362 cozzo
493 3314 533 3362 δ’
570 3316 662 3363 ἐστὶ
698 3320 894 3378 ψεῦδος,
937 3320 1011 3366 διὸ
1050 3319 1107 3377 δὴ
1139 3314 1200 3365 αὖ
1227 3319 1278 3367 τὸ
1309 3324 1494 3382 πρῶτον
1532 3323 1721 3379 ψεῦδος.
1788 3314 1855 3367 AB

321 3389 502 3444 reposui
530 3403 611 3444 pro
644 3404 697 3433 eo
733 3393 846 3445 quod
874 3395 1013 3451 vulgo
1043 3393 1250 3436 scribitur
1279 3392 1351 3437 ἄν.

212 3458 288 3513 *ἢ
317 3459 445 3502 Idem
471 3460 630 3504 drama
657 3460 916 3507 Aristoteles
944 3479 980 3506 c.
1012 3463 1082 3507 16.
1113 3467 1153 3517 5.
1180 3464 1224 3507 3.
1255 3467 1587 3508 commemorat.
