2170 3866
1130 271 1257 332 526

345 418 454 468 silia
486 417 622 467 ineat
654 433 730 478 ea,
764 417 947 482 quibus
979 417 1334 484 proficiscendi
1365 418 1576 470 facultas
1598 420 1913 487 impetretur,
1947 429 2034 474 aut

342 498 564 548 dimittat
605 498 910 562 exercitum,
952 499 1169 564 alioquin
1216 498 1328 563 ipse
1371 515 1598 551 seorsum
1633 503 1694 551 ab
1728 502 2032 568 imperatore

342 593 476 642 quae
507 578 769 627 videantur
795 585 1140 629 exsecuturus·
1206 581 1430 631 Absente
1463 586 1630 630 autem
1663 582 1798 631 forte
1821 583 2034 647 Agame-

341 674 550 719 mnone,
586 657 986 723 Clytaemnestra
1025 659 1087 708 ad
1121 661 1430 710 salutandum
1463 678 1718 725 generum,
1752 677 1902 726 quem
1934 680 2033 730 pu-

341 744 438 799 tat,
485 740 686 803 prodire
730 754 829 788 non
875 740 1085 790 dubitat.
1154 740 1372 790 Min-ante
1406 741 1603 790 Achille
1647 747 1798 806 atque
1834 743 2034 808 nuptias

338 834 369 867 a
416 832 472 867 se
508 819 633 867 ullas
678 819 923 884 expetitas
972 836 1087 869 esse
1134 826 1374 886 negante,
1423 821 1821 885 Clytaemnestra
1867 810 2041 872 autem¹

338 904 547 963 stupore
579 915 637 947 ac
670 900 864 964 pudore
913 899 1145 958 confusa,
1194 901 1409 950 famulus
1442 900 1762 966 ille.reginae
1794 901 2033 951 fidelissi-

335 994 477 1040 mm,
512 979 596 1043 qui
629 986 763 1028 retro
798 985 996 1028 vertere
1029 981 1129 1030 iter
1162 980 1448 1047 Iphigeniae
1489 982 1655 1030 iussus
1695 987 1824 1043 erat,
1857 987 2033 1046 aperta

334 1058 608 1123 paullulum
643 1066 789 1123 porta
822 1061 1059 1125 praetorii
1093 1067 1395 1126 exsertaque
1428 1061 1595 1126 capite
1625 1061 1926 1125 colloquium
1952 1061 2030 1112 in-

334 1138 600 1202 terpellat3
645 1155 788 1200 mox,
836 1140 920 1189 ubi
968 1127 1130 1189 solos*
1153 1141 1267 1190 illos
1301 1142 1408 1191 sine
1443 1141 1644 1190 arbitris
1678 1142 1858 1190 adesse
1893 1156 2030 1190 com·

333 1218 496 1283 perit,
542 1233 867 1283 progressus,
912 1236 1021 1269 rem
1072 1235 1268 1269 omnem
1315 1221 1518 1287 reginae
1564 1222 1633 1269 nil
1674 1221 1773 1270 tale
1807 1220 2030 1286 opinanti

331 1298 506 1362 aperit.
590 1297 902 1347 Lacrimatur
958 1300 1389 1363 Clytaemnestra,
1448 1301 1730 1363 indignatur
1785 1300 2027 1352 Achilles-

333 1376 465 1425 Tum
512 1377 622 1425 sine
667 1394 807 1427 mora
857 1379 1038 1427 mulier
1082 1381 1144 1428 ad
1190 1396 1351 1444 genua
1397 1380 1618 1443 iuvenis,
1664 1386 1895 1445 tanquam
1940 1379 2026 1429 dei

329 1457 628 1521 praesentiS,
662 1458 995 1522 provolvitur3
1027 1458 1292 1523 implorat,
1328 1460 1589 1520 obsecrat,
1624 1459 1935 1521 obtestatur,
1969 1465 2027 1508 ut

330 1537 428 1586 sibi
478 1542 528 1586 et
575 1538 710 1586 filiae
757 1538 1029 1602 opituletur
1073 1539 1326 1588 destitutis
1361 1540 1670 1604 proditisque
1702 1541 1763 1589 ab
1799 1555 1860 1588 eo
1893 1539 2025 1601 ipso,

328 1633 478 1682 quem
526 1633 619 1682 pro
669 1618 918 1683 praesidio
959 1618 1252 1680 habuerint,
1308 1625 1621 1682 mortemque
1662 1636 1693 1667 a
1736 1619 1926 1683 virgine
1972 1618 2025 1668 in

325 1697 485 1762 ipsius
531 1699 830 1747 connubium
874 1698 1091 1748 adducta
1138 1699 1391 1748 defendat.
1473 1699 1551 1747 Ad
1593 1698 1722 1747 haec
1765 1714 1895 1763 quae
1938 1713 2022 1747 re·

327 1777 543 1841 spondet
577 1779 826 1838 Achilles,
874 1778 954 1826 his
1002 1779 1187 1843 ingenii
1233 1780 1340 1829 eius
1386 1779 1518 1828 inest
1562 1778 1852 1842 descriptio.
1931 1777 2023 1826 Sa·-

324 1856 565 1921 pientium
613 1863 692 1907 est
736 1873 944 1907 numero
958 1896 974 1920 ,
1035 1865 1214 1924 utpote
1263 1859 1498 1909 Chironis
1543 1859 1806 1925 disciplina
1852 1856 2023 1907 erudi-

324 1942 423 1986 tus.
491 1937 665 2001 ltaque
705 1954 886 2002 magno
936 1939 1235 2004 sublimique
1286 1947 1364 1988 est
1397 1940 1584 2001 animo,
1633 1946 1690 1988 ut
1734 1953 1898 2003 neque
1931 1937 2022 1987 ad-

322 2018 482 2067 versis
516 2035 678 2083 neque
709 2019 965 2085 prosperis
999 2020 1151 2069 rebus
1186 2019 1412 2085 graviuS,
1448 2036 1594 2085 quam
1639 2034 1733 2085 par
1766 2022 1880 2076 est,
1911 2032 2022 2066 mo-

322 2105 524 2162 veatur,
591 2101 726 2164 quod
774 2115 930 2164 genus
972 2100 1229 2150 hominum
1271 2101 1544 2162 rationem,
1601 2099 1842 2164 optimam
1886 2097 2022 2147 vitae

320 2179 756 2242 gubernatricem,
803 2181 1113 2229 constantius
1150 2182 1389 2245 sequitur.
1457 2179 1597 2229 Duce
1630 2181 1780 2244 igitur
1811 2179 2019 2250 ratione,

321 2255 472 2322 quum
508 2258 571 2305 sit
604 2259 914 2324 simplicibus
949 2260 1278 2324 ingenuisque
1296 2259 1536 2320 moribuS,
1570 2259 1787 2307 honeste
1814 2257 2017 2321 quidem

318 2338 678 2401 imperantibus
723 2340 916 2390 Atridis
961 2341 1294 2389 obsecuturus
1326 2343 1435 2396 est,
1481 2339 1558 2386 sin
1593 2338 1755 2386 minus
1786 2337 2016 2396 honeste,

319 2418 544 2466 officium
578 2418 960 2469 detrectaturus.
1026 2418 1083 2468 In
1129 2420 1225 2468 hac
1273 2422 1440 2467 autem
1484 2433 1542 2466 re
1585 2422 1788 2482 praeter
1820 2415 2015 2465 miseri·

318 2498 539 2548 cordiam
575 2499 722 2548 etiam
756 2500 962 2563 iniuria,
996 2514 1094 2564 qua
1126 2499 1237 2564 ipse
1269 2498 1479 2547 affectus
1514 2503 1620 2559 est,
1655 2495 1719 2544 ad
1751 2495 2015 2545 tutandam

318 2579 559 2642 virginem
593 2585 670 2640 et,
707 2581 749 2628 si
782 2596 992 2629 necesse
1025 2580 1120 2640 sit,
1154 2579 1234 2627 vel
1268 2578 1430 2626 invitis
1466 2578 1723 2636 omnibus,
1768 2576 1816 2624 vi
1849 2589 2016 2624 armo-

318 2675 428 2709 rum
473 2660 841 2709 defendendam*
886 2660 1179 2726 impellitur.
1258 2658 1421 2724 Ipsius
1471 2658 1601 2707 enim
1650 2672 1836 2722 corpus
1867 2654 2014 2704 inscii

316 2738 580 2789 fraudibus
622 2741 896 2804 implicavit
930 2742 1294 2806 Agamemnon,
1339 2737 1498 2804 ipsius
1539 2739 1738 2787 nomine
1778 2735 1840 2784 ad
1875 2735 2012 2796 deci-

316 2819 549 2886 piendam
607 2821 1015 2886 perdendamque
1072 2819 1311 2883 virginem
1369 2819 1555 2867 abusus
1600 2823 1696 2867 est.
1775 2815 1908 2864 Esse
1954 2829 2012 2864 se

315 2907 547 2964 tanquam
591 2901 830 2950 humilem
882 2902 1099 2965 aliquem
1142 2900 1469 2963 ignavumque
1515 2897 1798 2962 neglectum
1831 2893 2011 2959 *queri-

315 2985 410 3028 tur.
467 2981 633 3030 Certe
683 2982 814 3030 enim
863 2981 924 3030 ab
969 2981 1082 3045 ipso
1125 2980 1399 3044 rogandum
1449 2978 1607 3026 fuisse
1647 2978 1862 3036 nomen,
1907 2987 2010 3036 quo

314 3060 454 3125 virgo
498 3061 809 3121 irretiretur,
858 3077 1021 3125 neque
1067 3076 1153 3119 se,
1198 3059 1242 3106 si
1287 3061 1334 3108 in
1382 3060 1479 3107 hoc
1512 3056 1828 3122 potissimum
1864 3068 2007 3102 scru-

312 3140 431 3203 pulo
465 3140 718 3190 laboraret
752 3140 1028 3206 profectio,
1076 3156 1172 3205 quo
1208 3140 1367 3189 minus
1406 3138 1458 3187 id
1493 3134 1744 3186 communi
1781 3133 2004 3183 Graeco-

313 3230 426 3269 rum
460 3223 722 3270 commodo
771 3222 937 3282 daret,
984 3222 1377 3270 detrectatorum
1422 3218 1597 3267 fuisse.
1677 3215 1820 3265 Nunc
1860 3227 2005 3261 suam

313 3300 658 3350 auctoritatem
692 3301 879 3351 nullam
915 3317 1054 3362 esse,
1090 3299 1292 3350 Atridas
1319 3314 1439 3355 vero
1475 3296 1638 3361 turpia
1671 3294 2004 3371 honestaque,

312 3385 462 3443 prout
503 3381 696 3443 lubeat,
738 3382 971 3431 miscere.
1050 3380 1196 3440 Plus,
1246 3396 1393 3444 quam
1428 3394 1520 3443 par
1558 3380 1672 3435 est,
1715 3369 2002 3437 praeceptis

310 3459 656 3525 philosophiae
703 3461 1107 3513 commendandis
1150 3462 1200 3511 in
1247 3459 1343 3509 hac
1377 3458 1599 3507 oratione
1631 3452 1771 3505 dedit
1803 3449 2005 3515 Euripi-
