2170 3848
1146 247 1267 304 174

405 395 500 446 thii
531 391 697 443 fabula
730 404 843 441 esse
875 391 1137 444 videretur.
1204 393 1270 442 Et
1303 393 1636 445 dulcissimum
1669 402 1723 447 et
1744 397 2060 449 utilissimum

404 475 536 524 lectu
579 477 657 520 est
688 471 890 520 Goethii
937 487 1059 537 opus
1108 477 1310 536 propter
1356 475 1703 526 sententiarum
1751 477 2059 542 gravitatem,

404 555 610 618 propter
654 557 958 601 venustatem
1005 552 1262 601 verborum
1310 553 1696 616 suavitatemque
1726 573 2057 619 numerorum,

403 637 610 696 propter
653 631 880 694 pietatem
929 633 1299 695 castitatemque
1346 631 1623 695 lphigeniae
1668 640 1718 683 et
1760 637 2058 700 reliquarum

402 725 721 775 personarum
758 711 978 767 virtutes,
1013 717 1214 775 propter
1247 727 1411 759 rerum
1453 719 1654 770 metum,
1689 715 2057 764 admirationem

402 789 864 853 miserationemque
898 792 1190 839 moventium
1228 792 1652 855 compositionem3
1688 794 1775 842 sed
1804 793 1933 842 idem
1967 795 2057 842 mi-

400 885 491 919 nus
510 875 673 933 aptum
689 870 894 917 theatris
911 876 1115 933 propter
1131 870 1521 919 mediocritatem
1545 871 1827 930 affectuum,
1857 878 2060 937 propter

399 963 636 998 summam
683 949 962 1007 hominum,
1022 955 1246 1012 tanquam
1291 951 1583 1015 imaginum,
1640 953 2058 1017 tranquill-itatem,

396 1035 602 1093 propter
636 1028 1002 1076 >sententiarum
1062 1030 1382 1077 subtilitatem
1430 1037 1480 1078 et
1527 1037 1732 1094 propter
1776 1033 2058 1098 opinionum

395 1107 525 1156 inter
571 1122 626 1155 se
671 1107 961 1156 certantium
1010 1108 1296 1156 absentiam.
1376 1107 1514 1158 Talia
1571 1110 1811 1175 effingere
1865 1109 2057 1175 opificis

396 1192 530 1244 erat,
579 1202 672 1234 non
713 1193 922 1250 poetae,
971 1188 1261 1250 praesertim
1313 1189 1524 1249 scenici;
1571 1195 1624 1237 et
1665 1190 1844 1238 tabulis
1879 1190 2055 1255 signis-

394 1281 491 1331 que
524 1265 909 1330 contemplandis
945 1282 1003 1314 eo
1038 1272 1278 1331 tempore,
1316 1283 1411 1331 quo
1445 1269 1570 1317 hanc
1594 1270 1895 1334 tragoediam
1919 1285 2056 1318 com-

393 1345 636 1412 ponebat,
685 1346 893 1394 maxime
940 1361 1138 1409 operam
1184 1347 1333 1394 dabat
1366 1346 1639 1406 Goethius3
1688 1349 1863 1397 eadem
1908 1364 1964 1397 se
2006 1349 2056 1398 iu

393 1424 656 1474 scribendo
692 1425 889 1476 imitari.
907 1426 1016 1488 ipse
1052 1424 1308 1487 professus
1344 1434 1419 1474 est
1434 1425 1502 1489 *).
1582 1426 1737 1476 Refer
1769 1435 1819 1477 te
1852 1429 1913 1477 ad
1949 1428 2053 1476 Eu-

391 1505 631 1570 ripidem,
680 1505 792 1553 vide
829 1512 1004 1568 poetae
1039 1504 1087 1553 in
1123 1506 1348 1566 theatris,
1385 1513 1613 1569 tanquam
1651 1508 1697 1556 in
1733 1523 1822 1558 sua
1855 1508 2053 1572 provin-

392 1585 495 1642 cia,
545 1585 792 1648 regnantis
824 1583 1078 1633 virtutem!
1147 1583 1349 1647 Singula
1383 1586 1529 1633 verba
1568 1585 1780 1646 feriunt,
1829 1587 2054 1652 singulae

388 1680 472 1714 res
505 1671 729 1719 movent,
766 1663 1099 1727 suspendunt,
1135 1663 1361 1724 efferunt,
1398 1667 1708 1724 contrahunt,
1745 1667 2052 1732 perturbant,

389 1744 579 1803 sedant,
616 1744 878 1802 delectant,
914 1743 1201 1791 concutiunt
1235 1745 1436 1792 animos.
1483 1745 1707 1810 Occupat
1727 1751 2051 1809 spectator-esi,

387 1829 542 1882 tenet,
570 1823 702 1888 rapit
727 1823 992 1886 trahitque,
1020 1839 1210 1871 summa
1227 1824 1271 1870 vi
1295 1839 1350 1872 ac
1369 1825 1545 1872 virtute
1561 1825 1609 1872 in
1625 1824 1805 1872 theatri
1818 1839 2052 1873 consessu

385 1904 786 1968 frequentissimo
803 1904 1098 1962 dominatur,
1128 1904 1192 1951 de
1209 1904 1590 1967 Aristophanum
1620 1904 1808 1952 insidiis
1834 1917 2053 1952 securus.

519 1982 736 2046 Carpere
795 1989 956 2031 tantos
1015 1983 1174 2042 viros,
1231 1984 1443 2030 cavillari
1495 1985 1624 2033 circa
1670 1983 1884 2046 singulas
1931 1999 2050 2048 ope-

385 2062 457 2112 ris
492 2069 687 2128 partes,
721 2068 918 2120 notare,
955 2062 996 2110 si
1030 2077 1124 2124 qua
1157 2061 1316 2110 minus
1352 2062 1675 2127 probabiliter
1707 2063 1897 2110 inventa
1938 2078 2051 2111 esse

384 2143 665 2201 videantur,
714 2157 809 2190 non
844 2142 1058 2190 iudicum
1093 2147 1197 2201 est,
1249 2142 1336 2190 sed
1372 2143 1447 2190 vel
1482 2149 1809 2191 mercatorum
1853 2139 1931 2189 vel
1965 2155 2048 2189 su-

386 2228 565 2280 torum,
601 2221 684 2284 qui
718 2236 867 2285 supra
902 2221 1149 2284 crepidam
1185 2222 1404 2269 iudicare
1438 2228 1677 2271 vetantur.

514 2300 806 2350 Universum
836 2300 1087 2362 Euripidis
1111 2300 1279 2349 drama
1305 2300 1600 2349 Aristoteles
1630 2300 1677 2348 in
1693 2299 1834 2348 Poet.
1854 2301 2047 2359 c.11‚5.

387 2381 468 2439 16,
494 2381 543 2426 4.
587 2386 638 2428 et
677 2381 755 2438 17,
785 2383 830 2429 3.
858 2384 910 2428 et
938 2381 984 2427 4.
1029 2379 1271 2439 laudavit,
1320 2380 1479 2428 locum
1529 2381 1772 2443 quendam
1825 2379 2049 2428 eiusdem

387 2459 456 2524 (v.
485 2461 622 2516 710.)
659 2459 709 2508 in
753 2459 900 2510 Rhet.
942 2459 1022 2520 ΙΙΙ,
1049 2462 1097 2508 ὃ.
1134 2460 1314 2507 citavit.
1392 2459 1632 2523 Respexit
1680 2460 1742 2507 ad
1794 2460 2048 2522 prologum

385 2539 745 2604 Aristophanes
771 2540 818 2587 in
843 2538 966 2586 Rau.
994 2555 1035 2589 v.
1070 2541 1210 2588 1232.
1244 2544 1295 2587 et
1329 2540 1390 2587 ad
1426 2539 1653 2586 carminis
1687 2539 1824 2587 tertii
1855 2538 2046 2587 initium
2101 2559 2103 2561 ·

385 2618 572 2668 ibidem
610 2634 654 2666 v.
700 2621 843 2666 1309.
924 2619 1280 2684 Argumentum
1332 2618 1531 2666 fabulae
1577 2619 1828 2683 eleganter
1879 2618 2050 2668 retulit

438 2785 488 2840 ἲ“·*)
518 2785 772 2842 Imaginum
815 2784 1175 2840 compositionem
1212 2784 1386 2827 videtur
1426 2799 1528 2826 cum
1566 2785 1611 2826 in
1654 2783 1753 2826 aliis
1791 2783 1926 2825 rebus
1953 2787 2047 2825 tum

521 2855 569 2898 in
597 2857 685 2897 hoc
715 2854 912 2898 imitatus
943 2869 1054 2907 esse,
1083 2856 1198 2910 quod
1227 2855 1320 2896 sine
1348 2855 1535 2897 vinculis
1563 2855 1703 2896 libere
1732 2857 1951 2910 vagantes
1978 2853 2048 2894 fe-

525 2926 585 2968 cit
612 2939 702 2978 eos,
734 2925 806 2980 qui
834 2940 914 2980 pro
945 2926 1100 2968 vinctis
1130 2925 1322 2967 habendi
1353 2930 1522 2978 essent,
1562 2930 1655 2967 tum
1684 2924 1798 2978 quod
1829 2935 1944 2976 quae
1971 2936 2046 2963 ex-

523 2999 593 3038 tra
626 3010 808 3038 scenam
837 2996 914 3052 agi
942 2996 1069 3038 finxit
1097 2995 1207 3037 adeo
1239 2997 1456 3051 neglexit,
1487 3001 1534 3037 ut
1562 2996 1659 3046 vix,
1699 2992 1917 3048 quomodo
1945 2991 2046 3034 fieri

525 3065 672 3108 omnia
699 3072 820 3109 recte
852 3067 1083 3120 potuerint,
1115 3066 1381 3123 cogitatione
1404 3077 1703 3120 assequamur.
1748 3065 1805 3104 At
1825 3075 2046 3116 nunquam

522 3149 608 3177 non
637 3142 821 3190 peccant
851 3138 924 3190 qui
952 3139 1079 3193 leges
1105 3151 1318 3193 generum
1347 3137 1607 3179 imitationis
1635 3134 1692 3176 ab
1726 3132 1815 3174 alio
1838 3132 1898 3175 ad
1923 3131 2045 3174 aliud

525 3220 666 3262 genus
696 3206 976 3260 transferunt,
1019 3208 1065 3249 id
1094 3209 1210 3262 quod
1242 3208 1459 3249 Goethius
1489 3205 1689 3261 pluribus
1715 3201 1824 3265 locis
1851 3202 1947 3256 ipse
1976 3200 2045 3243 ef-

521 3275 642 3318 fatus
685 3280 761 3318 est.
830 3279 991 3319 Contra
1037 3278 1260 3332 Euripidis
1300 3277 1520 3318 laudanda
1561 3273 1793 3329 diligentia
1831 3276 1919 3324 est,
1957 3284 2044 3325 qua

522 3345 705 3400 perinde
751 3359 863 3399 quae
902 3347 946 3388 in
989 3347 1133 3389 littore
1172 3353 1301 3402 atque
1342 3361 1456 3401 quae
1503 3349 1601 3387 ante
1638 3344 1854 3397 templum
1892 3353 2042 3383 coram

521 3415 841 3471 spectatoribus
871 3421 1121 3473 agerentur,
1151 3421 1360 3461 accurate
1389 3418 1644 3471 persecutus
1674 3417 1750 3457 est.
