2124 3860
879 253 998 312 291

114 419 173 454 eo
237 401 432 468 quidam
482 406 831 466 processerunt
874 399 1160 459 vecordiae,
1211 403 1266 447 ut
1311 398 1468 448 multo
1511 398 1783 464 graviorem

111 481 455 546 Aristophanis
502 481 660 529 fnisse
704 496 848 544 quam
897 481 1111 529 omnium
1147 494 1345 539 eorum,
1392 494 1515 542 quoa
1549 477 1634 528 ille
1668 493 1784 528 con·

111 561 372 612 tumeliose
436 566 727 621 tractasset,
787 561 1122 608 anctoritatem
1185 558 1571 623 dignitatemque
1642 558 1786 621 vulgo

112 641 481 707 persuaderent.
546 641 688 702 Quod
722 640 994 688 iudicantes
1028 655 1122 687 non
1158 638 1434 686 liberalium
1467 638 1783 701 scriptorum,

111 722 200 770 sed
237 722 663 784 grammaticorum
698 720 1031 783 quorundam,
1082 719 1408 767 litteratorum
1445 716 1641 764 illorum
1681 717 1786 782 qui-

112 799 242 860 dem,
278 802 364 849 sed
404 801 722 865 plebeiorum,
759 800 1048 847 sententiam
1085 798 1245 847 secuti
1280 803 1407 846 sunt.

243 879 375 928 Dixit
410 880 759 943 Aristophanes
795 894 850 926 se
883 879 1059 938 foeda,
1096 879 1273 942 quibus
1307 879 1458 925 risum
1499 875 1679 924 aemuli
1706 891 1787 924 ex-

111 960 264 1009 citare
298 961 580 1018 studerent,
629 973 893 1022 spernere3
943 959 1063 1007 dixit
1107 959 1241 1007 idem
1285 974 1341 1009 se
1376 956 1574 1005 omissis
1608 955 1787 1003 vilibus

111 1039 390 1088 hominibus
425 1038 796 1102 potentissimos
822 1053 1041 1102 quosque
1078 1038 1196 1087 forti
1221 1038 1381 1086 animo
1407 1037 1654 1094 invadere,
1693 1036 1787 1083 sci·

111 1119 230 1167 licet
263 1117 628 1183 saluti'patriae
666 1119 809 1166 tunice
846 1120 1153 1167 studentem:
1190 1119 1319 1183 quod
1357 1124 1621 1180 utrumque
1650 1131 1787 1163 men-

111 1200 228 1248 titus
290 1204 381 1246 est.
462 1198 717 1246 Cleontem
779 1205 942 1247 autem
990 1203 1042 1247 et
1087 1198 1343 1246 Socratem
1403 1203 1453 1244 et
1498 1194 1789 1260 Euripidem

111 1277 240 1341 quod
288 1277 518 1340 arripnit,
572 1277 747 1326 civium
795 1285 933 1340 parte
979 1294 1149 1341 magna
1191 1283 1242 1326 et
1277 1275 1478 1339 quidem
1513 1274 1787 1340 potentium

109 1356 269 1404 fretus
318 1361 422 1402 erat
479 1361 628 1418 atque
677 1357 985 1420 optimatium
1032 1357 1234 1404 factioni
1282 1371 1482 1418 operam
1529 1354 1788 1404 locaverat.

108 1437 183 1486 Ab
229 1435 535 1499 optimatium
582 1441 746 1483 autem
795 1437 1017 1498 partibus
1067 1435 1214 1482 etiam
1251 1434 1526 1497 Aeschylus
1564 1439 1790 1490 steterat,

106 1515 248 1564 cuius
294 1514 376 1563 ille
430 1531 654 1562 caussam
691 1515 911 1578 suscepit
948 1521 1118 1562 contra
1153 1513 1407 1577 Euripidis
1445 1515 1786 1561 auctoritatem

109 1593 491 1650 defendendam,
528 1594 800 1656 iisdemque
829 1594 1106 1659 Sophocles
1142 1601 1280 1641 tutus
1306 1590 1486 1659 erat-²⁰¹).
1557 1592 1788 1640 Ceterum

108 1674 358 1739 Euripidis
396 1673 611 1722 conditio
647 1689 758 1721 cum
809 1674 1043 1737 Aeschyli
1081 1674 1255 1721 collata
1291 1673 1463 1720 eadem
1503 1678 1624 1727 erat,
1662 1687 1788 1735 quae

108 1754 300 1803 Horatii
336 1760 611 1816 comparata
649 1769 757 1800 cum
789 1753 978 1800 Lucilii.
1031 1754 1232 1801 Etenim
1262 1753 1361 1812 hic,
1392 1753 1612 1816 quamvis
1639 1766 1790 1817 saepe

109 1834 246 1880 rudia
282 1839 430 1895 atque
464 1833 709 1880 incondita
744 1832 1069 1895 antiquiorum
1106 1833 1404 1896 scriptorum
1431 1831 1647 1881 carmina
1678 1847 1794 1881 csse

108 1918 364 1975 argueret,
417 1913 632 1976 quamvis
669 1912 893 1975 politiora
928 1912 1036 1975 ipse
1073 1913 1411 1976 componendo
1447 1913 1561 1975 quid
1599 1919 1790 1961 rectum

110 1998 244 2040 esset
288 1993 529 2056 exemplis
575 1992 891 2050 ostenderet,
940 1998 1102 2040 tamen
1139 2008 1414 2056 nunquam,
1451 1993 1612 2055 quoad
1650 1992 1791 2051 vixit,

108 2071 271 2135 potuit
304 2073 517 2135 ineptam
554 2072 828 2136 priscorum
863 2071 1238 2120 admirationem
1278 2088 1306 2120 e
1341 2073 1652 2136 popularium
1687 2072 1791 2119 ani-

108 2151 200 2198 mis
248 2151 488 2210 evellere3
537 2159 731 2199 mortno
783 2151 980 2199 demum
1033 2153 1143 2217 ipso
1194 2152 1434 2200 sententia
1483 2159 1669 2200 mutata
1715 2156 1794 2200 est

107 2230 321 2294 vicitque
382 2231 576 2278 veritas.
673 2230 867 2291 Quanta
934 2233 1064 2278 enim
1127 2232 1450 2279 venerationev
1490 2231 1792 2294 Aeschylum

106 2310 436 2358 Athenienses
485 2309 770 2358 defunctum
830 2312 1078 2373 prosecuti
1134 2312 1260 2370 sint,
1317 2311 1430 2359 inde
1485 2312 1792 2373 intelligitur,

107 2390 238 2452 quod
273 2390 465 2438 fabulas
501 2392 606 2438 eius
643 2397 893 2438 correctas
927 2391 975 2438 in
1013 2397 1266 2439 certamen
1311 2391 1510 2439 deferre
1545 2392 1791 2456 posterio-

107 2470 242 2517 ribus
277 2471 435 2533 poetis
471 2471 828 2533 permiserunt,
866 2486 922 2517 ac
956 2471 1111 2518 filium
1151 2473 1255 2518 eius
1294 2470 1662 2534 Euphorionem
1697 2486 1792 2536 pa-

108 2548 200 2596 tris
234 2549 498 2612 tragoediis
533 2557 804 2598 certantem
842 2557 1017 2613 quater
1053 2556 1424 2609 coronaverunt,
1469 2550 1620 2613 idque
1656 2549 1791 2599 sece-

108 2635 223 2675 runt
268 2629 685 2690 praestantissima
731 2629 986 2692 Euripidis
1036 2631 1250 2678 carmina
1286 2635 1676 2694 postponentes3
1723 2628 1790 2678 cf.

109 2705 168 2753 T.
197 2706 233 2754 Ι.
265 2722 311 2769 p.
341 2710 454 2758 328.
526 2708 678 2757 Cuius
714 2709 984 2771 iniquitatis
1029 2725 1248 2757 caussam
1287 2711 1464 2774 partim
1502 2710 1793 2758 tarditatem

107 2785 269 2834 fuisse
303 2786 565 2845 seniorum,
601 2804 807 2850 quorum
843 2805 1007 2836 mores
1043 2790 1436 2853 Aristophanes
1423 2806 1471 2838 m
1495 2788 1674 2854 Vespis
1703 2790 1792 2838 de-

109 2865 279 2929 pinxit,
290 2867 501 2962 partim
524 2868 827 2930 optimatium
864 2869 1183 2932 pertinaciam
1221 2869 1371 2918 facile
1406 2876 1484 2917 est
1519 2869 1792 2975 intellexti!-

164 3004 211 3058 *)
243 3005 312 3048 Cf.
341 3019 455 3060 quae
490 3006 538 3048 C.
566 3006 615 3048 F.
642 3007 945 3050 Hermann.
979 3008 1022 3049 in
1053 3010 1198 3050 annal.
1233 3007 1344 3049 critt.
1368 3008 1565 3051 Berolin.
1588 3007 1715 3052 1843.
1747 3023 1791 3064 p.

246 3073 344 3117 556.
371 3090 491 3158 seqq.
515 3076 765 3119 acutissime
778 3078 1042 3159 explicavit.
1102 3078 1259 3118 Athen
1283 3079 1402 3131 xlll,
1424 3078 1499 3120 81·
1547 3095 1603 3120 τα
1632 3078 1678 3121 δὲ
1702 3094 1793 3122 πο-

249 3143 395 3188 zarano}
429 3141 535 3189 οὕτε
567 3147 711 3199 σοφὸς
743 3146 846 3191 οὔτε
886 3145 1118 3205 ῥεκτήριος
1154 3140 1234 3201 ἦν,
1271 3146 1365 3190 ἄλλ’
1395 3164 1463 3198 ως
1491 3145 1520 3190 ἆ
1539 3164 1566 3190 ν
1597 3146 1681 3198 εἷς
1711 3164 1794 3197 τις

247 3214 359 3257 τῶν
391 3218 653 3272 χρηστῶν
687 3214 1021 3271 Ἀθηναίων.
1089 3219 1125 3259 A
1161 3217 1343 3259 Cimone
1387 3219 1601 3273 principio
1638 3223 1794 3260 auctus

249 3286 570 3338 rempublicam
627 3286 804 3340 saepius
847 3293 891 3330 et
940 3289 1115 3343 legatus
1150 3291 1194 3328 et
1238 3292 1416 3342 praetor
1452 3287 1791 3331 administravit·

249 3354 359 3396 Post
403 3358 575 3399 cladem
611 3357 656 3398 in
688 3356 843 3399 Sicilia
879 3363 1113 3412 acceptam
1148 3358 1458 3412 superantibus
1505 3356 1795 3413 optimatibus

253 3421 507 3480 πρόβουλος
540 3426 648 3475 fuit;
689 3426 748 3468 cf.
776 3426 952 3471 Aristot.
975 3429 1111 3472 Rhet.
1135 3428 1212 3479 ΠΙ,
1248 3427 1318 3479 18,
1345 3428 1386 3468 6.

1358 3501 1459 3546 19*
