2170 3848
958 251 1037 308 41

152 400 243 453 sed
278 400 577 452 Aristodemi
612 397 814 465 quidem
848 397 1058 448 liberum
1094 395 1330 444 siccatam
1367 393 1500 456 sole,
1549 391 1834 459 Cresphon-

151 483 217 532 tis
251 490 416 532 autem
450 482 563 546 igne
599 486 818 538 coctam,
853 494 951 542 quo
984 477 1175 525 factum
1209 479 1303 534 est,
1338 480 1393 523 ut
1425 474 1510 523 illa
1544 474 1836 534 solveretur,

153 562 492 629 Cresphontes
527 567 693 612 autem
729 559 802 608 sic
826 556 1077 607 sortiendo
1101 561 1286 604 terram
1314 555 1676 619 adipisceretur
1693 552 1836 602 Mes-

154 643 392 693 seniam.''
464 642 686 691 Eandem
729 654 835 688 rem
871 636 1036 702 paullo
1070 636 1378 683 immutatam
1413 634 1747 699 Apollodorus
1773 632 1836 694 ΙΙ,

152 726 204 781 8,
228 724 278 775 4.
305 722 492 773 refert:
543 721 921 784 „Peloponneso
957 716 1099 782 potiti
1133 722 1235 764 tres
1270 731 1381 764 aras
1416 715 1517 763 Iovi
1554 714 1714 778 patrio
1751 729 1837 762 ex-

155 802 385 863 citarunt,
420 803 470 852 in
504 801 680 866 quibus
716 797 1050 846 sacrificantes
1086 796 1250 844 sortiti
1284 804 1399 844 sunt
1433 795 1673 846 civitates.
1724 794 1835 842 Pri-

155 899 235 932 ma
259 880 651 931 autemvsortitio
679 879 835 942 Argos
861 877 986 937 fuit,
1024 876 1240 946 secunda
1275 875 1649 935 Lacedaemon,
1685 874 1837 923 tertia

154 959 405 1012 Messene.
455 960 590 1008 illata
606 958 784 1007 deinde
801 956 947 1006 situla
963 973 1087 1020 aqua
1104 956 1312 1021 repleta,
1349 955 1552 1019 placuit,
1586 955 1703 1004 utin
1725 970 1838 1003 eam

155 1040 334 1105 singuli
369 1044 531 1089 sortes
567 1038 903 1087 demitterent.
952 1037 1180 1086 Calculos
1213 1037 1363 1102 igitur
1390 1035 1614 1084 Temeno
1643 1042 1694 1083 et
1721 1035 1839 1083 filiis

152 1119 454 1169 Aristodemi
476 1119 839 1174 deiicientibus,
878 1118 1238 1184 CresphonteS,
1273 1133 1423 1181 quum
1452 1116 1720 1165 Messenen
1742 1114 1840 1163 sibi

143 1191 417 1266 'obtingere
452 1204 675 1264 cuperet,
710 1199 904 1264 glebam
938 1199 1028 1247 luti
1055 1198 1279 1257 demisit,
1317 1213 1413 1261 qua
1440 1197 1615 1256 soluta,
1640 1196 1840 1245 illorum

155 1285 318 1328 sortes
365 1279 500 1345 prius
534 1279 675 1329 exire
710 1295 917 1328 necesse
949 1277 1061 1330 fuit.
1131 1278 1328 1327 Educta
1363 1277 1514 1341 igitur
1547 1277 1705 1342 prima
1739 1274 1841 1325 Te-

152 1360 285 1408 meni
316 1366 468 1421 sorte,
502 1360 721 1409 secunda
752 1359 1161 1409 autem⁴liberum
1197 1358 1518 1418 Aristodemi,
1554 1356 1842 1405 Messenam

155 1439 369 1505 adeptus
389 1446 466 1489 est
484 1439 877 1506 Cresphontes.''
929 1439 1002 1489 De
1027 1442 1190 1488 morte
1212 1438 1538 1504 Cresphontis
1563 1437 1690 1486 haec
1709 1436 1842 1486 idem

155 1521 428 1569 memoriae
472 1521 720 1586 prodidit:
772 1521 1152 1585 „Cresphontes
1189 1536 1340 1584 quum
1376 1520 1525 1568 breve
1559 1522 1758 1581 tempus
1791 1517 1843 1567 in

156 1597 390 1650 Messena
422 1607 699 1667 regnasset,
735 1601 882 1650 simul
919 1617 1033 1650 cum
1068 1600 1261 1650 duobus
1285 1600 1402 1648 filiis
1429 1598 1722 1649 interfectus
1745 1602 1840 1660 est,

159 1685 214 1730 et
247 1681 458 1745 adeptus
494 1698 700 1745 regnum
736 1681 1091 1745 PolyphonteS,
1128 1698 1189 1730 ex
1211 1681 1444 1729 Herculis
1472 1680 1628 1743 stirpe
1655 1682 1706 1726 et
1731 1678 1843 1742 ipse

156 1767 461 1826 procreatus.
529 1761 663 1810 ldem
714 1763 990 1825 Meropen,
1042 1761 1194 1809 occisi
1246 1760 1572 1826 Cresphontis
1620 1774 1844 1820 uxorem,

158 1839 359 1888 invitam
406 1841 577 1900 duxit,
628 1842 768 1890 cuius
817 1857 969 1906 opera
1015 1840 1331 1905 postmodum
1378 1839 1672 1889 interfectus
1716 1839 1843 1889 est.''

159 1919 255 1969 His
283 1920 412 1970 adde
438 1937 565 1985 quae
590 1921 773 1986 Hygin.
802 1937 843 1971 c.
871 1924 984 1973 13⁴1.
1014 1921 1239 1984 scripsit:
1274 1920 1669 1986 ‚‚PolyphonteS,
1704 1918 1844 1970 Mes-

160 2000 328 2049 seniae
362 2016 467 2061 rex,
504 2001 898 2065 Cresphontem,
935 2000 1268 2049 Aristomachi
1295 2000 1482 2064 filium,
1520 2017 1669 2065 quum
1692 2001 1844 2050 inter-

156 2079 389 2143 fecisset,
424 2082 532 2145 ipse
562 2080 668 2129 eius
696 2081 960 2145 imperium
986 2088 1038 2130 et
1065 2080 1306 2146 Meropen
1335 2097 1539 2131 uxorem
1568 2081 1845 2145 possedit.''

159 2158 487 2226 Cresphontis
507 2161 665 2210 frater
691 2168 800 2210 erat
825 2161 1181 2226 Polyphontes,
1218 2165 1348 2210 teste
1374 2161 1535 2210 Gellio
1549 2160 1657 2224 Vll,
1676 2166 1722 2223 3,
1742 2164 1843 2224 2¹1„

158 2241 244 2304 qui
280 2240 533 2305 Euripidis
567 2242 722 2305 ipsius
758 2258 958 2291 carmen
991 2242 1224 2306 respexit.
1294 2242 1464 2307 ltaque
1498 2258 1645 2306 aegre
1670 2243 1845 2294 tulisse

156 2320 355 2371 videtur
400 2338 457 2371 se
500 2339 529 2370 a
574 2323 762 2371 maiore
807 2321 963 2371 fratre
1010 2338 1163 2387 regno
1195 2323 1393 2372 excludi
1427 2338 1589 2386 neque
1623 2324 1734 2387 pari
1765 2323 1845 2374 vel

157 2402 378 2466 praemio
413 2402 490 2451 vel
526 2402 761 2466 dignitate
795 2402 946 2450 affici.
1015 2403 1122 2465 Qua
1158 2402 1334 2452 ductus
1369 2403 1696 2452 aemulatione
1726 2420 1843 2454 con-

158 2481 268 2530 silia
315 2498 425 2531 cum
463 2483 712 2548 Cypselo,
748 2483 990 2532 Arcadiae
1035 2499 1156 2548 rege
1200 2485 1479 2549 eodemque
1515 2483 1844 2549 Cresphontis

158 2576 353 2621 socero,
389 2563 607 2625 contulit,
643 2564 726 2627 qui
762 2580 850 2612 sua
886 2564 1203 2627 potissimum
1237 2580 1403 2628 opera,
1438 2564 1567 2627 quod
1600 2563 1659 2612 ad
1687 2565 1843 2614 Hera·

160 2641 312 2690 clidas
360 2660 387 2691 a
425 2644 799 2709 Peloponnesiis
848 2643 1168 2707 descivisset,
1216 2645 1472 2693 victoriam
1519 2645 1616 2693 illis
1651 2651 1845 2711 partam

161 2738 275 2770 esse
297 2723 597 2785 gloriabatur
614 2722 684 2787 *),
719 2725 814 2772 iam
842 2731 1119 2788 expugnato
1145 2725 1455 2774 Achaeorum
1477 2725 1701 2790 imperio,
1736 2727 1844 2776 nul-

160 2801 258 2850 lam
278 2804 356 2852 sui
379 2804 425 2852 in
452 2804 715 2853 dividenda
739 2804 920 2868 praeda
944 2805 1182 2854 rationem
1206 2805 1378 2853 haberi
1398 2806 1716 2868 querebatur,
1748 2823 1845 2856 nec

162 2882 372 2932 meliore
392 2899 503 2932 esse
540 2885 647 2934 loco
683 2885 777 2933 sibi
813 2884 1071 2934 videbatur
1106 2902 1250 2950 qnam
1286 2886 1369 2949 qui
1404 2887 1450 2932 vi
1485 2886 1736 2950 armisque
1759 2903 1843 2936 ex-

160 2964 365 3028 pugnati
402 2964 450 3012 in
485 2964 702 3014 hostium
738 2967 974 3014 ditionem
1003 2968 1271 3016 venissent.
1325 2966 1730 3030 Conspirantibus
1753 2967 1844 3032 igi-

159 3047 244 3092 tur
278 3044 470 3092 duobus
506 3045 697 3105 invidis,
734 3046 1071 3111 Cresphontes
1100 3063 1211 3096 cum
1241 3047 1406 3094 liberis
1435 3046 1728 3095 interfectus
1748 3053 1843 3108 est,

160 3140 288 3173 uxor
322 3131 488 3173 autem
525 3126 628 3173 eius
656 3126 864 3191 Merope
899 3128 1046 3176 invita
1072 3127 1369 3191 Polyphonti
1402 3126 1452 3175 in
1480 3127 1846 3176 matrimonium

162 3205 297 3255 data.
346 3204 648 3269 Populorum
685 3207 876 3256 fabulas
899 3216 1097 3258 secutus
1121 3216 1196 3257 est
1219 3207 1487 3255 Pausanias
1512 3208 1697 3255 haecce
1722 3206 1846 3255 scri-

161 3285 311 3334 bens:
360 3283 733 3349 διοικούμενον
768 3284 824 3337 δὲ
859 3285 1025 3338 αὐτὸν
1060 3287 1458 3355 (Κρεσφόντην)
1493 3284 1558 3338 τὰ
1591 3284 1759 3339 πολλὰ
1792 3281 1846 3347 ἐς

220 3455 269 3510 ²⁴)
297 3455 488 3503 Pausan.
519 3459 547 3501 1.
582 3459 607 3500 Ι.
648 3458 902 3518 Polyaenus
931 3459 965 3515 1,
995 3458 1036 3503 7.
1070 3458 1111 3502 8.
