2170 3848
1170 236 1286 292 172

413 381 806 449 purgationibu8‚
867 379 954 429 sed
1006 380 1106 429 sola
1151 381 1419 430 animorum
1463 383 1742 448 integritate
1787 385 2064 450 expiantur,

415 478 564 526 quum
598 476 660 509 ex
694 459 836 523 copia
870 460 1159 520 sanctitatiS,
1193 477 1288 523 qua
1321 461 1508 526 pollent
1538 464 1590 523 ii,
1624 466 1707 528 qui
1739 482 1768 514 a
1792 466 1924 514 vitiis
1946 481 2064 529 pec-

415 542 637 603 catisque
669 545 871 602 vacant,
908 540 968 587 ad
1002 539 1279 588 liberandos
1321 541 1490 604 poenis
1523 541 1802 606 improbos,
1838 544 1921 608 qui
1955 543 2065 591 illo-

415 635 524 669 rum
559 619 789 667 auxilium
832 619 1094 683 implorant
1127 619 1202 667 vel
1246 619 1465 668 savorem
1500 622 1848 684 impetrarunt,
1894 623 2067 671 merita

414 698 706 748 redundent.
772 696 1063 747 Sanctorum
1096 699 1242 761 igitur
1276 700 1322 746 vi
1358 706 1626 764 naturaque
1651 702 1919 765 praeditam
1955 716 2067 750 esse

415 776 716 841 Iphigeniam
752 777 917 824 volens
952 784 1125 840 poeta,
1174 794 1313 827 more
1347 779 1633 828 coelestium
1667 796 1694 826 a
1727 781 1858 828 vitiis
1891 795 2066 828 vacan-

415 861 517 906 tem
553 856 758 914 effinxit,
794 862 848 904 ut
880 862 1082 920 possent
1114 857 1177 915 ii,
1223 859 1306 921 qui
1342 859 1416 907 vel
1450 859 1812 923 propinquitate
1842 857 1919 906 vel
1953 858 2070 905 ami-

417 936 532 984 citia
563 935 639 983 vel
674 936 1022 991 consuetudine
1057 952 1167 984 cum
1203 952 1262 984 ea
1297 939 1729 1001 coniungerentur,
1763 936 2070 987 redundante

415 1015 468 1064 in
499 1029 586 1063 eos
619 1014 752 1062 iilius
785 1015 991 1071 virtute,
1040 1015 1165 1063 vitiis
1212 1017 1526 1080 peccatisque
1559 1022 1611 1065 et
1643 1032 1798 1080 poena
1829 1016 2069 1066 scelerum

418 1093 789 1143 commissorum
825 1093 956 1143 iuius
991 1094 1235 1142 consortio
1270 1096 1365 1159 ipsi
1399 1096 1608 1145 liberari.
1676 1095 1760 1144 Sic
1794 1097 2072 1145 universum

416 1173 682 1239 populum,
732 1173 860 1221 inter
905 1188 1050 1236 quem
1085 1180 1297 1223 aetatem
1342 1176 1507 1242 degit,
1552 1180 1602 1224 et
1635 1175 1871 1239 imprimis
1905 1189 2071 1237 regem

418 1253 479 1302 ab
514 1252 816 1300 immanitate
851 1253 1085 1313 retraxit,
1120 1255 1521 1315 mansuetudine,
1556 1255 1840 1314 clementia,
1889 1254 2074 1319 pietate

419 1332 626 1392 imbuit,
676 1332 898 1380 favorem
941 1332 1151 1380 numinis
1197 1333 1340 1381 divini
1381 1334 1680 1394 conciiiavit,
1725 1334 1984 1397 faustaque
2017 1335 2073 1380 ut

419 1411 671 1461 evenirent
714 1426 1031 1474 quaecunque
1086 1412 1278 1475 publice
1322 1414 1643 1476 privatimque
1689 1413 2072 1477 susciperentur,

421 1491 604 1540 effecit.
673 1490 756 1539 Sic
788 1490 990 1539 fratrem
1014 1491 1183 1539 morbo
1206 1491 1351 1540 animi
1377 1492 1568 1552 liberat,
1601 1492 1811 1541 nefanda
1838 1491 2072 1539 maiorum

421 1570 608 1619 scelera
642 1570 834 1634 expiat,
880 1570 1165 1618 felicitatem
1202 1572 1348 1619 domo
1380 1578 1612 1636 paternae
1646 1571 1880 1620 restituit.
1947 1569 2074 1618 Item

421 1648 604 1698 Dianae
650 1649 897 1713 ingenium
933 1647 1175 1698 Goethius
1224 1651 1273 1697 in
1319 1651 1524 1700 sormam
1570 1667 1756 1700 morum
1792 1652 1932 1700 divae
1966 1649 2076 1698 Ma-

421 1729 526 1778 riae
575 1729 895 1792 permutavit,
942 1733 1087 1793 atque
1135 1730 1330 1777 omnino
1367 1730 1665 1794 Raphaelem
1716 1747 1826 1778 cum
1871 1729 2074 1792 reliquis

424 1809 531 1858 eius
578 1807 772 1873 generis
818 1807 1087 1872 pictoribus
1138 1808 1356 1857 imitatus
1405 1816 1480 1857 est
1524 1808 1826 1858 emendando
1873 1808 2077 1857 deorum

425 1887 727 1936 Graecorum
762 1902 997 1950 personas
1033 1893 1085 1936 et
1117 1888 1488 1937 christianorum
1524 1889 1779 1937 sententiis
1813 1886 2077 1937 sententias

422 1973 645 2016 veterum
689 1966 1131 2028 accommodando,
1175 1974 1233 2016 ut
1278 1969 1532 2030 utriusque
1579 1967 1761 2016 saeculi
1805 1965 2078 2016 coniunctis

423 2045 566 2098 bonis
598 2045 960 2111 disciplinarum
997 2046 1318 2111 discrepantia
1352 2047 1635 2095 tolleretur:
1681 2062 1837 2110 usque
1869 2045 1993 2094 adeo
2027 2048 2081 2093 et

427 2126 511 2190 qui
544 2141 660 2174 vere
697 2126 944 2188 antiquum
981 2141 1093 2174 esse
1125 2142 1180 2174 ac
1214 2127 1411 2191 penitus
1445 2126 1504 2174 ad
1532 2130 1745 2174 mentem
1776 2123 2079 2172 Graecorum

428 2220 716 2270 expressum
765 2204 964 2253 Goethii
1015 2220 1138 2268 opus
1187 2206 1465 2254 iudicarunt
1515 2211 1565 2255 et
1611 2204 1774 2269 quiin
1806 2201 2079 2251 recentium

427 2284 719 2349 populorum
756 2284 1010 2333 sententiis
1045 2284 1174 2333 idem
1211 2290 1365 2332 totum
1386 2285 1608 2332 habitare
1636 2283 1940 2332 affirmarunt
1963 2296 2078 2344 per-

427 2364 544 2414 inde
578 2370 630 2412 et
663 2379 854 2411 errasse
886 2369 937 2411 et
967 2379 1136 2412 verum
1171 2363 1349 2411 vidisse
1381 2364 1622 2415 videntur.

561 2443 748 2505 Quodsi
784 2449 964 2506 quanto
997 2443 1253 2506 probiores
1289 2443 1654 2505 sanctioresque
1688 2441 1892 2506 quisque
1914 2454 2077 2488 mores

429 2537 748 2589 personarum
782 2522 989 2584 effingit,
1022 2529 1159 2571 tanto
1193 2522 1256 2570 sit
1280 2523 1609 2586 praestantior
1637 2520 1889 2569 habendus
1916 2523 2080 2583 poeta,

431 2603 680 2668 Iphigenia
706 2601 907 2651 Goethii
928 2618 1024 2651 non
1049 2602 1202 2650 solum
1226 2601 1371 2651 huius
1397 2603 1549 2666 ipsius
1575 2616 1794 2666 operum,
1819 2598 1906 2647 sed
1932 2599 2079 2647 etiam

433 2683 664 2743 omnium,
698 2697 823 2745 quae
856 2698 885 2730 a
917 2682 1118 2744 reliquis
1153 2680 1313 2745 poetis
1348 2682 1620 2746 composita
1651 2684 1781 2738 sunt,
1814 2678 2081 2727 carminum

434 2762 531 2812 erit
574 2761 1076 2827 praestantissimum3
1123 2767 1287 2809 contra
1334 2769 1511 2823 quanto
1547 2761 1656 2823 quis
1689 2758 1962 2806 vitiosiores
1996 2754 2081 2804 ef-

435 2841 635 2891 finxerit
678 2856 839 2888 mores
883 2856 1230 2904 personarum,
1278 2843 1414 2888 tanto
1448 2840 1663 2889 deterior
1695 2837 1939 2886 videbitur
1971 2849 2082 2883 esse

436 2927 598 2986 poeta.
643 2921 708 2969 At
734 2920 829 2967 hoc
862 2920 1078 2984 ineptum
1113 2924 1202 2968 est.
1260 2919 1467 2967 Omissis
1495 2919 1645 2983 igitur
1678 2917 1735 2965 iis
1771 2916 1923 2972 boniS,
1957 2929 2083 2976 quae

436 3006 550 3049 sunt
584 2999 870 3063 disciplinae
903 2999 1194 3048 christianae
1228 3004 1279 3047 et
1309 2999 1634 3059 humanitatis,
1669 3012 1760 3059 qua
1793 2995 1887 3042 hoc
1911 3009 2082 3042 saecu-

438 3080 537 3128 lum
574 3079 733 3136 floret,
769 3078 1147 3127 considerandae
1179 3084 1319 3127 erunt
1346 3095 1432 3127 eae
1455 3079 1675 3134 virtuteS,
1710 3089 1834 3138 quae
1857 3073 2084 3137 propriae

439 3166 556 3208 sunt
570 3164 837 3222 poetarum.
873 3159 947 3206 Ab
973 3158 1066 3205 hac
1090 3164 1248 3205 autem
1276 3163 1431 3221 parte,
1456 3173 1565 3205 cum
1588 3172 1680 3204 non
1701 3154 1903 3202 eandem
1930 3157 2082 3200 mate-

440 3238 563 3288 riam
581 3238 834 3286 retinuerit
855 3237 1111 3298 Goethius,
1142 3237 1228 3285 sed
1251 3236 1561 3285 substituerit
1577 3251 1700 3293 eam,
1718 3234 1766 3280 in
1782 3247 1875 3295 qua
1888 3236 2084 3296 praeter

443 3318 635 3368 nomina
657 3332 972 3381 personarum
987 3321 1037 3365 et
1051 3317 1283 3380 quosdam
1296 3316 1476 3380 prioris
1500 3315 1629 3363 vitae
1648 3328 1790 3361 casus
1806 3311 1949 3376 plane
1962 3308 2085 3359 nihil

387 3423 390 3425 ‡
443 3401 732 3460 servaretur,
767 3400 818 3446 et
851 3412 1023 3447 caussa
1053 3397 1277 3446 universa
1308 3395 1588 3456 hominum,
1620 3407 1827 3457 quorum
1859 3406 1943 3442 res
1981 3387 2085 3456 agi-
