2170 3848
918 272 1035 328 191

146 421 295 470 etiam
340 434 466 483 quae
511 418 752 468 abiecisse
799 421 850 466 et
899 415 1224 480 interpolasse
1272 415 1553 466 videantur=
1602 430 1807 480 quarum

147 500 537 562 corruptelarum
585 497 739 545 multa
788 498 967 560 passim
1018 497 1077 543 ab
1112 495 1359 558 Euripidis
1409 493 1686 543 scholiastia
1720 509 1807 542 no-

146 560 326 628 tantur.
394 578 548 626 lidem
599 576 875 625 delectandi
922 575 1050 637 vulgi
1095 589 1270 621 caussa
1314 575 1555 622 interdum
1598 580 1650 622 et
1697 578 1810 622 ante

146 658 419 707 dramatum
454 657 586 705 initia
621 663 672 705 et
704 657 831 703 inter
863 655 1052 701 medios
1089 659 1228 700 actus
1262 654 1698 718 repraesentabant
1732 669 1807 712 ea,

147 753 271 800 quae
306 754 415 786 cum
452 735 747 799 argumentis
781 733 1055 782 fabularum
1093 731 1254 780 minus
1299 740 1642 796 congruerent.
1710 734 1809 783 Cu-

147 816 226 864 ius
271 818 462 877 generis
507 814 828 863 memorabile
874 811 1154 875 exemplum
1199 812 1449 876 proditum
1496 818 1573 860 est
1618 812 1807 861 scholio

151 895 212 944 ad
243 895 435 943 Orestis
457 911 498 941 v.
514 898 590 942 58.
615 894 824 958 scripto:
862 890 960 941 οὐκ
996 888 1175 954 ὀρθῶς
1207 895 1454 942 ποιοῦσιν
1489 890 1656 959 αὐτὴν
1689 889 1810 958 (τὴν

141 966 380 1036 Ἑλένην)
426 970 562 1031 τινὲς
595 972 701 1021 τῶν
734 970 1038 1036 ὑποκριτῶν
1082 970 1810 1038 προειςπορευομένην

147 1051 236 1103 καὶ
266 1050 330 1102 τὰ
362 1052 580 1116 λάφυρα
614 1054 760 1117 μεθ’
794 1052 1069 1119 ἡμέραν.
1124 1045 1316 1117 Ῥητῶς
1351 1051 1453 1118 γὰρ
1489 1050 1656 1119 αὐτὴν
1687 1071 1809 1103 νυ·-

147 1128 295 1193 κτὸς
330 1131 767 1184 ἀπεστάλθαι
802 1132 954 1200 φησί,
989 1132 1052 1184 τὰ
1086 1131 1141 1183 δὲ
1175 1132 1306 1184 κατὰ
1339 1131 1399 1184 τὸ
1435 1134 1611 1198 δρᾶμα
1643 1131 1812 1202 ἡμέρᾳ

148 1215 481 1264 συντελεῖται.
547 1215 783 1281 Pompam
818 1217 961 1278 igitur
993 1216 1372 1278 triumphalem,
1407 1223 1664 1279 antequam
1703 1231 1811 1280 pro-

147 1295 288 1357 logus
335 1303 587 1358 ageretur,
645 1297 692 1343 in
745 1312 891 1344 scena
935 1297 1241 1344 ostentabant
1288 1294 1578 1355 histriones,
1638 1295 1812 1361 spolia,

146 1380 376 1437 tanquam
419 1390 481 1423 ex
514 1375 667 1424 Troia
716 1383 855 1439 capta
903 1381 1181 1441 reportata,
1229 1374 1492 1432 ducentes3
1538 1382 1651 1440 post
1685 1390 1812 1439 quae

149 1454 338 1503 Helena
399 1454 448 1503 in
504 1462 734 1520 carpento
793 1455 971 1503 sedens
1022 1455 1519 1520 praetervehebatur:
1574 1456 1622 1502 id
1675 1455 1808 1517 quod

148 1535 445 1583 contrarium
491 1543 598 1584 erat
636 1536 724 1598 iis,
760 1552 884 1598 quae
919 1535 1130 1583 finxerat
1161 1535 1454 1598 Euripides:
1501 1540 1646 1582 noctu
1680 1534 1811 1582 enim

148 1615 271 1663 clam
306 1613 544 1662 Helenam
580 1617 628 1663 iu
665 1617 831 1663 urbem
868 1616 1185 1679 praemissam
1223 1630 1360 1671 esse,
1407 1614 1534 1677 quod
1571 1613 1701 1678 vulgi
1736 1614 1812 1662 in·

148 1695 322 1743 vidiam
359 1693 614 1743 Menelaus
648 1700 931 1754 vereretur,
978 1711 1124 1743 versu
1170 1698 1248 1741 58.
1297 1701 1468 1758 aperte
1515 1693 1810 1744 declaratur.

146 1774 334 1825 Verum
367 1775 609 1822 eiusmodi
645 1776 926 1839 spectacula
972 1782 1110 1837 grata
1144 1777 1285 1821 erant
1320 1772 1646 1833 multitudini,
1691 1788 1809 1821 ocu-

149 1853 308 1902 lorum
343 1853 498 1916 magis
543 1868 685 1915 quam
722 1854 870 1902 animi
904 1855 1201 1918 voluptatem
1248 1852 1563 1901 desideranti.
1630 1852 1810 1914 Quam-

150 1934 318 1980 obrem
365 1931 539 1979 merito
582 1932 709 1980 hanc
759 1934 1064 1982 scenicorum
1110 1933 1423 1981 ambitionem
1457 1932 1692 1982 Horatius
1736 1932 1809 1981 vi-

149 2012 424 2076 tuperavit:

278 2088 575 2152 „Quattuor
610 2097 702 2140 aut
743 2093 922 2158 plures
970 2093 1160 2141 aulaea
1199 2098 1506 2158 premuntur
1553 2095 1608 2140 in
1640 2091 1806 2151 horas,

276 2169 415 2219 Dum
435 2171 657 2235 fugiant
693 2175 918 2239 equitum
951 2179 1155 2221 turmae
1174 2166 1509 2239 peditumque
1536 2178 1777 2221 catervae
1785 2189 1807 2229 ,-

283 2248 410 2298 Mox
444 2251 673 2300 trahitur
707 2253 939 2302 manibus
973 2269 1151 2319 regum
1172 2255 1395 2318 sar-tuna
1429 2252 1654 2313 retortis,

275 2329 480 2380 Esseda
501 2333 778 2395 festinant,
810 2335 1030 2400 pilenta,
1060 2335 1332 2400 petorrita,
1368 2349 1541 2391 naves,

282 2408 550 2477 Captivum
577 2420 821 2479 portatur
857 2414 993 2475 ebur,
1032 2415 1239 2481 captiva
1278 2411 1601 2462 Gorimhu8.'’

595 2713 662 2767 A.
752 2712 1351 2768 Phaethon.

273 2815 566 2879 Fragmenta
609 2819 755 2868 huius
801 2820 1083 2886 tragoediae
1129 2836 1189 2868 ex
1243 2820 1413 2868 codice
1460 2819 1802 2883 palimpsesto,

145 2895 226 2959 qui
259 2894 459 2943 Parisiis
494 2906 731 2956 servatur,
766 2916 856 2965 per
892 2900 1044 2951 Heur.
1092 2901 1354 2949 Hasium
1390 2906 1439 2949 et
1472 2899 1606 2948 Imm.
1642 2898 1804 2946 Bek-

144 2974 362 3023 kerum
399 2977 719 3041 transscripta
755 2989 892 3042 sunt,
937 2980 1108 3044 quibus
1144 2986 1459 3029 accesserunt
1493 2980 1583 3026 alia
1621 2978 1804 3043 passim

143 3054 272 3119 apud
308 3056 573 3120 scriptores
608 3057 813 3107 inventa.
882 3061 951 3109 De
1000 3061 1174 3124 quibus
1223 3060 1522 3125 corrigendis
1559 3060 1803 3121 interpre-

74 3182 88 3202 t
143 3135 400 3198 tandisque
425 3135 549 3184 bene
572 3141 749 3187 meruit
771 3139 830 3186 G.
860 3141 905 3189 H
922 3157 1046 3190 erm
1063 3158 1087 3188 a
1105 3158 1132 3189 n
1153 3157 1180 3188 n
1198 3157 1226 3187 u
1244 3156 1292 3199 s3
1329 3139 1577 3204 cf.opusc.
1596 3137 1701 3187 Vol.
1721 3136 1800 3184 ΙΙΙ.

144 3229 192 3278 p.
225 3216 255 3260 3
284 3230 420 3278 seqq.
492 3214 784 3267 Germanice
818 3223 963 3269 vertit
996 3221 1238 3284 simulque
1273 3226 1569 3268 structuram
1607 3217 1802 3266 fabulae

142 3292 390 3343 delineare
422 3286 621 3343 conatus
655 3301 735 3344 est
771 3297 812 3346 G
832 3301 1101 3350 oethius
1137 3301 1229 3349 vol.
1257 3299 1426 3349 XLVl.
1459 3317 1506 3364 p.
1530 3302 1595 3346 30
1627 3311 1800 3360 seqq-3

141 3372 273 3422 idem
307 3374 402 3422 hoc
439 3375 584 3424 Rau.
615 3375 770 3442 Lugd.
811 3379 915 3428 Bat.
945 3383 1089 3431 1832.
1125 3386 1173 3429 et
1205 3379 1581 3429 Welckerus
1616 3395 1665 3442 p.
1703 3376 1802 3425 594

140 3465 275 3516 seqq.
311 3458 361 3502 et
390 3454 500 3520 ipse
532 3462 647 3506 ante
679 3457 771 3507 hos
806 3474 979 3510 novem
1013 3476 1164 3510 annos
1199 3459 1393 3526 experti
1426 3473 1610 3508 sumus.
