2170 3866
899 249 1024 308 463

111 414 284 452 rursus
318 397 487 448 Marte
522 397 748 448 cominus
784 399 1040 464 congressi
1085 400 1203 446 sunt
1240 410 1352 445 cum
1387 395 1580 445 strictis
1613 394 1811 461 gladiis,

109 487 162 532 et
186 497 422 544 magnum
445 481 681 538 civerunt,
717 480 837 528 dum
859 480 1282 544 circumaguntur,
1306 493 1502 542 pugnae
1525 478 1811 531 tumultum.

111 561 242 612 Tum
278 560 517 610 Eteocles
539 560 841 608 Thessalum
867 560 1120 624 usurpavit
1147 566 1513 608 commentum:
1550 559 1811 609 sinistrum

110 643 242 692 enim
278 642 460 707 pedem
495 645 634 688 retro
670 655 875 703 ponens,
913 641 1143 689 dextrum
1171 646 1341 688 autem
1377 641 1685 704 protendens
1721 654 1813 704 per

113 723 398 772 umbilicum
436 737 605 769 ensem
645 721 848 770 demisit
883 728 935 770 et
968 722 1030 769 ad
1067 722 1262 786 spinam
1297 736 1458 785 usque
1493 721 1694 786 adegit,
1748 722 1814 770 si-

113 804 313 866 mulque
347 801 536 850 corruit
573 801 833 864 Polynices
869 802 1158 864 sanguinem
1187 801 1473 861 effilndens3
1509 803 1599 850 sed
1632 802 1814 851 mentis

114 885 371 933 etiamtum
408 898 629 947 compos,
663 883 781 931 dum
819 882 1003 947 spoliat
1038 898 1151 930 eum
1183 882 1415 930 Eteocles
1439 883 1636 932 abiecto
1660 882 1815 943 ferro,

116 971 292 1029 pectus
338 964 499 1011 huius·
536 963 729 1027 gladio,
776 979 924 1026 quem
970 964 1196 1025 tenebat,
1243 964 1481 1028 perfodit.
1564 962 1650 1011 Sic
1685 963 1818 1012 iacet

115 1045 242 1094 alter
287 1044 419 1108 apud
470 1043 682 1092 alterum
732 1050 914 1092 terram
967 1044 1220 1092 mordicus
1270 1045 1598 1109 arripientes,
1651 1059 1816 1107 neque

115 1125 288 1191 partiti
336 1129 453 1173 sunt
495 1124 776 1188 imperium.
847 1125 1051 1173 lnterim
1084 1125 1258 1172 infelix
1294 1128 1457 1172 mater
1492 1140 1606 1172 cum
1644 1139 1818 1173 sorore

116 1206 335 1255 accurrit
381 1210 434 1252 et
477 1204 527 1251 in
575 1206 867 1269 corporibus
904 1207 1218 1253 morientium
1254 1220 1463 1269 corpora
1511 1204 1820 1254 demiserunt

115 1287 371 1352 plorantes
406 1300 463 1331 ac
501 1284 725 1332 diceutes
761 1300 888 1347 quae
923 1286 970 1334 in
1006 1290 1142 1332 tanto
1178 1285 1314 1332 luctu
1350 1285 1565 1333 dicenda
1598 1284 1818 1335 fuerunt.

115 1366 191 1415 lbi
226 1364 466 1414 Eteocles
503 1364 707 1426 quidem
747 1380 896 1427 grave
931 1366 1198 1428 suspirium
1235 1380 1263 1412 e
1299 1370 1510 1429 pectore
1543 1367 1732 1415 ducens
1767 1366 1823 1416 et

115 1461 316 1494 manum
371 1444 594 1508 porrexit
642 1444 925 1508 languidam
975 1453 1025 1493 et
1058 1446 1276 1493 lacrimis
1311 1462 1534 1495 amorem
1571 1447 1821 1511 significa-

115 1527 214 1586 vit3
260 1524 527 1590 Polynices
581 1531 749 1572 autem
786 1526 1043 1573 etiamtum
1079 1526 1304 1589 spirans,
1340 1534 1550 1575 matrem
1587 1534 1639 1576 et
1672 1543 1822 1577 soro-

115 1623 225 1656 rem
273 1611 325 1654 et
370 1605 581 1653 fratrem
617 1606 1020 1664 commiseratus,
1059 1607 1247 1666 oravit,
1282 1612 1340 1655 ut
1374 1608 1608 1670 sepulcro
1642 1608 1692 1656 in
1728 1625 1821 1673 pa-

117 1689 214 1737 tria
248 1694 382 1735 terra
417 1685 732 1743 afficeretur3
777 1692 883 1734 tum
931 1688 1102 1734 matris
1148 1703 1294 1735 manu
1330 1687 1598 1737 luminibus
1636 1688 1820 1738 clausis

118 1766 399 1816 valedicens
448 1765 734 1829 exspiravit.
803 1766 970 1815 Mater
1014 1774 1179 1815 autem
1218 1784 1340 1816 ense
1376 1784 1405 1816 e
1440 1769 1684 1818 cadavere
1719 1776 1822 1818 tra-

120 1854 203 1897 cto
249 1846 476 1912 iugulum
525 1846 776 1909 perfodit,
827 1852 878 1895 et
914 1849 1080 1896 media
1116 1849 1340 1897 manibus
1376 1853 1646 1913 utrumque
1681 1866 1821 1899 com-

119 1929 267 1994 plexa
310 1925 593 1992 procubuit.
662 1926 782 1975 lnde
818 1929 1156 1977 controversia
1192 1937 1300 1977 orta
1336 1935 1416 1978 est
1449 1931 1582 1979 inter
1617 1931 1823 1996 Argivos

122 2017 174 2058 et
206 2008 504 2069 Thebanos,
550 2007 721 2055 alteris
760 2008 1072 2072 Polynicem,
1121 2009 1291 2058 alteris
1339 2010 1605 2059 Eteoclem
1638 2012 1824 2061 vicisse

121 2088 572 2147 contendentibus;
623 2104 681 2136 ac
717 2087 975 2149 Thebani,
1020 2106 1170 2155 quum
1206 2091 1381 2138 armati
1416 2098 1671 2140 certamen
1707 2108 1825 2156 spe-

121 2175 364 2226 ctassent,
400 2176 707 2233 occuparunt
742 2169 913 2218 hostes
949 2180 1159 2235 repente
1194 2172 1502 2231 invadentes,
1538 2172 1826 2238 fugatisque

120 2250 322 2316 Argivis
357 2254 411 2298 et
445 2265 620 2313 magna
647 2250 802 2297 caede
835 2251 967 2300 facta
996 2259 1259 2316 tropaeum
1289 2253 1676 2302 constituerunt.
1727 2253 1824 2302 lta-

121 2347 221 2396 que
251 2331 351 2379 iam
383 2345 500 2395 pars
534 2331 903 2394 eorumspolia
937 2338 1211 2395 portanteS,
1242 2349 1359 2396 pars
1387 2333 1683 2400 Antigonam
1709 2350 1824 2384 cum

123 2411 447 2460 cadaveribus
483 2411 775 2459 comitantes
810 2413 873 2461 ad
907 2414 1083 2461 urbem
1119 2417 1455 2462 revertuntur.

259 2490 454 2554 Duplex
498 2491 625 2539 haec
674 2508 858 2557 pompa
892 2494 952 2541 ἰη
976 2509 1178 2542 scenam
1213 2494 1414 2557 prodit,
1465 2510 1578 2542 cum
1626 2494 1825 2558 lugubri

126 2576 278 2620 cantu
327 2586 503 2633 agmen
540 2571 786 2635 Antigona
836 2573 1078 2632 ducente,
1129 2590 1279 2638 quae,
1327 2575 1612 2623 excutiente
1648 2575 1825 2626 dolore

126 2651 389 2715 pudorem,
424 2650 651 2700 Bacchae
685 2654 842 2702 instar
877 2656 1074 2702 abiecto
1111 2655 1237 2711 velo,
1275 2656 1481 2703 remissa
1502 2663 1657 2716 veste,
1691 2657 1826 2706 nuda
1896 2690 1899 2695 ’

127 2732 323 2782 cervice
358 2737 409 2779 et
445 2731 644 2780 lacertis
660 2732 744 2799 *)‚
781 2735 1030 2783 funestam
1069 2736 1452 2794 contentionem,
1489 2737 1582 2785 tria
1618 2752 1825 2787 consau-

125 2814 418 2877 guineorum
479 2812 682 2874 funera,
741 2815 945 2864 domum
1008 2816 1236 2864 funditus
1283 2817 1530 2881 perditam
1578 2817 1823 2883 deplorat.

128 2893 251 2955 Quis
297 2909 511 2956 unquam
559 2895 837 2943 mortalium
885 2902 1072 2945 tantam
1119 2897 1359 2945 malorum
1397 2898 1578 2945 molem
1614 2914 1826 2963 perpes-

129 2990 214 3023 sus
251 2974 368 3022 est‘i
419 2973 561 3034 Quae
598 2975 701 3022 avis
751 2977 902 3024 ramis
938 2978 1131 3026 arboris
1166 2978 1388 3026 insidens
1425 2979 1644 3042 querelis
1677 2981 1825 3030 orba-

127 3059 211 3104 tae
258 3054 511 3113 succinet,
561 3055 642 3103 cui
687 3055 736 3104 in
786 3059 1042 3124 perpetuis
1092 3058 1309 3108 lacrimis
1357 3060 1459 3108 vita
1505 3060 1827 3125 transigenda

181 3251 236 3306 ff)
265 3252 464 3293 Fuerunt
494 3252 611 3292 haec
641 3251 791 3294 omnia
820 3254 1086 3296 histrionum
1117 3267 1278 3296 caussa
1307 3255 1554 3307 monenda3
1585 3255 1642 3298 cf.
1678 3255 1735 3298 Τ.
1766 3256 1823 3298 11.

268 3337 311 3378 p.
345 3322 428 3364 187
458 3336 550 3376 seq.
610 3323 746 3365 Errat
773 3323 914 3380 igitur
944 3325 1189 3367 scholiasta
1215 3325 1259 3367 in
1288 3324 1358 3378 iis,
1390 3340 1506 3381 quae
1534 3327 1591 3368 ad
1621 3341 1666 3369 v.
1695 3324 1823 3369 1485.

271 3392 440 3448 scripta
471 3398 593 3437 sunt:
625 3391 845 3451 ἀπρεποῦς
873 3394 1126 3453 εἰςβέβληκε
1157 3395 1236 3438 καὶ
1268 3393 1325 3440 οὖ
1348 3397 1662 3456 παρθενικαῖς.
1722 3398 1828 3442 Τίνι

269 3460 356 3522 γὰρ
388 3461 507 3523 ἄλλῳ
537 3463 851 3520 ἀπολογεῖται,
882 3467 926 3512 εἰ
947 3465 1012 3524 μὴ
1048 3467 1113 3526 τῷ
1137 3466 1355 3526 θεάτρῳς
