2170 3866
953 235 1077 297 563

170 385 296 436 dens
343 385 486 435 illum
536 385 600 435 ad
645 400 704 436 se
746 386 990 436 accedere
1023 385 1185 447 iussit,
1236 386 1380 451 quasi
1411 401 1521 438 eam
1558 386 1713 456 capiti
1742 388 1875 440 illius

169 466 496 532 impositurus
508 483 522 516 ε

303 543 413 612 ἐγὼ
436 542 508 597 Χδὲ
538 543 637 598 τὸν
671 544 772 598 σὸν
803 546 953 611 κρᾶτ’
989 542 1285 608 ἅναστέψαι
1316 542 1457 597 θέλω

299 709 461 772 τιμᾶν
493 704 855 758 Μακεδόνων(
872 703 1028 758 εἵνεκ’
1063 704 1422 773 εὐανδρησίας
1438 703 1513 767 *).

167 787 421 838 Perfidiae
464 788 646 837 deinde
692 790 752 838 ab
788 773 1035 837 Archelao
1070 790 1312 855 arguitur,
1350 788 1614 853 *simulque
1659 807 1870 855 poenam

167 869 216 918 ei
249 875 475 935 paratam
510 885 625 918 esse
659 873 794 918 tecte
829 869 1139 933 significatur
1172 870 1311 919 hisce
1343 870 1536 920 verbis:

301 946 477 1009 δοκεῖς
509 946 574 1000 τὰ
607 949 718 1000 τῶν
749 949 897 1000 θεῶν
931 946 1123 1011 ξυνετὰ
1155 949 1392 1016 νικήσειν
1424 947 1555 1001 ποτὲ

300 1026 392 1080 καὶ
422 1026 529 1096 ‘cim
556 1028 733 1096 Δίκην
765 1027 978 1097 μακρὰν
1011 1028 1318 1096 ἀπῳκίσθαι
1351 1030 1595 1096 βροτῶν;

297 1108 336 1177 ἦ
370 1109 421 1162 δ’
457 1107 615 1177 ἐγγύς
648 1108 807 1175 ἐστιν,
844 1111 942 1176 οὐχ
977 1108 1225 1176 ὁρωμένα
1260 1110 1310 1162 δ’
1346 1110 1450 1179 ὁρᾷ

299 1186 367 1242 ὃν
399 1190 500 1260 χρὴ
534 1193 777 1256 κολάζειν
808 1193 854 1243 τ’
891 1187 1056 1256 οἶδεν,
1093 1191 1206 1243 ἀλλ’
1244 1192 1347 1244 οὐκ
1382 1186 1548 1244 οἶσθα
1580 1192 1666 1257 σύ,

299 1271 504 1324 ὁπόταν
535 1275 695 1339 ἄφνω
728 1275 974 1340 μολοῦσα
1008 1271 1222 1341 διολέσῃ
1255 1272 1475 1333 κακούς.

163 1352 243 1402 Ex
289 1354 583 1405 defensione
628 1356 791 1405 Cissei
837 1355 1098 1420 depromta
1146 1360 1263 1404 sunt
1306 1355 1512 1414 haecce,
1563 1354 1741 1418 quibus
1784 1370 1867 1405 re·

162 1448 317 1499 guum
362 1433 488 1483 dicit
532 1451 640 1484 rem
690 1435 909 1485 omnium
943 1435 1427 1500 praestantissimam
1473 1450 1587 1484 esse
1621 1441 1675 1484 et
1708 1451 1868 1500 paene

161 1513 372 1563 deorum
409 1513 641 1564 felicitati
674 1516 966 1581 aequalem:
1003 1515 1324 1579 quamobrem
1351 1515 1707 1578 ignoscendum
1735 1532 1866 1578 esse,

161 1593 207 1644 si
242 1596 356 1659 quis
391 1596 498 1644 eius
532 1597 767 1646 servandi
800 1612 977 1644 caussa
1013 1596 1207 1644 scelera
1241 1595 1543 1645 committat:

294 1673 553 1740 τυραννὶς
587 1669 726 1726 εἶναι
758 1676 904 1726 θεῶν
939 1673 1057 1741 βίος
1089 1673 1386 1739 νομίζεται·

293 1755 355 1807 τὸ
389 1755 463 1824 μὴ
497 1759 693 1808 θανεῖν
727 1755 832 1824 γὰρ
868 1756 971 1808 οὐκ
1005 1755 1124 1823 ἔχει,
1157 1755 1224 1808 τὰ
1257 1755 1306 1808 δ’
1341 1757 1454 1807 ἄλλ’
1491 1754 1613 1822 ἔχει.
1676 1819 1687 1827 ⁴

161 1835 405 1900 Pecunia,
452 1855 622 1888 rerum
666 1841 867 1904 regina,
915 1840 1101 1898 fidem,
1149 1838 1360 1901 amicos,
1396 1853 1581 1903 genus,
1628 1836 1863 1896 formam,

157 1915 367 1981 gloriam
402 1921 619 1983 acquiri:
1361 1919 1363 1921 ’

292 1996 373 2058 τίς
406 1996 457 2049 δ’
490 1999 592 2051 οὐκ
623 1998 692 2051 ἂν
726 1998 807 2066 ε’ίη
842 1997 1070 2067 χρηστὸς
1104 1999 1288 2066 ὄλβιος
1319 1997 1486 2065 γεγώς
1498 2016 1513 2058 ;

157 2077 456 2144 Respondet
489 2082 767 2131 Archelaus
802 2079 1011 2131 haecce:
1672 2147 1676 2150 ῃ

290 2156 497 2220 ἁπλοῦς
531 2159 562 2212 ὁ
595 2165 792 2227 μῦθος,
829 2159 902 2228 μὴ
936 2158 1045 2227 λέγ’
1081 2154 1171 2212 εὗ·
1205 2159 1268 2212 τὸ
1301 2158 1406 2226 γὰρ
1439 2156 1613 2226 λέγειν

291 2234 353 2292 εὗ
388 2240 572 2293 δεινόν
605 2241 766 2306 ἐστιν,
802 2242 847 2294 εἰ
879 2241 1038 2309 φέροι
1071 2240 1192 2294 τινὰ
1227 2242 1452 2309 βλάβην.

289 2403 568 2464 πλουτεῖς·
605 2402 636 2456 ὁ
670 2407 905 2465 πλοῦτος
940 2402 989 2456 δ’
1024 2402 1233 2470 ἀμαθία
1268 2401 1446 2454 δειλόν
1478 2403 1536 2453 θ’
1572 2399 1697 2468 ἅμα.

154 2481 498 2547 Tyrannidem
542 2486 612 2535 ait
667 2493 804 2536 stare
856 2501 954 2535 non
998 2502 1152 2551 posse
1198 2485 1487 2533 destitutam
1539 2484 1750 2545 virtute,
1815 2489 1865 2533 et

156 2563 308 2613 modo
342 2563 479 2614 illam
512 2579 542 2613 a
577 2583 633 2615 se
665 2567 776 2632 ipso
811 2582 874 2615 ex
909 2556 1152 2614 servitute
1186 2569 1454 2613 retractam
1487 2580 1631 2614 esse:

286 2635 465 2694 ἔσωσα
500 2643 702 2712 δούλην
737 2638 936 2697 οὖσαν·
973 2643 1028 2696 οἱ
1058 2643 1161 2711 γὰρ
1194 2641 1420 2711 ἥσσονες

289 2727 406 2785 τοῖς
438 2725 741 2790 κρείσσοσιν
775 2729 998 2793 φιλοῦσι
1034 2724 1314 2778 δουλεύειν
1348 2723 1577 2790 βροτῶν.

155 2803 328 2855 Solam
364 2807 607 2857 iustitiam
645 2815 698 2859 et
731 2810 1033 2876 probitatem
1068 2808 1234 2874 magni
1267 2806 1549 2855 faciendam
1584 2821 1715 2863 esse,
1765 2820 1864 2869 qua

153 2891 207 2936 et
240 2886 381 2950 leges
417 2887 701 2938 confirmari
745 2891 1002 2940 civitatum
1049 2895 1100 2940 et
1134 2888 1397 2963 commqla
1429 2886 1508 2947 iis,
1559 2886 1641 2950 qui
1677 2887 1858 2946 colant,

153 2965 346 3016 divitiis
381 2970 752 3032 praestantiora
778 2971 969 3037 pararit

285 3042 347 3098 ἐκ
377 3047 490 3099 τῶν
524 3046 749 3100 δικαίων
782 3049 884 3116 γὰρ
918 3049 1079 3116 νόμοι
1111 3050 1157 3100 τ’
1194 3031 1473 3115 αὐξήματα

283 3129 486 3195 μεγάλα
520 3126 752 3195 φέρουσι
785 3130 962 3183 πάντα
995 3132 1040 3181 τ’
1075 3129 1389 3197 ἀνθρώποις
1426 3130 1675 3196 (σοφοῖς)

209 3293 260 3348 *)
301 3293 563 3336 Genitivum
591 3307 676 3349 pro
705 3294 965 3338 accusativo
995 3293 1190 3349 positum
1230 3308 1330 3338 esse
1367 3294 1432 3338 ait
1460 3291 1788 3351 grammaticus
1818 3291 1862 3334 in

289 3363 557 3408 Boissonad.
594 3365 761 3409 Anecd.
798 3365 877 3408 111.
904 3380 948 3421 p.
973 3363 1074 3407 245.
1148 3365 1219 3411 Cf.
1248 3365 1536 3410 Schneidew.
1572 3361 1704 3407 conii.
1746 3360 1859 3404 critt.

203 3469 232 3482 -,
291 3450 336 3491 p.
368 3434 466 3478 111.

1408 3506 1476 3554 36
1495 3502 1523 3534 *
