2170 3866
935 215 1059 276 451

141 367 344 432 πίσθ’).
413 367 479 418 At
523 365 676 419 iudex
721 365 930 420 deorum
971 365 1220 434 quispiam
1265 371 1320 418 et
1362 366 1656 433 pacificator
1689 369 1846 420 inter-

141 449 319 502 cedat!

274 528 526 594 Simplex,
576 529 735 594 inquit
770 527 1063 592 Polynices,
1112 532 1191 578 est
1224 528 1446 578 veritatis
1482 528 1644 578 oratio
1682 545 1846 595 neque

140 617 261 679 eget
304 611 424 660 fuco
470 615 523 659 et
555 610 919 674 praetextibus:
965 624 1046 657 res
1094 609 1227 658 enim
1278 610 1389 674 ipsa
1437 615 1716 674 opportuna
1753 616 1844 661 est.

141 693 251 757 Ego
286 708 385 740 non
420 692 579 756 magis
616 691 758 751 meis,
798 706 942 754 quam
979 689 1154 747 huius,
1190 690 1342 739 rebus
1379 706 1437 738 ac
1472 690 1640 737 domui
1677 697 1844 756 pater-

141 789 234 822 nae
284 771 548 822 consulens
596 772 757 835 patria
806 769 905 819 abii
950 785 1106 835 regno
1153 771 1200 818 ei
1259 786 1419 819 annuo
1465 786 1703 819 concesso
1750 773 1846 820 hac

139 854 279 918 lege,
316 858 374 902 ut
407 854 517 917 ipse
552 853 772 900 vicissim
806 866 1097 916 regnarem,
1132 850 1291 900 vitare
1326 850 1497 899 volens
1533 851 1676 906 haec,
1715 867 1841 915 quae

139 950 270 983 nunc
305 937 592 983 evenerunt.
663 933 728 981 At
764 932 844 980 hic
881 932 1214 996 comprobatis
1244 932 1323 980 his
1348 938 1399 980 et
1425 932 1701 980 iuramento
1726 949 1842 982 con-

137 1014 348 1064 firmatis
382 1013 504 1062 nihil
538 1013 662 1062 fecit
698 1029 887 1075 eorum,
920 1029 1048 1077 quae
1076 1012 1179 1060 fide
1205 1012 1320 1060 data
1354 1012 1600 1077 promisit,
1635 1013 1724 1061 sed
1760 1029 1843 1062 re-

137 1096 263 1144 tinet
295 1111 501 1158 regnum
538 1109 596 1141 ac
631 1110 791 1142 meam
828 1093 1110 1156 patrimonii
1146 1099 1358 1158 partem.
1429 1091 1494 1140 Et
1529 1108 1660 1142 nunc
1694 1110 1841 1156 para-

137 1179 222 1224 tus
258 1191 387 1234 sum,
423 1175 642 1238 receptis
683 1174 761 1235 iis,
795 1190 924 1238 quae
948 1189 1056 1221 mea
1091 1179 1222 1231 sunt,
1260 1172 1511 1222 abducere
1547 1173 1841 1233 exercitum,

136 1272 234 1306 non
268 1260 464 1304 vastare
499 1262 704 1313 terram,
740 1269 837 1302 non
873 1269 1166 1318 oppugnare
1200 1253 1394 1310 urbem,
1429 1253 1481 1300 id
1514 1254 1648 1316 quod
1676 1252 1844 1302 facere

136 1335 370 1394 conabor,
406 1334 448 1382 si
480 1333 558 1381 ius
593 1349 690 1382 non
727 1333 1005 1381 obtinuero.
1058 1331 1241 1381 Testes
1275 1333 1457 1381 horum
1493 1332 1616 1382 deos
1651 1334 1844 1395 invoco,

135 1416 302 1464 omnia
347 1430 430 1462 me
478 1429 591 1462 cum
640 1413 830 1463 iustitia
878 1418 1107 1477 agentem
1143 1419 1346 1478 praeter
1380 1429 1527 1462 omne
1564 1413 1643 1463 ius
1679 1414 1843 1479 patria

133 1495 448 1558 iniquissime
495 1494 694 1559 privari.
765 1493 907 1542 Haec
956 1493 1199 1557 simplicia
1246 1493 1355 1543 sine
1400 1495 1687 1559 ambagibus
1724 1494 1843 1557 dixi,

134 1577 467 1642 prudentibus
501 1574 713 1638 perinde
747 1581 897 1637 atque
930 1574 1137 1622 rudibus
1173 1573 1334 1637 plana.

269 1656 415 1705 Peior
451 1662 529 1704 est
565 1670 744 1703 caussa
778 1653 1021 1713 EteocliS‚
1060 1653 1149 1702 sed
1186 1655 1348 1702 oratio
1383 1669 1481 1702 non
1518 1655 1679 1704 minus
1715 1654 1842 1704 sim-

135 1738 254 1803 plex
300 1743 452 1801 atque
499 1737 724 1799 ingenua.
809 1734 904 1792 „Si
953 1735 1182 1783 omnibus
1234 1734 1368 1782 idem
1416 1734 1646 1797 pulcrum
1695 1751 1842 1802 egre-

133 1819 370 1883 giumque
415 1816 574 1877 foret,
626 1831 721 1863 non
757 1819 894 1863 esset
928 1815 1218 1862 mortalibus
1254 1830 1468 1877 unquam
1502 1831 1686 1879 anceps
1723 1832 1841 1865 con-

135 1900 322 1959 tentio;
370 1913 498 1946 nunc
534 1903 699 1944 autem
744 1896 863 1943 nihil
899 1896 1125 1943 omnibus
1161 1895 1366 1959 aequale
1402 1900 1481 1943 est
1514 1902 1714 1961 praeter
1747 1913 1844 1946 no-

134 1980 297 2029 mina:
349 1994 405 2027 re
454 1978 586 2025 enim
623 1983 674 2025 et
708 1976 855 2024 factis
891 1976 1011 2024 nihil
1045 1975 1106 2023 ad
1143 1991 1316 2023 omnes
1354 1974 1693 2040 convenit**).
1763 1977 1841 2026 ln-

134 2076 300 2126 genue
335 2059 497 2107 dicam
535 2057 668 2121 quod
705 2057 884 2107 sentio,
955 2056 1063 2120 Ego
1101 2062 1153 2104 et
1188 2055 1248 2103 ad
1286 2055 1404 2103 solis
1441 2065 1621 2116 ortum,
1657 2057 1699 2104 si
1729 2058 1843 2106 fleri

131 2145 333 2204 posset,
385 2144 439 2187 et
485 2138 577 2185 sub
627 2145 795 2185 terrae
845 2153 1082 2185 cavernas
1117 2136 1510 2195 descenderem,
1555 2142 1611 2184 ut
1655 2139 1844 2200 potirer

131 2213 423 2284 tyrannide,
474 2218 685 2265 deorum
722 2217 946 2266 maxima.
1018 2216 1130 2264 Hoe
1165 2217 1314 2278 igitur
1356 2231 1602 2264 summum
1640 2217 1843 2280 bonum,

131 2316 164 2350 o
197 2306 386 2360 mater,
437 2297 552 2346 nolo
588 2297 671 2345 alii
708 2297 875 2361 potius
913 2297 1238 2361 permittere,
1288 2312 1434 2360 quam
1469 2297 1590 2344 mibi
1625 2314 1842 2348 servare.

131 2380 356 2447 Ignaviae
399 2379 531 2428 enim
580 2383 661 2429 est
703 2377 903 2426 omissis
951 2377 1230 2442 potioribus
1277 2381 1563 2427 contentum
1600 2394 1716 2427 esse
1745 2380 1842 2434 ,mi-

187 2572 239 2625 *)
274 2568 527 2627 Egregium
567 2568 784 2611 cautionis
824 2565 1058 2609 adhibitae
1099 2563 1282 2621 signum
1321 2577 1443 2620 esse,
1493 2566 1613 2621 quod
1655 2565 1843 2611 adiiciat

275 2639 336 2690 ὠς
369 2637 422 2683 σὺ
457 2638 565 2697 φῄς,
605 2638 924 2682 animadvertit
954 2637 1212 2678 scholiasta.

157 2713 238 2768 *ἢ
268 2712 475 2755 Imitatus
502 2712 618 2753 haec
648 2725 823 2766 quoque
856 2713 924 2751 est
950 2708 1226 2750 Schillerus:

385 2782 574 2826 Schnell
603 2782 743 2839 fertig
772 2783 829 2823 ist
859 2780 930 2822 die
961 2778 1144 2835 Jugend
1174 2776 1258 2818 mit
1290 2776 1390 2818 dem
1422 2776 1569 2829 Wort,

389 2854 484 2895 Das
527 2853 704 2894 schwer
743 2853 842 2894 sich
880 2850 1118 2893 handhabt
1153 2847 1240 2890 wie
1280 2848 1359 2889 des
1387 2847 1583 2890 Messers
1614 2848 1840 2892 Schneide

1140 2933 1181 2959 u.
1216 2933 1250 2958 s.
1283 2932 1337 2959 w.

385 2992 550 3036 Gleich
581 2992 719 3035 heirst
747 2992 821 3034 ihr
848 2993 972 3035 Alles
1001 2988 1264 3032 schandlich
1298 2989 1408 3030 oder
1445 2989 1642 3047 wiinlig,

383 3065 489 3108 Biis⁷
522 3065 630 3106 oder
660 3067 751 3120 gut,
784 3063 873 3105 und
903 3076 999 3105 was
1028 3060 1100 3103 die
1133 3058 1406 3116 Einbildung

383 3133 708 3178 Phantastisch
742 3134 950 3190 schleppt
980 3134 1023 3175 in
1057 3131 1209 3173 diesen
1240 3130 1435 3173 dunklen
1466 3130 1656 3185 Numen,

379 3209 473 3250 Das
502 3206 665 3247 burdet
693 3204 758 3246 sie
789 3205 872 3247 den
903 3205 1080 3248 Sachen
1110 3201 1193 3244 auf
1218 3203 1307 3244 und
1340 3203 1511 3244 Wesen.

382 3279 487 3334 Eng
517 3275 574 3318 ist
603 3275 676 3318 die
706 3276 827 3318 Welt
855 3277 947 3318 und
978 3276 1058 3317 das
1084 3271 1259 3315 Gehirn
1286 3272 1344 3315 ist
1371 3272 1508 3323 weit3

384 3348 549 3391 Leicht
578 3347 654 3390 bei
684 3346 897 3389 einander
925 3347 1118 3389 wohnen
1149 3342 1220 3385 die
1254 3342 1517 3396 Gedanken,

382 3420 512 3462 Doch
556 3419 662 3461 hart
700 3416 765 3460 im
793 3418 974 3461 Raume
1003 3416 1172 3461 stossen
1202 3413 1301 3457 sich
1329 3414 1403 3458 die
1433 3413 1613 3456 Sachen
1642 3426 1683 3454 u.
1714 3425 1749 3453 s.
1782 3424 1836 3454 w.

1396 3487 1463 3535 29
