2170 3866
1131 258 1256 317 4411

497 404 532 456 ἃ
562 404 702 470 γοῦν
733 403 993 468 παραινῶ,
1030 404 1200 456 ταῦτά
1230 422 1323 470 μοι
1355 403 1511 470 δέξαι,
1544 407 1728 472 γύναι·

495 484 600 549 ἔφυ
634 481 731 549 μὲν
764 482 936 545 οὐδεὶς
971 482 1107 545 ὄςτις
1143 485 1210 537 οὐ
1242 489 1398 538 πονεῖ
1428 487 1657 551 βροτῶν,

497 566 687 616 θάπτει
721 582 775 616 τε
808 563 968 617 τέκνα
1000 568 1169 632 χᾶτερ’
1207 561 1275 618 αὖ
1310 572 1492 618 κτᾶται
1524 567 1621 619 νέα

499 645 660 706 αὐτός
692 662 746 697 τε
780 647 1026 721 θνῄσκει·
1067 645 1157 699 καὶ
1189 647 1303 699 τάδ’
1339 651 1598 716 ἄχθονται
1631 648 1816 716 βροτοὶ

499 725 572 787 εἰς
603 729 707 795 γῆν
742 725 991 793 φέροντες
1023 731 1159 796 γῆν,·
1192 727 1495 795 ἀναγκαίως
1529 729 1576 780 δ’
1612 727 1712 796 ἔχει

499 806 622 874 βίον
655 808 881 874 θερίζειν
916 806 1040 869 ὥςτε
1075 809 1340 876 κάρπιμον
1376 811 1590 876 στάχυν,

495 886 584 940 καὶ
617 888 711 939 τὸν
744 888 842 953 μὲν
877 884 1029 953 εἶναι,
1065 889 1159 941 τὸν
1195 890 1251 942 δὲ
1285 891 1356 958 μή
1371 890 1451 956 *)·
1486 890 1536 941 τί
1567 893 1736 942 ταῦτα
1769 889 1853 942 δεῖ

499 967 726 1033 στένειν,
762 968 894 1036 ἅπερ
929 970 1011 1021 δεῖ
1039 970 1174 1022 κατὰ
1207 972 1374 1035 φύσιν
1408 971 1718 1034 ὃιεκπερᾶνς

494 1048 673 1100 δεινὸν
705 1050 806 1116 γὰρ
843 1049 1004 1102 οὐδὲν
1034 1052 1143 1103 τῶν
1176 1051 1484 1118 ἀναγκαίων
1518 1053 1746 1119 βροτοῖς.

366 1125 472 1179 cic.
508 1129 659 1180 Tusc.
697 1131 777 1194 ΙΙΙ,
814 1134 895 1192 25,
929 1136 1021 1181 592

503 1209 789 1272 „Mortalis
822 1229 971 1261 nemo
1006 1219 1098 1272 est,
1135 1229 1284 1278 quem
1319 1230 1421 1262 non
1456 1214 1686 1279 attingat
1722 1210 1866 1261 dolor

505 1288 831 1358 Morbusq‘ue.
909 1290 1067 1340 Multi
1099 1299 1218 1341 sunt
1254 1294 1506 1342 humandi
1537 1293 1702 1353 liberi,

494 1369 721 1419 Rursum
758 1371 990 1431 creandi,
1024 1388 1258 1438 morsque
1277 1375 1445 1439 finita
1481 1373 1726 1421 omnibus.

501 1448 649 1510 Quae
681 1452 867 1515 generi
890 1451 1114 1500 humano
1143 1469 1387 1517 angorem
1412 1451 1755 1518 nequidquam
1784 1452 2040 1518 afferunt.-

495 1527 788 1578 Reddenda
825 1537 898 1579 est
935 1539 1109 1579 terrae
1142 1539 1298 1581 terra.
1374 1532 1503 1580 Tum
1537 1533 1647 1580 vita
1682 1530 1911 1579 omnibus

500 1606 754 1658 Metenda
787 1616 845 1659 ut
867 1611 1089 1675 fruges:
1123 1611 1197 1660 sic
1233 1611 1372 1660 iubet
1408 1609 1799 1673 necessitas**).

364 1686 531 1737 Choro
564 1690 729 1738 tribuo
765 1706 890 1754 quae
922 1690 1082 1740 Marc.
1114 1692 1224 1741 Ant.
1254 1690 1338 1751 vl,
1385 1694 1483 1753 51„
1519 1706 1614 1740 non
1646 1690 1895 1739 nominato
1928 1690 2040 1740 dra-

363 1772 514 1828 mate,
551 1771 791 1819 servavit:

501 1848 703 1899 θεόθεν
738 1846 795 1900 δὲ
827 1848 1035 1901 πνέοντ’
1070 1843 1238 1914 οὖρον
1270 1849 1476 1917 ἀνάγκη

497 1930 697 1996 τλῆναι,4
719 1932 973 1996 καμάτοις
1008 1930 1338 1996 ἀνοδύρτοις.

363 2008 558 2060 Exinde
578 2012 709 2061 idem
732 2014 1076 2078 Amphiaraus,
1112 2015 1250 2076 quasi
1276 2014 1398 2060 deus
1421 2010 1595 2074 aliquis
1620 2026 1870 2077 praesens,
1905 2010 2042 2062 fune-

363 2094 495 2139 stum
531 2091 858 2156 expeditionis
894 2094 1077 2141 exitum
1105 2093 1266 2141 animo
1294 2091 1632 2158 praesagiente
1659 2091 1900 2156 praedixit
1913 2088 2041 2155 ***).

362 2168 607 2218 Divinatio
642 2171 905 2221 manifesto
940 2173 1069 2221 inest
1103 2171 1260 2228 hisce,
1296 2172 1475 2235 quibus
1511 2172 1641 2220 oculi
1675 2164 1879 2220 vatissin
1914 2171 2043 2221 coeli

362 2248 565 2315 fastigia
613 2247 843 2298 dicuntur
891 2252 1135 2299 enitentes
1181 2257 1319 2297 certa
1370 2254 1421 2298 et
1464 2251 1728 2313 perspicua
1760 2251 2041 2300 futurorum

365 2329 503 2395 signa
536 2329 605 2376 ibi
642 2329 919 2393 perscripta
961 2343 1292 2394 cognoscere:

497 2406 636 2470 ἰδού,
671 2407 804 2471 πρὸς
838 2406 1008 2472 αἰθέρ’
1045 2404 1417 2471 ἐξαμιλλῶνται
1448 2406 1621 2469 κόραι,

493 2480 763 2555 γραπτοὺς
798 2485 857 2540 ἐν
889 2487 1106 2540 αἰετοῖσι
1139 2485 1484 2554 προςβλὲπειν
1517 2485 1718 2548 τύπους
1730 2487 1808 2554 †).

421 2819 471 2873 *)
507 2817 624 2859 Usus
654 2820 718 2859 est
744 2814 817 2858 his
845 2814 988 2857 Marc.
1017 2813 1171 2856 Anton.
1202 2812 1274 2864 vl,
1302 2810 1371 2855 40.

394 2888 475 2944 *ἢ
504 2889 670 2933 Statius
699 2888 757 2929 ad
787 2887 1025 2929 Adrastum
1054 2881 1275 2926 transtulit
1302 2884 1419 2924 hanc
1457 2881 1803 2926 consolationem
1829 2883 1903 2938 vt,
1931 2882 2008 2926 46:

613 2980 671 2989 -
838 2980 892 2989 —
1060 2977 1118 2986 —
1280 2954 1474 3005 „solatur
1503 2954 1717 2995 Adrastus

613 3026 824 3081 Alloquiis
852 3025 1087 3082 genitorem
1115 3024 1242 3073 ultro,
1271 3038 1379 3064 nunc
1402 3026 1508 3077 fata
1537 3037 1753 3066 recensens

615 3097 782 3151 Resque
809 3096 1022 3137 hominum
1051 3095 1179 3136 duras
1207 3100 1247 3136 et
1277 3093 1532 3135 inexorabile
1557 3108 1746 3149 pensum,

617 3166 739 3208 Nunc
765 3167 895 3208 aliam
919 3166 1084 3222 prolem
1112 3178 1391 3220 mansuraque
1417 3163 1588 3206 numine
1617 3164 1763 3206 dextro

620 3236 862 3291 Pignora.'’

364 3307 475 3363 ***)
505 3305 709 3362 Apollod.
730 3307 834 3348 l.1.=
864 3303 1136 3363 Ἀμφιάραος
1165 3303 1215 3347 δὲ
1245 3299 1370 3350 εἶπεν
1403 3301 1593 3354 ἐκείνοις
1612 3300 1664 3347 τὰ
1688 3302 1875 3358 σημεῖον
1895 3301 2036 3346 τοῦτο

503 3373 564 3420 τὰ
591 3373 814 3431 μέλλοντα
841 3374 1255 3434 προμαντεύεσθαι.

423 3447 477 3502 †)
508 3447 576 3490 Cf.
606 3446 813 3491 Valcken.
845 3462 887 3503 p.
917 3445 1013 3488 214.
