2124 3860
1072 209 1192 279 288

375 517 616 593 XVII.
705 517 828 587 De
891 518 1274 588 aemulis
1341 519 1840 615 Euripidis.

419 764 707 814 Ciceronem
739 766 909 824 miror,
945 768 1060 832 quid
1087 769 1302 817 sentiens
1328 769 1463 818 iocos
1489 769 1827 835 Aristophanis
1852 787 1948 820 non

287 845 564 912 petulantes
608 847 975 910 obscoenosque
1024 865 1134 897 esse
1181 849 1483 899 iudicaverit.
1563 850 1702 898 Haec
1735 850 1951 901 enimin

287 926 563 975 officiorum
603 925 683 972 lib.
706 925 739 972 l.
769 942 809 974 c.
839 929 918 977 29.
944 929 1123 992 scripta
1161 930 1491 978 inveniuntur:
1529 929 1755 993 „Duplex
1789 931 1947 980 omni-

285 1022 349 1055 no
394 1011 473 1053 est
509 1005 699 1052 iocandi
745 1022 920 1068 genus:
969 1024 1115 1055 imum
1160 1008 1415 1067 illiberale,
1452 1009 1696 1073 petulans,
1731 1010 1948 1074 flagitio-

285 1101 410 1144 sum,
438 1085 762 1144 obscoenum3
786 1086 995 1135 alterum
1015 1087 1230 1151 elegans.
1251 1087 1506 1144 urbanum,
1531 1088 1854 1153 ingeniosum,
1873 1089 1949 1138 fa-

283 1172 462 1215 cetum.
513 1165 621 1226 Quo
656 1181 837 1230 genere
873 1183 966 1214 non
1002 1168 1147 1215 modo
1176 1167 1373 1216 Plautus
1411 1173 1578 1215 noster
1603 1175 1654 1216 et
1674 1169 1950 1218 Atticorum

281 1246 548 1307 antiqua
598 1246 877 1305 comoedia,
927 1247 1013 1295 sed
1050 1248 1195 1295 etiam
1231 1247 1637 1311 philosophorum
1676 1247 1948 1296 Socratico-

278 1340 388 1373 rum
438 1323 549 1371 libri
593 1324 785 1390 referti*
819 1331 933 1374 sunt
980 1327 1228 1389 multaque
1285 1327 1547 1374 multorum
1596 1326 1758 1375 facete
1803 1327 1948 1386 dicta,

279 1407 337 1453 ut
382 1418 470 1460 ea,
520 1409 645 1466 quae
677 1421 705 1452 a
756 1422 876 1453 sene
929 1405 1116 1453 Catone
1149 1406 1356 1454 collecta
1405 1414 1547 1464 sunt,
1601 1423 1727 1469 quae
1774 1412 1949 1455 vocant

278 1478 681 1548 ἀποφθέγματα.
751 1485 932 1533 Facilis
968 1486 1117 1549 igitur
1150 1490 1228 1532 est
1263 1485 1509 1533 distinctio
1534 1485 1730 1548 ingenui
1765 1490 1818 1534 et
1850 1485 1945 1534 illi-

278 1563 458 1613 beralis
493 1565 599 1612 ioci.
668 1564 833 1619 Alter,
869 1566 909 1612 si
942 1571 1163 1627 tempore
1197 1564 1279 1626 fit,
1315 1565 1522 1612 remisso
1558 1565 1753 1613 homine
1788 1565 1944 1615 libero

277 1643 481 1708 dignm,
529 1644 651 1692 alter
695 1659 757 1691 ne
791 1645 945 1692 libero
982 1646 1203 1709 quidem,
1255 1645 1298 1691 si
1333 1661 1494 1692 rerum
1533 1645 1822 1708 turpitudini
1858 1646 1945 1694 ad-

274 1723 472 1773 hibetur
520 1724 781 1772 verborum
835 1721 1195 1775 obscoenita8.‘'
1262 1724 1412 1787 Atqui
1453 1739 1610 1787 neque
1644 1739 1809 1772 rerum
1846 1724 1944 1772 ulla

274 1805 528 1867 turpitudo
564 1820 722 1867 neque
754 1805 1012 1853 verborum
1062 1805 1373 1852 obscoenitas
1409 1804 1468 1851 ab
1505 1804 1703 1866 antiqua
1735 1803 1820 1850 illa
1854 1820 1944 1851 co-

271 1883 462 1932 moedia
500 1884 656 1941 abest,
694 1884 934 1948 longeque
969 1885 1086 1932 illud
1123 1900 1274 1947 genus
1302 1883 1493 1932 iocandi
1528 1900 1554 1930 a
1578 1882 1946 1933 Socraticorum

271 1963 566 2027 scriptorum
620 1964 787 2027 lepore
828 1971 975 2028 atque
1010 1964 1204 2012 facetiis
1239 1964 1508 2028 discrepat.
1575 1962 1804 2011 Novam
1852 1963 1944 2028 igi-

270 2047 354 2091 tur
387 2044 694 2091 comoediam
732 2044 1021 2091 Ciceronem
1049 2043 1236 2091 dixisse
1262 2059 1466 2090 necesse
1491 2049 1582 2103 est,
1617 2059 1792 2107 neque,
1829 2045 1941 2108 quin

269 2123 623 2172 removendum
658 2139 719 2171 ex
755 2124 836 2170 illo
866 2124 973 2171 loco
1019 2124 1081 2170 sit
1115 2125 1316 2170 verbum
1354 2123 1630 2186 antiqua
1666 2128 1717 2170 et
1750 2139 1843 2187 pro
1878 2139 1940 2172 eo

269 2201 605 2264 reponendum
641 2218 827 2261 nova,
873 2202 1118 2250 dubitabis
1154 2203 1344 2250 collatis
1382 2200 1660 2249 Aristotelis
1695 2201 1858 2248 verbis
1891 2202 1939 2250 iu

268 2278 429 2328 Ethic.
470 2280 659 2329 Nicom.
695 2280 773 2330 lV.
811 2298 852 2329 c.
887 2285 935 2338 8.,
972 2285 1045 2342 6.,
1082 2297 1205 2344 quae
1240 2280 1489 2328 Romanus
1526 2286 1690 2327 orator
1722 2280 1937 2328 imitatus

268 2364 363 2411 est.
440 2359 640 2409 Haecce
701 2362 828 2410 enim
874 2377 1092 2409 summus
1139 2361 1223 2406 ille
1269 2358 1593 2423 philosophus
1640 2357 1703 2405 de
1745 2358 1938 2407 iocandi

265 2440 527 2503 generibus
563 2441 820 2489 disseruit:
855 2442 984 2503 „Qui
1006 2440 1225 2488 ridiculis
1260 2438 1522 2486 immodice
1546 2437 1763 2494 student,
1800 2455 1938 2486 scur-

265 2535 350 2568 rae
384 2518 725 2586 (βωμολόχοι)
763 2522 988 2569 videntur
1025 2535 1137 2568 esse
1171 2518 1457 2581 sordidique
1495 2515 1815 2582 (φορτικοί),
1859 2518 1937 2567 fa·

266 2601 420 2649 cetias
466 2603 650 2665 ubique
707 2601 994 2649 affectantes
1042 2600 1295 2662 magisque
1341 2600 1495 2646 risum
1544 2606 1745 2662 captare
1792 2614 1934 2662 quam

262 2678 443 2729 decora
492 2682 659 2730 dicere
706 2688 759 2730 et
803 2683 957 2729 vitare
1001 2680 1279 2727 molestiam
1330 2679 1599 2727 studentes,
1667 2679 1817 2742 Atqui
1852 2679 1936 2726 in-

265 2760 691 2810 crebrescentibus
726 2761 967 2817 ridiculis,
1003 2761 1084 2808 ubi
1122 2759 1343 2822 plerique
1378 2758 1603 2805 ludibriis
1639 2760 1853 2823 gaudent
1881 2759 1933 2805 et

263 2839 534 2888 cavillando
569 2843 738 2904 magis,
773 2857 915 2904 quam
942 2856 1030 2903 par
1065 2846 1156 2896 est,
1192 2838 1515 2892 delectantur,
1552 2837 1699 2885 etiam
1734 2852 1933 2885 scurrae

261 2917 412 2967 faceti
449 2922 770 2984 appellantur,
807 2919 946 2984 quasi
978 2917 1154 2982 lepidi3
1191 2916 1277 2963 sed
1311 2915 1494 2962 distare
1518 2931 1620 2974 eos,
1656 2922 1706 2963 et
1731 2915 1929 2978 quidem

261 2997 564 3064 longissime,
600 3017 662 3049 ex
695 3002 770 3058 iis,
815 3017 939 3064 quae
975 2998 1201 3058 diximus,
1237 3002 1455 3059 apparet.
1527 2995 1728 3043 Dexteri
1764 3000 1930 3044 autem

262 3083 340 3125 est
371 3078 583 3127 hominis
618 3097 674 3129 ea
721 3089 773 3129 et
807 3081 975 3129 dicere
1010 3083 1059 3126 et
1093 3077 1289 3130 audire.
1341 3091 1464 3140 quae
1499 3075 1680 3124 decoro
1718 3079 1769 3121 et
1804 3072 1926 3120 libe-

262 3155 352 3204 rali
387 3161 688 3210 conveniant.
759 3159 969 3209 Multum
1015 3158 1141 3205 enim
1178 3156 1304 3204 iuter
1347 3157 1608 3218 ingenuum
1645 3158 1696 3201 et
1731 3151 1925 3211 servile,

260 3234 392 3284 inter
433 3239 675 3287 eruditum
720 3244 769 3287 et
813 3240 939 3288 rude
972 3235 1162 3286 iocandi
1197 3251 1348 3298 genus
1384 3236 1610 3282 interest:
1659 3232 1720 3279 id
1756 3230 1953 3293 quod·

262 3329 336 3363 ex
379 3319 682 3381 antiquae
739 3325 801 3368 et
845 3333 1043 3368 novae
1091 3314 1480 3364 comoediae
1527 3310 1925 3360 diversitate

261 3392 709 3465 intelligitur:
761 3397 845 3448 illa
902 3398 1030 3448 enim
1075 3395 1229 3445 risum
1277 3392 1609 3444 obscoenitate
1658 3390 1918 3440 verborum
