2164 3840
1069 241 1189 300 381

415 393 622 444 τοῦνεκ’
662 392 766 456 ἄρα
800 390 1004 443 κτίσται
1037 407 1097 456 γε
1129 387 1414 456 πεφήνατε,
1447 390 1658 455 ἄλκιμοι
1692 389 1882 457 ἄνδρες
1894 391 1965 460 *),

541 473 600 533 ὃς
633 470 731 536 μὲν
766 472 855 523 α’π’
891 472 1124 538 Αἰολίης,
1161 466 1221 530 ὃς
1255 469 1304 520 δ’
1339 469 1445 549 αζπὸ
1482 471 1789 538 Βοιωτίης.”

283 554 642 620 Fragmentum
677 555 974 604 narrationis
1010 555 1106 602 hoc
1139 559 1242 601 est:

418 634 603 694 „Hic
671 634 1141 700 Melanippum
1203 634 1391 681 inter
1454 634 1800 684 traiectus
1853 652 1964 685 ne-

1145 730 1414 775 morum,
1468 715 1532 761 in
1581 715 1761 763 salti
1793 718 1967 781 fau-

1142 791 1382 845 cihu&”

288 875 385 925 Pro
420 875 640 924 clausula
672 874 961 924 adolescens
995 875 1088 922 hac
1122 891 1244 924 usus
1280 890 1393 922 esse
1429 875 1670 923 sententia
1702 875 1920 925 videtur:

419 953 557 1022 πλὴν
590 957 682 1022 τῆς
715 954 968 1019 τεκούσης
1001 956 1143 1021 θῆλυ
1179 960 1286 1005 πᾶν
1319 955 1454 1018 μισῶ
1489 951 1658 1019 γένος.

289 1036 385 1086 His
432 1037 615 1086 auditis
660 1037 834 1101 plenus
869 1037 1208 1085 admirationis
1252 1053 1341 1085 rex
1379 1037 1440 1084 ad
1474 1035 1810 1100 Melanippam
1847 1042 1971 1087 con-

289 1117 496 1167 vertitur
523 1117 944 1166 confirmationem
972 1133 1214 1180 quaerens
1244 1133 1433 1172 eorum,
1463 1133 1589 1183 quae
1613 1118 1827 1166 narravit
1851 1118 1971 1166 ado-

287 1198 513 1248 lescens:
550 1213 676 1261 quae
709 1213 805 1246 non
840 1198 949 1246 sine
974 1214 1148 1261 magno
1184 1197 1359 1246 dolore
1393 1197 1684 1245 memoriam
1717 1197 1974 1246 infortunii

290 1278 502 1343 repetit:

421 1357 473 1407 τί
505 1349 634 1415 τοὺς
667 1355 939 1416 θανόντας
973 1356 1073 1408 οὐκ
1110 1356 1199 1425 ἐᾷς
1232 1354 1549 1424 τεθνηκέναι

417 1434 508 1488 καὶ
541 1435 876 1502 τάκχυθέντα
910 1437 1175 1504 συλλέγεις
1209 1439 1512 1506 οἷλγήματα;

289 1518 560 1584 Postquam
610 1527 772 1567 autem
822 1527 1054 1569 accurate
1102 1523 1164 1570 de
1199 1524 1425 1570 omnibus
1460 1521 1611 1569 rebus
1644 1536 1734 1569 rex
1767 1519 1976 1571 edoctus

289 1604 396 1659 est,
442 1605 648 1648 matrem
695 1600 937 1658 filiorum,
987 1617 1111 1664 quos
1158 1618 1253 1650 non
1301 1603 1489 1662 minuS.,
1538 1616 1684 1663 quam
1720 1602 1975 1666 genuinos,

290 1684 451 1740 amat,
503 1679 555 1728 in
589 1680 953 1728 matrimonium
991 1681 1175 1729 ducere
1208 1683 1492 1741 constituit,
1538 1681 1666 1729 hanc
1712 1681 1806 1730 sibi
1841 1681 1979 1745 quasi

292 1758 397 1810 fato
432 1775 635 1808 uxorem
674 1760 968 1808 destinatam
1007 1777 1119 1809 esse
1154 1762 1425 1810 arbitrans:

427 1836 636 1904 γάμους
671 1839 718 1889 δ’
755 1836 873 1889 ὅσοι
908 1839 1200 1892 σπεύδουσι
1233 1839 1304 1908 μὴ
1338 1838 1731 1906 πεπρωμένους,

427 1918 599 1986 μάτην
632 1923 924 1972 πονοῦσιν·
967 1920 1004 1987 ἦ
1038 1919 1095 1971 δὲ
1128 1927 1201 1987 τῷ
1234 1921 1403 1987 χρεὼν
1436 1921 1586 1973 πόσει

424 1999 662 2066 μένουσα
695 1999 1104 2062 κᾶσπούδαστος
1128 1996 1301 2069 ἦλθεν
1343 2003 1414 2064 εἰς
1449 2003 1652 2068 δόμους

428 2160 548 2212 ὅσοι
580 2166 817 2228 γαμοῦσι
850 2163 899 2214 δ’
934 2163 966 2231 ἢ
1001 2163 1142 2230 γένει
1177 2165 1458 2229 κρείσσους
1490 2165 1695 2231 γάμους

425 2241 459 2308 ἢ
494 2241 661 2294 πολλὰ
694 2244 934 2309 χρήματ’,
970 2246 1070 2297 οὐκ
1106 2244 1407 2297 ἐπίστανται
1437 2249 1647 2312 γαμεῖν·

425 2321 490 2375 τὰ
522 2327 617 2392 τῆς
649 2324 907 2390 γυναικὸς
939 2325 1042 2391 γὰρ
1076 2329 1360 2392 κρατοῦντ’
1397 2324 1455 2378 ἐν
1489 2327 1725 2392 δώμασιν

431 2405 629 2456 δουλοῖ
657 2403 753 2456 τὸν
787 2406 978 2471 ἄνδρα,
1011 2407 1217 2459 κούκέτ’
1253 2409 1354 2459 ἔστ’
1390 2406 1683 2474 ἐλεύθερος.

364 2519 366 2521 -
429 2488 662 2546 πλοῦτος
696 2485 743 2537 δ’
780 2483 1003 2549 ἐπακτὸς
1037 2486 1095 2540 ἐκ
1128 2489 1452 2555 γυναικείων
1484 2489 1671 2554 γάμων

428 2565 712 2633 ἀνόνητος·
749 2568 808 2619 αἱ
838 2568 941 2635 γὰρ
980 2569 1244 2630 διαλύσεις
1279 2570 1346 2621 ού
1378 2568 1573 2635 ῥᾴδιαι.

428 2649 698 2698 Aversatur
750 2652 1024 2716 coniugium
1062 2653 1379 2717 Melanippa,
1431 2653 1614 2716 quippe
1660 2665 1787 2715 quae
1837 2665 1979 2715 prae-

300 2729 588 2779 stantiorem
621 2746 857 2792 amorem,
893 2749 1038 2796 quam
1073 2733 1379 2792 naturalem,
1418 2749 1531 2781 eum
1567 2747 1696 2792 esse,
1733 2746 1828 2794 quo
1865 2746 1981 2779 vera

299 2826 359 2859 ac
393 2809 557 2858 divina
603 2811 836 2861 mortales
871 2813 1322 2877 amplecterentur,
1370 2813 1419 2861 in
1453 2813 1598 2875 longo
1633 2818 1855 2875 tempore
1891 2809 1978 2858 do-

298 2889 461 2938 lorum
507 2891 809 2954 cognoverit.
892 2891 1130 2941 Precibus
1181 2894 1380 2941 tandem
1429 2893 1698 2941 liberorum
1745 2892 1871 2939 victa
1906 2890 1980 2939 sui

300 2969 449 3018 animi
485 2968 782 3018 voluntatem
818 2974 1093 3022 commodis
1135 2973 1402 3022 liberorum
1421 2973 1690 3037 postponit.
1761 2971 1835 3019 Ex
1850 2970 1978 3017 filio-

300 3065 411 3098 rum
446 3049 666 3097 oratione
699 3049 961 3114 decerptos
998 3054 1091 3102 hos
1126 3058 1244 3117 puto
1276 3069 1448 3102 versus
1485 3069 1613 3111 esse,
1653 3067 1777 3117 quos
1812 3064 1979 3100 serva-

300 3130 373 3178 vit
407 3127 564 3176 Orion
602 3128 860 3191 (Schneid.
897 3132 1054 3182 Conii.
1093 3133 1222 3181 critt.
1259 3150 1308 3197 p.
1343 3132 1482 3195 47.):

434 3199 535 3256 σὺν
566 3208 640 3275 τῷ
672 3210 781 3278 θεῷ
815 3208 912 3277 χρὴ
945 3205 1072 3272 τοὺς
1106 3204 1313 3276 σοφοὺς
1346 3208 1698 3275 ἀναστρέφειν

433 3287 752 3352 βουλεύματ’
785 3289 865 3341 ἀεὶ
897 3292 1030 3358 πρὸς
1062 3292 1122 3343 τὸ
1155 3293 1560 3359 χρησιμώτερον.

360 3440 410 3494 *)
439 3441 585 3497 Vulgo
615 3436 812 3485 τοῦνεκα
839 3439 924 3501 γὰρ
955 3443 1032 3487 καὶ
1062 3441 1313 3500 πεφήνατε.
