2170 3866
895 238 1022 296 499

98 393 266 440 nutem
297 390 458 438 totum
492 400 590 437 nou
623 384 1036 451 antistrophicum
1071 389 1227 444 esset,
1263 382 1481 433 motibus
1516 383 1668 433 animi
1697 384 1810 448 qui-

100 470 217 520 dem
249 467 570 531 conveniret,
618 466 709 517 sed
743 482 843 516 non
876 466 1187 531 exprimeret
1234 467 1422 514 tantam
1470 464 1808 529 perturbatio-

99 566 243 613 nem,
290 554 525 614 quantam
573 548 824 597 cernimus
871 552 980 596 tum
1025 546 1077 595 in
1110 546 1372 595 iteratione
1407 545 1682 594 eorundem
1718 561 1812 596 nu-

99 646 356 680 merorum
390 634 495 678 tum
527 627 684 692 magis
721 627 875 676 etiam
911 628 962 676 in
996 628 1191 691 coeptis
1226 625 1448 690 quidem,
1484 627 1576 674 sed
1611 642 1813 677 rursum

99 709 432 775 interpellatis
466 708 813 757 iterationibus
849 711 944 756 etc.
1015 706 1160 770 Quod
1211 706 1254 754 si
1289 706 1399 769 quis
1435 707 1681 770 reputarit
1713 708 1815 757 ho·

101 792 285 841 minem
318 791 583 840 barbarum
620 803 833 852 eumque
868 786 1149 852 Phrygem,
1187 803 1279 836 nec
1313 786 1565 851 Phrygem
1603 792 1813 847 tantum,

102 871 195 922 sed
246 870 398 921 etiam
445 869 727 918 eunuchum
775 884 890 917 esse
940 868 1025 932 qui
1057 869 1149 916 ista
1186 869 1286 932 agit
1320 873 1373 916 et
1405 868 1616 927 recitat,
1665 869 1816 918 facile

103 952 288 1001 sentiet
337 965 436 999 non
481 951 638 1015 magis
683 948 952 1013 quidquam
995 949 1251 1012 indignum
1305 948 1566 1014 tragoedia
1619 948 1670 997 in
1719 950 1815 999 ista

100 1046 318 1098 persona
351 1030 546 1086 inesse,
583 1047 731 1094 quam
764 1030 815 1078 in
850 1029 1139 1078 excubitore
1175 1033 1262 1078 aut
1295 1030 1509 1090 nutrice,
1548 1045 1669 1094 quas
1706 1030 1810 1078 Ae-

103 1111 312 1176 schylus
346 1110 604 1159 inferioris
655 1109 954 1158 conditionis
992 1125 1231 1174 personas
1267 1110 1317 1157 in
1352 1109 1724 1174 Agamemnone
1761 1114 1815 1159 et

105 1190 426 1257 Ghoephoris
476 1187 864 1240 introduxerit.''
945 1189 1153 1238 Numeri
1206 1204 1494 1238 sermonum
1547 1189 1813 1239 liberiores

103 1277 220 1321 sunt
268 1287 415 1336 quam
462 1271 513 1320 in
557 1271 760 1333 reliquis
796 1270 981 1319 fabulis
1018 1275 1222 1334 praeter
1257 1269 1548 1334 Cyclopem.
1619 1269 1814 1318 Obser-

101 1351 235 1400 vavit
268 1350 401 1398 enim
436 1350 652 1399 nescios
728 1350 770 1398 is
818 1336 1115 1414 quingentos
1163 1349 1367 1398 circiter
1401 1356 1455 1399 et
1499 1351 1816 1416 septuaginta

99 1429 345 1480 trimetris
381 1430 877 1492 solutionesnesse,
910 1430 1044 1478 inter
1077 1446 1202 1494 quas
1238 1430 1596 1494 quinquaginta
1630 1432 1681 1481 in
1717 1432 1814 1480 ini-

99 1511 173 1560 tio
207 1511 396 1575 positos
432 1517 758 1575 anapaestos,
810 1511 891 1560 cui
938 1510 1173 1559 licentiae
1218 1510 1449 1559 consulto
1485 1511 1603 1575 quin
1650 1512 1814 1561 indul-

102 1592 226 1640 serit
258 1590 559 1656 Euripides,
608 1591 798 1656 quippe
840 1590 1013 1639 drama
1049 1591 1278 1654 satyricis
1313 1592 1648 1656 propinquum
1685 1592 1814 1642 scri-

101 1671 259 1732 bens,
303 1687 403 1720 non
448 1676 529 1721 est
576 1672 709 1735 quod
745 1672 1048 1721 dubitemus.
1118 1670 1186 1720 At
1219 1672 1359 1720 chori
1393 1673 1643 1735 carmina,
1681 1672 1813 1723 Ore-

104 1751 197 1800 stis
245 1756 436 1800 sortem
485 1752 768 1801 miserantis
815 1757 869 1801 et
911 1752 1149 1801 facinoris
1195 1752 1514 1800 atrocitatem
1549 1752 1807 1802 horrentis

103 1838 158 1881 et
206 1831 437 1880 eventum
484 1832 710 1882 timentis
769 1837 822 1881 et
869 1831 1036 1896 ipsum
1082 1848 1252 1881 rerum
1299 1831 1567 1882 discrimen
1614 1833 1811 1882 descri-

102 1912 294 1973 bentis,
346 1912 610 1961 maximam
659 1918 852 1977 partem
904 1929 934 1961 e
976 1913 1219 1961 dochmiis
1271 1918 1529 1976 constant,
1578 1919 1814 1979 praeter-

103 2007 251 2056 quam
301 1991 434 2056 quod
482 2008 652 2042 rerum
695 2009 877 2042 nexum
927 1997 1214 2057 statumque
1261 1993 1604 2058 contemplans
1639 1995 1814 2061 glyco-

103 2072 212 2122 neis
248 2073 419 2123 utitur.
1325 2123 1332 2129 Κ

238 2152 456 2202 Stetisse
489 2153 618 2202 hanc
652 2153 871 2203 fabulam
897 2153 1046 2204 etiam
1092 2152 1462 2218 posterioribus.
1502 2154 1815 2218 temporibus

100 2232 220 2282 inde
264 2233 589 2298 intelligitur,
639 2234 770 2298 quod
816 2238 1044 2282 veterum
1090 2234 1420 2298 interpretum
1467 2233 1668 2298 quidam
1705 2250 1817 2284 eam

101 2314 156 2364 in
203 2313 418 2363 theatris
465 2318 838 2378 spectaverant,
887 2313 939 2362 id
987 2313 1119 2377 quod
1168 2329 1231 2363 ex
1279 2314 1484 2363 scholiis
1520 2315 1584 2363 ad
1619 2330 1698 2366 vv,
1734 2317 1816 2366 58.

100 2396 217 2444 258.
250 2395 369 2442 632.
420 2393 624 2459 scriptis
690 2399 743 2443 et
797 2409 860 2442 ex
905 2400 1198 2458 argumento
1257 2395 1581 2460 perspicitur.
1671 2395 1816 2445 Hanc

103 2473 267 2522 fuisse
311 2489 539 2522 caussam
574 2474 817 2536 arbitror,
864 2491 954 2523 cur
987 2475 1036 2522 ei
1070 2475 1382 2523 recensendo
1418 2475 1815 2540 explicandoque

102 2553 307 2619 plurimi¹
337 2569 544 2619 operam
579 2555 772 2614 darent,
810 2554 947 2603 velut
983 2554 1316 2614 CallistratuS,
1352 2553 1614 2619 Didymus,
1653 2555 1812 2620 Apol-

99 2634 310 2683 lodorus
347 2634 635 2698 Cyrenaeus
669 2641 723 2684 et
757 2634 1043 2699 Dionysius,
1081 2650 1288 2699 quorum
1325 2636 1668 2685 commentarii
1702 2636 1812 2686 lau-

102 2715 287 2764 dantur
322 2715 385 2763 ad
422 2730 496 2762 vv.
534 2717 647 2765 304.
680 2716 795 2764 424.
836 2718 985 2766 1369.
1022 2717 1198 2775 1686„
1245 2714 1306 2763 ad
1343 2714 1535 2765 Phoen.
1575 2732 1622 2766 v,
1660 2718 1812 2767 1748.

101 2795 278 2845 Doctis
313 2794 434 2844 illud
469 2794 715 2844 familiare
749 2795 908 2845 fuisse
941 2795 1058 2844 inde
1093 2800 1317 2860 apparet,
1363 2796 1496 2859 quod
1529 2798 1579 2846 in
1614 2813 1810 2846 sermo-

102 2875 247 2925 nibus
295 2875 482 2938 passim
516 2875 660 2924 multi
698 2876 759 2924 ad
793 2876 912 2925 illud
947 2881 1311 2940 respexerunt,
1344 2876 1482 2925 velut
1513 2892 1663 2927 versu
1694 2879 1810 2929 271.

103 2953 431 3005 Anaxarchus
469 2971 587 3003 usus
625 2962 703 3004 est
734 2956 947 3005 irridens
976 2956 1332 3016 Alexandrum,
1370 2955 1687 3022 Chrysippus
1722 2974 1812 3008 au—

102 3042 209 3084 tem
257 3051 332 3086 vv,
369 3036 484 3095 243,
519 3037 566 3086 4.
605 3040 657 3084 et
691 3038 806 3099 533,
840 3039 890 3086 4.
926 3038 992 3086 de
1039 3053 1094 3085 se
1146 3042 1200 3087 et
1245 3037 1490 3087 Cleanthe
1535 3038 1811 3104 usurpavit.

102 3113 322 3166 Versum
350 3116 463 3165 129.
502 3115 563 3163 ad
601 3116 905 3166 Alcibiadem
941 3117 1198 3167 transtulit
1222 3116 1526 3168 Plutarchus
1561 3115 1671 3184 (vit.
1700 3119 1812 3169 Alc.

101 3211 153 3261 p.
190 3196 304 3246 2053.
343 3193 454 3261 12),
506 3195 744 3260 idemque
778 3198 842 3247 ad
876 3198 1000 3247 alios
1034 3214 1209 3248 versus
1247 3198 1533 3263 complures
1569 3200 1813 3263 respexit.

101 3275 421 3342 Usurparunt
462 3276 704 3340 quosdam
749 3293 922 3327 versus
968 3279 1115 3328 etiam
1151 3278 1451 3329 Aristoteles
1487 3277 1673 3344 (656.),
1710 3279 1812 3328 Ae-

102 3354 261 3406 lianus
297 3357 513 3422 (1105.),
547 3355 800 3407 Lucianus
837 3358 973 3424 (⁸146.
999 3357 1159 3423 855.),
1197 3358 1469 3424 Dionysius
1497 3359 1628 3421 Hal.,
1663 3358 1810 3408 Iulia-

101 3451 195 3513 uup
230 3436 388 3501 (16.),
422 3436 674 3504 Longinus
707 3436 885 3504 fragm.
918 3440 970 3488 8.
1005 3443 1059 3488 et
1092 3438 1158 3490 de
1191 3438 1322 3494 subl.
1357 3441 1468 3500 15„
1503 3438 1599 3490 Dio
1633 3437 1815 3504 Chrys.

1358 3520 1426 3570 32
1447 3520 1473 3549 ’³‘
