2170 3866
919 265 1045 325 567

133 413 224 464 ssle
267 413 424 479 igitur
464 411 749 480 Dionysius,
801 415 942 478 quasi
984 414 1113 463 alter
1156 411 1502 479 Phidippides,
1558 430 1733 464 verum
1773 430 1834 466 ex

135 498 286 558 gente
320 493 643 558 patriciorum
682 492 987 559 (γεννάδας,
1022 491 1162 554 ὅςτις
1195 509 1255 559 γε
1288 493 1464 545 πίνειν
1498 487 1613 546 οἶδε
1634 493 1727 546 καὶ
1753 495 1833 560 βι-

131 575 249 626 νεῖν
282 572 501 639 μόνον),
536 574 674 624 clava
710 574 914 640 quidem
949 580 1002 624 et
1035 576 1168 640 pelle
1202 576 1394 624 leonina
1427 576 1622 639 priscos
1650 578 1833 626 heroes

131 661 186 706 et
218 656 699 721 praestantissimum
734 671 910 704 eorum
946 655 1217 705 Herculem
1269 657 1507 718 imitatur,
1558 658 1645 706 sed
1692 673 1750 705 re
1783 661 1835 706 et

130 736 279 786 factis
327 735 734 796 adolescentulis,
782 736 867 801 qui
915 737 1251 800 sophistarum
1299 737 1497 784 scholas
1544 737 1832 802 frequenta-

127 817 267 877 bant,
303 816 586 865 simillimus
623 822 719 877 est,
756 823 812 865 ut
844 816 940 866 hac
973 818 1083 882 ipsa
1119 818 1456 882 discrepantia
1480 819 1708 881 personis
1728 817 1832 865 Eu·

127 897 306 962 ripidis
342 897 547 960 tragicis
583 897 905 962 respondeat.
988 897 1129 946 Talis
1163 898 1319 963 igitur
1352 898 1549 962 ingenio
1583 898 1830 946 moribus-

126 993 244 1043 que,
280 994 433 1043 quum
468 977 601 1026 forte
635 978 685 1027 in
720 978 832 1027 navi
868 978 1067 1040 sedenS,
1106 994 1204 1042 quo
1239 985 1469 1042 tempore
1495 978 1699 1042 proeliis
1729 977 1832 1026 ani-

126 1073 263 1108 mum
299 1059 563 1108 intendere
598 1058 828 1120 debebat,
866 1059 1245 1128 Andromachen
1286 1058 1542 1124 Euripidis
1579 1059 1715 1107 solus
1752 1074 1831 1107 se-

126 1154 242 1188 cum
271 1139 466 1205 legeret
490 1140 658 1197 (cuius
687 1139 922 1188 dramatis
958 1141 1182 1205 partibus
1207 1139 1285 1200 iis,
1322 1155 1450 1204 quae
1474 1155 1691 1188 amorem
1712 1138 1832 1188 Per-

126 1219 200 1268 sei
233 1219 572 1281 imitabantur,
609 1220 876 1269 Abderitas
911 1221 973 1268 ad
1008 1219 1248 1269 insaniam
1285 1219 1565 1269 delectatos
1600 1236 1715 1269 esse
1750 1236 1830 1269 ac-

125 1299 398 1365 cepimus),
446 1301 613 1349 subito
648 1300 840 1364 ingenti
875 1307 1156 1348 commotus
1192 1304 1270 1348 est
1304 1300 1567 1367 Euripidis
1603 1300 1830 1350 defuncti

122 1378 395 1438 desiderio,
442 1385 500 1428 ut
544 1379 790 1428 reducere
839 1396 953 1428 eum
1001 1396 1063 1428 ex
1107 1379 1284 1429 inferis
1319 1381 1501 1430 misere
1536 1382 1745 1446 cupiens
1778 1381 1828 1430 in

121 1458 309 1510 Orcum
346 1458 656 1509 descendere
690 1460 894 1509 fortiter
928 1460 1276 1511 constitueret.
1356 1461 1660 1526 Sophoclem
1707 1477 1828 1510 vero

121 1540 316 1606 spernit
349 1546 408 1589 ut
440 1556 621 1605 parum
668 1540 926 1589 sollertem
965 1543 1332 1605 (πανοῦργον)
1369 1547 1518 1606 atque
1555 1541 1827 1606 tranquilli-

120 1621 239 1670 tatis
286 1619 526 1685 pacisque
576 1619 649 1668 sic
682 1626 946 1684 amantem,
994 1626 1051 1670 ut
1095 1637 1274 1672 novare
1310 1623 1571 1688 quicquam
1606 1622 1685 1670 vel
1721 1637 1826 1670 mo-

122 1700 205 1750 liri
240 1716 411 1749 rerum
447 1699 706 1748 audacium
744 1705 996 1750 vereatur.
1082 1703 1220 1752 Idem
1258 1721 1416 1769 paene
1451 1703 1634 1751 insanit
1658 1699 1825 1761 ,admi-

120 1781 345 1841 ratione,
403 1797 554 1845 quum
605 1781 874 1830 audaciora
918 1782 1176 1849 Euripidis
1224 1785 1356 1834 dicta
1406 1789 1634 1849 reputat,
1693 1782 1828 1831 velut

118 1861 337 1912 haecce:

159 1971 174 1986 t
255 1941 460 2006 ὄμνυμι
496 1938 545 1991 δ’
584 1938 729 2005 ἱερὸν
764 1939 956 2006 αἰθέρ’,
995 1942 1206 2010 οἴκησιν
1239 1941 1377 2003 Διός
1411 1971 1476 1979 -—

254 2020 293 2088 ἦ
328 2023 526 2088 γλῶσσ’
563 2020 814 2089 ὀμώμοχ’,
851 2023 887 2091 ἡ
922 2023 978 2075 δὲ
1014 2023 1163 2093 φρὴν
1195 2023 1475 2091 α’νώμοτος
1508 2051 1572 2059 -

251 2101 345 2154 καὶ
375 2102 581 2170 χρόνον
615 2103 878 2169 πρόβαινε
912 2105 1070 2158 πόδα.

118 2183 198 2233 Eo
232 2189 399 2234 autem
445 2185 618 2234 furore
666 2187 880 2251 populus
917 2188 1295 2238 Atheniensium
1331 2186 1592 2234 universus
1628 2187 1826 2232 tenetur

116 2269 323 2330 praeter
356 2266 641 2330 optimates,
692 2267 776 2328 qui
824 2269 970 2330 pauci
1014 2283 1220 2316 numero
1257 2264 1467 2331 (ὀλίγον
1499 2263 1560 2315 τὸ
1595 2262 1826 2329 χρηστόν

116 2339 278 2407 ἐστιν,
309 2361 355 2395 v.
381 2348 523 2406 ⁸173.)
541 2346 843 2410 Aeschylum
865 2347 1103 2396 admirari
1136 2364 1387 2412 nunquam
1411 2347 1660 2397 desinunt.
1708 2343 1823 2392 Ple-

115 2425 244 2475 beiis
288 2425 423 2474 enim
471 2427 760 2475 erudiendis
822 2444 1027 2491 operam
1083 2428 1293 2476 dederat
1336 2426 1635 2492 EuripideS,
1696 2439 1821 2489 quos

115 2503 285 2555 furum
355 2512 408 2554 et
477 2506 745 2571 impiorum
815 2508 1098 2567 nominibus
1174 2507 1402 2572 designat
1458 2505 1819 2569 Aristophanes

118 2588 191 2643 (v.
215 2586 378 2644 7620.
447 2585 514 2634 Hi
548 2586 715 2650 igitur,
764 2587 1083 2637 multitudine
1119 2593 1435 2651 superantes,
1486 2602 1602 2634 cum
1636 2584 1821 2634 auditis

117 2664 373 2729 Euripidis
419 2668 652 2716 versutiis
701 2668 997 2731 astutiisque
1042 2668 1318 2716 insanirent
1362 2671 1414 2715 et
1445 2665 1587 2714 illum
1623 2664 1821 2729 sapien-

117 2745 366 2795 tissimum
411 2761 527 2795 esse
583 2748 849 2797 crederent
905 2745 1343 2813 (ὑπερεμάνησαν
1386 2744 1687 2810 κάνόμισαν
1732 2753 1821 2795 σο-

119 2823 414 2891 φώτατον),
462 2826 512 2875 in
559 2829 732 2877 sedem
766 2829 950 2892 regiam
989 2829 1187 2878 deiecto
1223 2829 1473 2894 Aeschylo
1510 2844 1623 2876 eum
1656 2826 1820 2891 impo-

117 2922 242 2956 nere
289 2907 669 2957 constituerunt.
757 2909 906 2958 Hunc
953 2915 1118 2958 tamen
1165 2910 1348 2958 amoris
1398 2915 1547 2972 atque
1583 2906 1821 2956 desiderii

118 2986 352 3036 ardorem
402 2986 568 3035 fabula
618 2989 985 3055 Aristophanis,
1035 2990 1259 3054 quamvis
1311 3006 1423 3039 cum
1468 2990 1721 3052 voluptate
1767 2990 1820 3036 et

118 3067 448 3117 admiratione
483 3067 594 3131 plus
633 3070 789 3119 semel
826 3074 1155 3135 spectaretur,
1207 3071 1334 3119 adeo
1369 3086 1467 3119 nou
1500 3068 1733 3119 restinxit
1767 3068 1816 3115 in

118 3146 530 3205 Atheniensibus,
581 3154 636 3198 ut
670 3156 720 3200 et
756 3153 988 3200 continuo
1022 3152 1179 3201 filium
1218 3151 1473 3216 Euripidis
1516 3150 1674 3214 patris
1710 3165 1815 3197 cer·

114 3234 303 3279 tantem
339 3230 611 3292 tragoediis
648 3234 1006 3295 coronaverint,
1050 3249 1213 3297 neque
1248 3233 1406 3281 multo
1442 3237 1558 3297 post
1590 3230 1815 3279 Palame-

117 3309 197 3360 dis
229 3308 448 3358 fabulam
485 3309 665 3359 iterum
702 3313 994 3377 spectarint,
1040 3330 1137 3376 quo
1172 3320 1402 3378 tempore
1445 3314 1671 3361 versibus
1707 3310 1814 3374 qui-

115 3386 324 3439 busdam
359 3394 570 3439 mortem
607 3391 834 3442 Socratis
875 3393 927 3442 in
973 3394 1263 3443 memoriam
1310 3393 1665 3441 revocantibus
1706 3390 1816 3437 illa-

113 3468 399 3521 erimarunt.
468 3469 884 3523 Manifestissima
917 3473 1107 3541 gratiae
1139 3479 1193 3523 et
1226 3473 1430 3535 favoris,
1464 3471 1643 3537 quibus
1667 3470 1814 3519 Euri-
