2202 3892
1111 255 1231 316 25⁰

341 406 591 453 exstructa
624 404 893 464 ornataque
925 402 1239 467 amplissima,
1273 403 1501 469 imposita
1534 408 1700 473 populi
1731 409 2015 475 iuventute,=

339 498 396 531 se
429 481 555 530 duce
589 485 734 543 atque
767 482 995 546 auspice,
1041 482 1313 533 faventibus
1348 484 1474 544 diis,
1518 487 1691 549 quibus
1738 504 1794 539 se
1829 506 1997 541 carum

339 578 451 613 esse
484 561 808 624 cognovisset,
843 562 902 609 ad
930 564 1301 628 expugnandum
1326 580 1528 628 reguum
1554 568 1997 630 opulentissimum,

337 643 573 708 rapienda
606 641 909 690 Graecorum
946 643 1066 691 bona
1100 645 1510 707 abducendasque
1540 647 1770 711 coniuges
1812 650 1998 700 alacres

335 723 782 788 proficiscerentur.
861 721 1003 782 Quod
1048 738 1196 786 quum
1247 740 1488 774 consensu
1531 740 1624 774 non
1659 732 1845 776 tantum
1882 745 1999 779 suae

334 803 579 863 factionis,
613 802 699 850 sed
735 802 1039 849 inimicorum
1090 819 1284 867 quoque
1329 807 1589 869 probatum
1640 811 1799 866 esset,
1850 823 1999 871 quum

332 885 546 949 praedae
583 882 810 945 cupidine
843 882 1027 929 incensi
1062 882 1121 929 ad
1158 883 1440 934 societatem
1476 886 1662 949 gloriae
1695 887 2000 951 periculique

334 979 505 1013 omnes
538 978 593 1012 se
628 961 936 1020 obtulissent,
971 962 1163 1026 iamque
1196 963 1246 1011 in
1281 979 1340 1011 eo
1374 972 1556 1025 essent,
1593 972 1647 1014 ut
1680 967 1883 1016 navibus
1914 982 1998 1015 so-

333 1044 452 1093 lutis
494 1044 541 1093 in
584 1042 737 1090 altum
778 1042 1100 1101 veherentur,
1161 1042 1433 1092 Cassandra
1478 1052 1720 1094 commota
1765 1046 1997 1095 divinitus

331 1128 496 1173 mente
540 1122 806 1188 perniciem
839 1122 1026 1185 patriae
1071 1127 1120 1170 et
1154 1124 1484 1172 miserrimum
1519 1126 1693 1173 domus
1727 1127 1890 1190 regiae
1923 1126 1998 1176 in-

334 1203 534 1252 teritum
570 1217 630 1250 ex
666 1201 726 1249 iis
760 1201 968 1266 inceptis
1005 1208 1288 1250 eventurum
1317 1219 1428 1251 esse
1453 1205 1708 1268 praedixit.
1763 1205 1857 1254 His
1886 1205 1997 1269 quis

333 1298 429 1332 non
462 1281 686 1344 intelligit
717 1280 1034 1347 imitationem
1072 1282 1236 1330 inesse
1270 1298 1470 1343 eorum,
1522 1300 1646 1346 quae
1694 1284 1757 1333 de
1792 1284 1996 1350 expedi·-

331 1363 465 1411 tione
499 1361 767 1410 Alcibiadis
802 1362 1095 1410 auctoritate
1130 1362 1177 1408 in
1214 1361 1428 1410 Siciliam
1463 1370 1693 1427 suscepta
1727 1366 1995 1413 memoriae

331 1449 445 1492 sunt
480 1441 710 1507 prodita?
746 1440 1060 1500 „Alcibiades
1095 1441 1435 1504 Carthaginem
1470 1445 1715 1492 somnians
1750 1444 1994 1492 Africam-

332 1539 456 1587 que,
491 1522 661 1570 harum
699 1521 983 1568 accessione
1021 1520 1210 1569 Italiam
1245 1525 1296 1568 et
1329 1520 1723 1586 Peloponnesum
1757 1524 1854 1572 iam
1890 1539 1994 1572 am-

331 1602 523 1668 plexus,
562 1607 752 1650 tantum
789 1617 877 1664 pro
910 1600 1086 1649 viatico
1122 1602 1334 1650 ducebat
1367 1617 1479 1655 esse
1514 1602 1743 1651 Siciliam.
1813 1605 1886 1654 Ac
1917 1603 1993 1651 iu-

330 1687 578 1732 ventutem
614 1680 785 1729 habuit
818 1680 984 1728 statim
1019 1696 1108 1744 spe
1143 1681 1336 1742 elatam,
1373 1682 1593 1730 seniores
1622 1698 1738 1730 vero
1763 1682 1995 1731 miracula

330 1769 585 1812 narrantes
622 1761 982 1826 expeditionem
1017 1760 1451 1818 commendabant,
1491 1763 1544 1808 ut
1577 1762 1715 1809 multi
1747 1762 1796 1810 in
1829 1762 1993 1825 palae-

329 1843 444 1892 stris
480 1842 774 1905 exedrisque
807 1842 1035 1890 sedentes
1077 1840 1284 1889 formam
1319 1841 1506 1890 insulae
1541 1844 1590 1889 et
1624 1842 1773 1889 situm
1806 1840 1996 1905 Libyae

330 1923 740 1989 Carthaginisque
790 1920 1146 1971 describerent.
1234 1921 1464 1970 Socrates
1518 1924 1681 1970 autem
1726 1926 1778 1969 et
1820 1920 1992 1970 Meton

330 2003 605 2066 astrologus
630 2002 748 2050 nihil
767 2001 953 2067 civitati
979 2001 1091 2048 boni
1117 2017 1177 2049 ex
1207 2018 1263 2049 ea
1285 2002 1599 2066 expeditione
1615 2001 1992 2064 augurabantur,

328 2085 429 2145 ille,
464 2083 663 2148 opinor,
719 2083 848 2147 quod
878 2082 1049 2145 genius
1083 2081 1166 2130 ille
1200 2081 1456 2130 familiaris
1491 2097 1732 2145 apparens
1767 2086 1990 2128 eventum

328 2163 376 2213 ei
408 2163 741 2229 praedicebat,
778 2162 876 2221 hic,
912 2162 1017 2210 sive
1045 2177 1104 2209 ex
1141 2163 1503 2226 computatione
1538 2162 1718 2208 timens
1753 2159 1816 2207 de
1849 2159 1989 2207 futu-

327 2243 399 2311 ris·
422 2244 523 2292 sive
541 2242 698 2306 aliqua
713 2247 857 2290 utens
873 2241 1186 2297 divinatione,
1211 2241 1444 2288 insaniam
1471 2239 1712 2287 simulavit
1728 2243 1779 2286 et
1792 2242 1990 2302 arrepta

325 2322 435 2373 face
467 2323 673 2372 ardente
705 2322 903 2369 domum
940 2335 1076 2368 suam
1109 2320 1373 2368 incendere
1413 2314 1673 2366 instituit.’'
1738 2317 1988 2373 Plutarch.

326 2405 411 2455 vit.
447 2404 554 2454 Alc.
593 2405 670 2450 17.
740 2401 879 2449 Haec
913 2407 1075 2448 autem
1111 2415 1171 2447 eo
1205 2400 1314 2462 ipso
1349 2404 1592 2461 tempore,
1631 2413 1726 2461 quo
1761 2396 1988 2445 commis-

326 2499 408 2534 sas
443 2483 532 2532 has
565 2481 754 2532 fabulas
789 2497 901 2529 esse
934 2479 1272 2537 decrevimus,
1320 2479 1530 2526 fiebant:
1573 2493 1689 2525 vere
1736 2478 1863 2525 enim
1905 2476 1989 2524 in-

327 2570 492 2624 eunte,
527 2579 674 2628 quum
711 2562 858 2627 legati
892 2560 1147 2625 Segestam
1171 2559 1306 2607 missi
1341 2575 1369 2607 e
1394 2558 1561 2606 Sicilia
1585 2557 1848 2618 redissent,
1883 2554 1988 2604 bel-

331 2647 450 2706 lum,
483 2649 541 2694 ut
575 2643 803 2702 diximus,
838 2641 1004 2706 parari
1037 2645 1268 2705 coeptum
1304 2643 1395 2686 est.

740 2922 809 2977 Β.
894 2919 1572 2976 Palamedes.

451 3043 611 3092 Huius
655 3042 940 3106 tragoediae
983 3056 1079 3090 non
1120 3040 1271 3088 multa
1305 3038 1534 3102 quidem,
1571 3036 1658 3085 sed
1692 3033 1895 3097 insignia
1927 3048 1984 3081 ac

329 3124 595 3191 perspicua
642 3122 916 3187 fragmenta
964 3125 1189 3178 exstant,
1241 3135 1350 3167 cum
1387 3119 1472 3177 iis,
1519 3133 1643 3181 quae
1682 3104 1882 3164 Serviusv
1921 3112 1983 3160 ad

323 3206 445 3256 Aen.
475 3203 535 3263 ll,
569 3204 648 3250 80.
686 3208 736 3250 et
770 3202 1012 3264 imprimis
1049 3198 1382 3248 Philostratus
1420 3197 1541 3257 Her.
1587 3195 1648 3247 X.
1690 3210 1730 3242 c.
1757 3196 1802 3242 8.
1827 3199 1876 3240 et
1904 3194 1981 3240 12.

323 3284 564 3342 referunt,
599 3282 930 3344 congruentia.
999 3279 1373 3341 Discrepantem
1421 3276 1635 3325 fabulam
1682 3273 1905 3336 Hyginus
1940 3287 1981 3320 c.

325 3365 436 3414 105.
471 3360 736 3411 memoriae
769 3360 1003 3425 prodidit.
1073 3358 1195 3406 Cum
1230 3357 1531 3405 Philostrato
1577 3359 1736 3403 autem
1770 3351 1982 3400 Tzetzes
2038 3372 2045 3384 =

325 3443 373 3491 in
424 3442 682 3491 Antehom.
734 3441 830 3488 265
881 3455 1018 3503 seqq.
1060 3435 1333 3501 conspirat,
1385 3435 1517 3499 quod
1559 3440 1634 3484 est
1680 3432 1867 3495 siguum
1920 3443 1981 3478 ex
