2170 3848
1079 276 1160 334 28

296 424 382 490 qui
423 424 566 490 plane
609 421 916 487 obstupescit
962 438 1078 471 suos
1113 422 1284 472 videns
1317 421 1511 472 funesto
1543 423 1713 475 habitu
1746 427 1960 490 ornatoS,

295 505 604 554 lacrimantes
650 507 702 551 et
735 503 796 550 ad
832 518 990 565 genua
1024 519 1112 552 sua
1147 502 1435 567 suppliciter
1467 514 1807 566 accurrentes3
1857 512 1962 556 tum

296 583 500 648 cognitis
535 581 680 630 rebus
714 582 1019 645 edoctusque
1054 582 1116 630 de
1150 582 1301 630 caede
1336 581 1573 644 affinium,
1609 585 1672 632 de
1696 585 1818 649 Lyci
1853 603 1962 635 sae-

294 663 439 721 vitia,
489 661 553 709 de
585 661 777 724 ingrato
811 660 1157 709 Thebanorum
1193 664 1382 722 animo,
1435 663 1755 714 vehementer
1805 667 1961 714 iratus

295 741 459 790 statim
507 741 697 805 tyranni
733 741 931 788 domum
968 747 1190 790 evertere
1224 743 1479 807 ipsiusque
1513 749 1659 807 caput
1691 745 1963 794 abscissum

296 820 497 870 canibus
531 821 806 884 proiicere,
853 821 1029 869 civium
1066 827 1228 870 autem
1266 838 1585 886 quoscunque
1618 813 1848 888 ingratos*
1871 824 1964 872 de-

292 899 614 966 prehenderit
669 900 801 948 clava
839 901 1053 964 telisque
1087 907 1310 949 sternere
1360 918 1416 949 ac
1450 902 1581 950 rivos
1616 909 1783 968 strage
1818 901 1963 952 cada-

292 996 463 1029 verum
507 979 714 1043 implere
756 981 1020 1029 constituit.
1106 980 1259 1029 Cuius
1293 981 1529 1044 impetum
1564 983 1839 1046 reprimens
1873 999 1966 1048 pa-

293 1066 371 1110 ter
395 1065 575 1117 monet,
613 1075 676 1108 ne
698 1065 888 1108 temere
916 1064 1001 1108 aut
1029 1061 1126 1110 vita
1159 1061 1427 1123 periclitari
1461 1066 1545 1109 aut
1579 1058 1821 1111 civitatem
1855 1070 1964 1112 tur-

291 1141 412 1191 bare
439 1139 584 1188 velit:
619 1155 841 1187 caussam
870 1141 997 1188 enim
1021 1140 1274 1188 seditionis
1309 1140 1524 1204 inopiam
1561 1157 1676 1191 esse
1708 1143 1963 1201 nobilium,

293 1221 379 1286 qui
407 1219 710 1284 patrimoniis
735 1235 826 1284 per
860 1219 1096 1267 desidiam
1134 1225 1454 1283 sumptusque
1489 1219 1780 1270 immodicos
1817 1222 1964 1273 dissi-

292 1302 446 1368 patiS,
494 1305 547 1348 ut
591 1299 777 1363 rapinis
825 1299 1028 1347 divitum
1066 1315 1173 1347 rem
1210 1298 1500 1347 familiarem
1536 1300 1778 1365 perditam
1814 1302 1962 1351 resti-

290 1385 503 1438 tuerent,
543 1385 800 1442 tyrannum
835 1378 885 1426 in
919 1379 1165 1427 civitatem
1201 1377 1496 1428 induxerint.
1576 1379 1789 1430 Proinde
1824 1371 1963 1446 prius

291 1462 413 1511 deos
459 1463 663 1526 penates
710 1459 923 1507 salutare
968 1458 1104 1507 iubet
1147 1463 1199 1507 et
1245 1459 1551 1507 occasionem
1600 1460 1673 1508 rei
1715 1461 1963 1524 gerendae

292 1539 529 1606 opperiri.
585 1538 695 1600 Quo
730 1538 936 1586 consilio
970 1539 1194 1603 probato,
1232 1554 1377 1602 porro
1400 1538 1642 1587 Hercules
1668 1542 1791 1604 patri
1815 1557 1962 1605 quae·

291 1621 421 1670 renti
450 1625 628 1678 narrat,
665 1617 934 1667 Cerberum
966 1633 1127 1681 pugna
1153 1619 1334 1666 victum
1363 1623 1414 1666 et
1442 1619 1490 1666 in
1516 1618 1675 1668 lucem
1706 1636 1732 1668 a
1759 1637 1814 1670 se
1846 1636 1962 1685 pro-

283 1705 503 1750 tractum
537 1699 587 1746 in
622 1697 836 1745 Hecates
870 1698 1034 1745 lucum
1068 1697 1489 1760 Hermionumque
1524 1700 1764 1748 civitatem
1798 1707 1963 1764 porta-

289 1786 395 1830 tum
432 1794 559 1837 esse,
601 1793 760 1840 neque
796 1776 955 1824 minus
989 1775 1239 1824 Theseum
1277 1793 1338 1824 ex
1372 1793 1488 1825 orco
1522 1780 1782 1828 reductum
1807 1786 1962 1845 ‘atque

288 1860 478 1925 patriae
495 1857 780 1907 restitutum
809 1871 945 1915 esse3
981 1855 1189 1918 denique
1217 1871 1271 1904 se
1306 1862 1579 1920 mystarum
1612 1860 1740 1923 apud
1776 1860 1962 1908 inferos

290 1939 443 1989 sacris
479 1935 868 1997 ceremoniisque
901 1935 1159 1984 initiatum.
1217 1935 1344 1983 Tum
1382 1937 1642 1986 liberorum
1675 1923 1961 2003 uxorisque,

290 2034 447 2083 usque
472 2015 841 2074 lacrimantium,
873 2016 1184 2063 trementium
1214 2016 1530 2079 vestibusque
1567 2018 1670 2066 eius
1704 2019 1961 2068 inhaeren-

288 2098 430 2158 tium,
451 2097 639 2145 animos
666 2094 940 2152 confirmat,
976 2101 1124 2158 atque
1158 2095 1230 2143 sic
1260 2096 1396 2143 navis
1432 2097 1585 2144 instar
1619 2098 1826 2160 scaphas
1861 2103 1959 2147 tra-

288 2177 452 2228 hentis
487 2175 737 2224 carissima
768 2174 974 2238 pignora
1005 2175 1055 2222 in
1090 2174 1288 2223 domum
1323 2177 1532 2234 reducit,
1567 2177 1648 2224 ubi
1683 2193 1795 2225 mox
1830 2178 1956 2226 eius·

290 2257 403 2306 dem
428 2256 603 2321 patris,
639 2271 782 2319 quem
818 2254 945 2302 Iovis
978 2254 1132 2302 instar
1158 2255 1433 2303 Servatoris
1468 2255 1679 2320 amplexi
1715 2264 1846 2317 sunt,
1880 2258 1961 2306 fu-

290 2352 403 2387 rore
450 2335 656 2401 perituri
701 2340 829 2384 sunt.
899 2333 1141 2382 Restituti
1173 2335 1222 2383 in
1257 2335 1471 2398 domum,
1507 2353 1567 2384 ex
1602 2353 1695 2399 qua
1731 2344 1961 2402 tyranno-

289 2433 399 2466 rum
435 2415 611 2464 iniuria
645 2414 789 2463 eiecti
824 2420 965 2474 sunt,
1012 2415 1190 2462 redditi
1225 2415 1403 2462 laribus
1439 2418 1828 2480 penatibusque,
1874 2430 1961 2465 re-

288 2501 433 2561 cepto
468 2502 634 2561 patre,
670 2510 815 2557 quem
851 2499 1078 2558 tanquam
1112 2495 1368 2558 scopulum
1402 2497 1620 2559 naufragi
1655 2496 1960 2561 amplectun-

290 2581 397 2636 tur,
446 2575 764 2624 securitatem
799 2574 929 2622 nacti
964 2589 1027 2622 ex
1060 2580 1375 2637 tempestate,
1412 2576 1535 2624 haec
1569 2577 1746 2635 omnia,
1781 2576 1959 2638 quibus

290 2657 559 2714 confidunt,
594 2655 869 2720 perniciosa
903 2653 1115 2713 habent3
1151 2660 1202 2702 et
1244 2654 1505 2712 Hercules,
1541 2657 1622 2718 qui
1658 2656 1740 2702 lux
1774 2654 1961 2704 affulsit

289 2736 494 2787 moestis
538 2735 879 2799 perditisque,
925 2734 1010 2796 qui
1055 2734 1157 2781 suis
1204 2734 1438 2798 opitulari
1484 2736 1639 2783 maius
1689 2751 1802 2782 esse
1835 2735 1961 2783 dixit

290 2832 435 2882 quam
499 2832 608 2863 cnm
650 2815 871 2862 leonibus
919 2812 1192 2877 hydrisque
1224 2829 1469 2877 pugnare,
1517 2814 1713 2862 domum
1761 2830 1959 2864 servare

288 2896 616 2961 praestantius
661 2911 804 2958 quam
852 2894 1023 2942 orbem
1068 2898 1307 2941 terrarum
1342 2910 1579 2957 purgare,
1631 2895 1808 2956 quiex
1841 2909 1959 2942 orco

289 2991 518 3026 reversus
552 2975 670 3023 nihil
706 2976 840 3040 prius
887 2989 1047 3036 neque
1081 2973 1326 3036 antiquius
1361 2975 1529 3022 habuit
1564 2990 1708 3036 quam
1738 2989 1852 3021 suos
1887 2974 1957 3021 vi-

292 3073 429 3118 sere,
479 3055 560 3120 qui
596 3069 796 3103 suorum
832 3054 1117 3117 patriaeque
1151 3069 1318 3102 amore
1352 3070 1413 3102 ne
1447 3055 1507 3101 ab
1543 3054 1726 3117 Ulysse
1759 3052 1959 3116 quidem

291 3152 348 3185 se
381 3136 506 3184 vinci
542 3135 785 3192 ostendit,
837 3135 878 3181 is
913 3134 1057 3196 igitur
1093 3148 1151 3180 eo
1185 3133 1294 3197 ipso
1329 3138 1579 3197 tempore,
1629 3150 1724 3196 quo
1759 3133 1959 3192 liberos,

289 3231 492 3264 uxorem
528 3222 878 3278 parentemque
912 3213 1182 3273 vindicare,
1219 3229 1314 3275 quo
1363 3214 1598 3262 ultionem
1636 3212 1958 3260 contumelia-

289 3310 416 3357 rum,
453 3295 627 3358 quibus
662 3293 830 3342 affecti
863 3297 993 3355 sunt,
1027 3309 1200 3356 parare
1234 3294 1420 3351 studet,
1455 3293 1558 3341 suis
1591 3282 1818 3341 manibus*
1844 3291 1957 3338 illos

291 3389 383 3438 pro
425 3373 647 3425 hostibus
693 3374 922 3424 trucidat.
1001 3373 1156 3424 Deme
1202 3373 1335 3422 hunc
1380 3379 1542 3423 actum
1585 3387 1646 3420 ex
1681 3369 1957 3436 tragoedia,
