2202 3892
938 240 1060 301 255

291 390 582 457 τυμπάνων
617 388 817 456 ἰάκχρις

292 550 478 616 κώπην
509 550 950 617 χρυσόκολλον*).

161 633 361 682 Interim
398 635 580 691 duceS‚
614 634 661 680 in
698 631 954 680 consilium
990 628 1051 677 ab
1086 627 1449 692 Agamemnone
1482 626 1669 684 vocati,
1717 639 1834 673 con·

161 719 415 763 venerunt.
485 714 553 762 lbi
590 712 877 761 Palamedes
913 724 987 766 se,
1023 723 1171 771 quum
1208 723 1323 772 spes
1359 707 1537 756 fuisset
1572 705 1721 754 Lesbi
1749 720 1834 753 ex·

163 795 481 856 pugnandae‚
535 809 594 842 ex
643 791 805 840 medio
848 804 1015 838 rerum
1050 788 1374 851 gerendarum
1411 804 1556 836 cursu
1590 786 1639 833 in
1677 791 1835 833 castra

164 860 432 922 refractum
473 888 585 921 esse
631 872 883 934 queritur3
937 869 1002 919 cf.
1048 868 1439 927 Philostratum,
1493 867 1632 916 cuius
1676 867 1837 930 paen'e

167 953 356 1016 singula
401 953 552 1001 verba
597 968 708 1000 cum
755 948 956 999 Tzetzis
1003 950 1166 998 verbis
1204 953 1508 1011 congruunt.
1554 946 1751 1009 „Quum
1782 945 1837 992 in

166 1038 328 1083 castra
359 1033 610 1082 redissent
643 1037 694 1079 et
726 1029 1016 1079 Palamedes
1052 1030 1114 1078 de
1149 1031 1296 1078 rebus
1331 1029 1487 1094 gestis
1510 1027 1837 1092 exposuisset,

167 1120 343 1163 cuncta
377 1113 556 1163 Achilli
589 1111 878 1170 attribuens,
948 1110 992 1158 0
1026 1126 1143 1167 rex,
1191 1111 1375 1173 inquit,
1420 1109 1563 1158 iubes
1605 1123 1684 1156 me
1717 1106 1839 1155 Per-

166 1210 310 1258 gama
354 1208 664 1258 oppugnare3
715 1206 808 1254 ego
855 1205 972 1239 vero
1018 1191 1270 1239 machinas
1306 1189 1530 1253 egregias
1564 1203 1678 1236 esse
1710 1186 1838 1235 arbi-

166 1280 272 1324 tror
317 1273 556 1322 Aeacidas
601 1277 654 1320 et
688 1271 971 1336 Capaneum
1016 1277 1070 1320 et
1102 1270 1332 1334 Tydeum
1381 1275 1434 1318 et
1479 1267 1755 1316 Locrenses
1790 1271 1842 1315 et

167 1352 451 1402 Patroclum
476 1358 528 1399 et
552 1351 782 1410 Aiacem3
817 1351 892 1399 sin
921 1350 1200 1399 inanimatis
1227 1365 1424 1414 quoque
1448 1348 1686 1397 machinis
1714 1362 1840 1412 opus

168 1437 264 1494 est,
299 1432 397 1480 iam
428 1432 646 1489 Troiam,
670 1437 902 1496 quantum
925 1432 973 1479 in
1000 1447 1081 1479 me
1107 1436 1202 1490 est,
1231 1430 1396 1478 iacere
1424 1428 1650 1494 putate.''
1701 1428 1842 1477 Haec

171 1529 283 1563 cum
302 1512 587 1561 Palamedes
605 1512 780 1575 partim
808 1511 1319 1576 exprobranspartim
1342 1526 1544 1573 operam
1572 1525 1709 1558 suam
1731 1509 1839 1573 pol·

169 1593 323 1642 licens
357 1593 588 1650 dixisset,
625 1592 762 1640 venit
794 1608 967 1641 servus
1003 1594 1064 1640 ab
1098 1591 1285 1655 Ulysse
1320 1591 1613 1639 subornatus
1649 1595 1700 1638 et
1734 1589 1841 1654 epi·

170 1674 347 1722 stolam
380 1673 513 1720 illam
547 1672 752 1734 falsam,
807 1689 951 1737 quam
996 1673 1236 1732 diximus,
1285 1673 1335 1719 in
1370 1686 1543 1719 manus
1576 1670 1709 1734 regis
1741 1674 1843 1718 tra-

170 1754 312 1803 didit.
363 1753 472 1814 Qua
495 1753 654 1816 palam
682 1753 904 1810 recitata,
933 1752 1244 1816 stupentibus
1274 1752 1517 1810 omnibus,
1551 1750 1845 1799 Palamedes

172 1834 338 1881 fictam
370 1833 615 1880 fallaciam
652 1832 1042 1894 calumniamque
1076 1832 1138 1880 ad
1173 1847 1228 1879 se
1261 1831 1572 1895 perdendum
1606 1835 1844 1880 structam

174 1929 287 1962 esse
319 1912 551 1960 affirmat.
619 1912 694 1960 Ad
731 1912 856 1960 hanc
891 1913 1227 1975 quaestionem
1266 1911 1434 1960 refero
1470 1911 1644 1974 fragm.
1681 1911 1843 1960 incer-

173 2000 277 2042 tum
324 2009 353 2040 a
399 1991 683 2057 Chrysippo
731 1992 931 2040 allatum
983 1990 1071 2055 (cf.
1107 1993 1285 2057 Bergk.
1324 2000 1586 2043 comment.
1626 1991 1688 2041 de
1723 1990 1844 2040 Chr.

174 2073 284 2122 libr.
310 2086 366 2121 π.
401 2069 568 2136 ἄποφ.
605 2090 656 2138 p.
693 2069 827 2134 35.):

307 2150 408 2202 οὐκ
443 2146 591 2202 οἶδα·
625 2148 851 2216 τάληθὲς
882 2148 986 2216 γὰρ
1020 2148 1254 2217 ἀσφαλὲς
1292 2149 1507 2216 φράσαι.

173 2233 381 2284 Nescire
413 2249 468 2282 se
502 2233 640 2292 dicit,
677 2233 793 2298 quid
827 2233 874 2281 iu
921 2234 1131 2297 epistola
1177 2233 1419 2297 scriptum
1465 2233 1555 2291 sit,
1603 2232 1850 2297 simulque

174 2314 376 2364 iusidias
411 2329 466 2362 se
499 2314 657 2362 vereri
695 2313 955 2377 significat.
1744 2302 1750 2304 ”

305 2393 459 2443 Cuius
492 2394 816 2458 patrocinium
842 2409 898 2442 se
925 2395 1179 2459 suscipere
1213 2393 1446 2449 simulans
1480 2393 1693 2458 Ulysses
1731 2409 1847 2458 spe·

176 2475 251 2524 cie
298 2473 597 2523 defensionis
642 2480 996 2524 commemorat
1041 2491 1126 2535 ea,
1176 2475 1356 2539 quibus
1402 2474 1621 2537 suspicio
1669 2473 1848 2522 confir-

177 2558 338 2620 metur
351 2551 462 2617 **):

292 2625 632 2698 Ἀγάμεμνον,
668 2632 1005 2700 ἀνθρώποισι
1037 2637 1199 2684 πᾶσιν
1233 2631 1290 2683 αἱ
1320 2630 1497 2699 τέχναι

304 2709 522 2778 μορφὴν
554 2709 732 2781 ἔχουσι
765 2713 1067 2782 συντρέχειν
1101 2713 1173 2775 εἰς
1205 2714 1447 2781 χρήματα
1461 2712 1594 2778 ***),

233 2881 278 2934 *)
315 2879 524 2922 Servavit
551 2882 707 2925 Pollux
736 2884 798 2936 X,
838 2883 910 2929 31.
940 2900 983 2940 p.
1012 2882 1122 2937 491,
1162 2883 1232 2926 20.
1261 2884 1316 2926 de
1346 2881 1504 2939 gladio
1545 2882 1715 2925 dictum
1755 2892 1852 2922 esse

319 2951 563 2994 ostendens.

208 3020 285 3074 ἢ)
318 3020 525 3063 Servius:
571 3022 772 3074 „citatus
818 3028 885 3067 est
932 3026 1212 3068 Palamedes.
1289 3023 1493 3079 Epistola
1531 3021 1575 3064 in
1613 3023 1850 3076 conspectu

317 3091 568 3146 principum
599 3094 739 3144 lecta,
780 3094 1094 3138 simulabat
1124 3110 1216 3138 reo
1257 3095 1459 3136 adesse
1499 3093 1719 3149 Ulyxes
1749 3104 1853 3132 sua-

318 3162 555 3215 debatque,
589 3168 637 3203 ut
666 3176 825 3206 aurum
856 3165 899 3207 in
929 3167 1116 3208 tentorio
1146 3167 1277 3208 situm
1307 3163 1646 3219 inquireretur.'’
1705 3160 1852 3217 Hygi-

322 3245 426 3273 nus:
467 3233 653 3286 „ltaque
684 3235 951 3278 Palamedes
981 3251 1084 3278 cum
1113 3238 1170 3279 ad
1200 3250 1356 3292 regem
1384 3240 1500 3278 esset
1529 3234 1770 3290 productus
1799 3233 1857 3272 et

323 3300 347 3342 f
353 3315 380 3343 a
391 3316 414 3342 c
427 3306 442 3343 t
454 3315 483 3343 u
494 3317 539 3343 m
569 3317 597 3343 n
609 3318 634 3345 e
646 3319 678 3360 g
687 3317 714 3346 a
726 3318 750 3346 r
760 3319 784 3347 e
796 3310 814 3347 t
826 3338 839 3359 ,
870 3305 916 3349 iu
944 3308 1281 3350 tabernaculum
1310 3307 1406 3349 eius
1435 3307 1613 3350 iverunt
1632 3309 1676 3347 et
1698 3314 1854 3346 aurum

324 3371 618 3415 effoderunt.''

184 3440 293 3495 ”³5
321 3440 399 3552 {ic
425 3442 604 3500 Pflugk.
627 3443 672 3488 in
693 3444 946 3491 Zimmerm.
978 3447 1162 3493 scientia
1194 3447 1329 3503 antiq.
1344 3445 1470 3492 184⁰.
1500 3461 1543 3502 p.
1558 3441 1684 3488 1229.
1708 3454 1858 3484 emen-

355 3511 459 3555 avit.
