<?xml version="1.0" encoding="UTF-8"?>
<!DOCTYPE html PUBLIC "-//W3C//DTD XHTML 1.0 Transitional//EN"
    "http://www.w3.org/TR/xhtml1/DTD/xhtml1-transitional.dtd">
<html xmlns="http://www.w3.org/1999/xhtml" xml:lang="en" lang="en">
 <head>
  <title>
</title>
<meta http-equiv="Content-Type" content="text/html;charset=utf-8" />
  <meta name='ocr-system' content='tesseract 3.04.00' />
  <meta name='ocr-capabilities' content='ocr_page ocr_carea ocr_par ocr_line ocrx_word'/>
</head>
<body>
  <div class='ocr_page' id='page_1' title='image "./euripidesrestitu02hartuoft_0480.png"; bbox 0 0 2170 3866; ppageno 0'>
   <div class='ocr_carea' id='block_1_1' title="bbox 1154 247 1292 305">
    <p class='ocr_par' dir='ltr' id='par_1_1' title="bbox 1154 247 1292 305">
     <span class='ocr_line' id='line_1_1' title="bbox 1154 247 1292 305; baseline -0.014 0"><span class='ocrx_word' id='word_1_1' title='bbox 1154 247 1292 305; x_wconf 79' lang='lat'>468-</span> 
     </span>
    </p>
   </div>
   <div class='ocr_carea' id='block_1_2' title="bbox 366 392 2084 2060">
    <p class='ocr_par' dir='ltr' id='par_1_2' title="bbox 366 392 2084 2060">
     <span class='ocr_line' id='line_1_2' title="bbox 366 392 2070 461; baseline -0.002 -13"><span class='ocrx_word' id='word_1_2' title='bbox 366 412 479 448; x_wconf 91' lang='lat' dir='ltr'><strong>cum</strong></span> <span class='ocrx_word' id='word_1_3' title='bbox 526 394 685 445; x_wconf 85' lang='lat' dir='ltr'><strong>fratre</strong></span> <span class='ocrx_word' id='word_1_4' title='bbox 729 392 1083 459; x_wconf 87' lang='lat' dir='ltr'><strong>congrediendi</strong></span> <span class='ocrx_word' id='word_1_5' title='bbox 1127 393 1414 453; x_wconf 84' lang='lat' dir='ltr'><strong>voluntate,</strong></span> <span class='ocrx_word' id='word_1_6' title='bbox 1461 393 1700 446; x_wconf 87' lang='lat' dir='ltr'><strong>adversus</strong></span> <span class='ocrx_word' id='word_1_7' title='bbox 1734 411 1878 458; x_wconf 86' lang='lat' dir='ltr'><strong>eum,</strong></span> <span class='ocrx_word' id='word_1_8' title='bbox 1926 395 2070 461; x_wconf 84' lang='lat' dir='ltr'><strong>quasi</strong></span> 
     </span>
     <span class='ocr_line' id='line_1_3' title="bbox 367 474 2071 542; baseline -0.001 -16"><span class='ocrx_word' id='word_1_9' title='bbox 367 482 508 526; x_wconf 82' lang='lat' dir='ltr'>sorte</span> <span class='ocrx_word' id='word_1_10' title='bbox 538 475 602 524; x_wconf 90' lang='lat' dir='ltr'><strong>ad</strong></span> <span class='ocrx_word' id='word_1_11' title='bbox 635 474 689 523; x_wconf 91' lang='lat' dir='ltr'><strong>id</strong></span> <span class='ocrx_word' id='word_1_12' title='bbox 725 474 950 523; x_wconf 81' lang='lat' dir='ltr'><strong>delectus</strong></span> <span class='ocrx_word' id='word_1_13' title='bbox 986 475 1070 534; x_wconf 90' lang='lat' dir='ltr'><strong>sit,</strong></span> <span class='ocrx_word' id='word_1_14' title='bbox 1107 476 1383 524; x_wconf 82' lang='lat' dir='ltr'><strong>consistere</strong></span> <span class='ocrx_word' id='word_1_15' title='bbox 1415 475 1659 538; x_wconf 87' lang='lat' dir='ltr'><strong>decernit,</strong></span> <span class='ocrx_word' id='word_1_16' title='bbox 1693 476 1830 529; x_wconf 85' lang='lat' dir='ltr'><strong>nulla</strong></span> <span class='ocrx_word' id='word_1_17' title='bbox 1858 480 2071 542; x_wconf 81' lang='lat' dir='ltr'><strong>cogente</strong></span> 
     </span>
     <span class='ocr_line' id='line_1_4' title="bbox 369 550 2070 622; baseline -0.001 -16"><span class='ocrx_word' id='word_1_18' title='bbox 369 556 686 606; x_wconf 81' lang='lat' dir='ltr'><strong>necessitate.</strong></span> <span class='ocrx_word' id='word_1_19' title='bbox 769 554 938 602; x_wconf 90' lang='lat' dir='ltr'><strong>Potuit</strong></span> <span class='ocrx_word' id='word_1_20' title='bbox 978 555 1110 603; x_wconf 90' lang='lat' dir='ltr'><strong>enim</strong></span> <span class='ocrx_word' id='word_1_21' title='bbox 1161 554 1339 614; x_wconf 86' lang='lat' dir='ltr'><strong>alium,</strong></span> <span class='ocrx_word' id='word_1_22' title='bbox 1385 570 1532 618; x_wconf 89' lang='lat' dir='ltr'><strong>quem</strong></span> <span class='ocrx_word' id='word_1_23' title='bbox 1567 557 1719 605; x_wconf 86' lang='lat' dir='ltr'><strong>vellet</strong></span> <span class='ocrx_word' id='word_1_24' title='bbox 1735 581 1754 616; x_wconf 93' lang='lat'><strong>,·</strong></span> <span class='ocrx_word' id='word_1_25' title='bbox 1796 557 1843 604; x_wconf 90' lang='lat' dir='ltr'><strong>ei</strong></span> <span class='ocrx_word' id='word_1_26' title='bbox 1875 550 2070 622; x_wconf 88' lang='lat' dir='ltr'><strong>portae,</strong></span> 
     </span>
     <span class='ocr_line' id='line_1_5' title="bbox 370 635 2072 701; baseline -0.001 -16"><span class='ocrx_word' id='word_1_27' title='bbox 370 652 517 701; x_wconf 88' lang='lat' dir='ltr'><strong>quam</strong></span> <span class='ocrx_word' id='word_1_28' title='bbox 552 635 709 684; x_wconf 81' lang='lat' dir='ltr'><strong>frater</strong></span> <span class='ocrx_word' id='word_1_29' title='bbox 743 641 1116 699; x_wconf 75' lang='lat' dir='ltr'>oppugnaturus</span> <span class='ocrx_word' id='word_1_30' title='bbox 1153 640 1275 693; x_wconf 86' lang='lat' dir='ltr'><strong>erat,</strong></span> <span class='ocrx_word' id='word_1_31' title='bbox 1309 635 1587 698; x_wconf 82' lang='lat' dir='ltr'><strong>praeficere</strong></span> <span class='ocrx_word' id='word_1_32' title='bbox 1629 642 1680 684; x_wconf 91' lang='lat' dir='ltr'><strong>et</strong></span> <span class='ocrx_word' id='word_1_33' title='bbox 1706 635 1866 700; x_wconf 86' lang='lat' dir='ltr'><strong>magis</strong></span> <span class='ocrx_word' id='word_1_34' title='bbox 1902 636 2072 684; x_wconf 78' lang='lat' dir='ltr'><strong>decuit</strong></span> 
     </span>
     <span class='ocr_line' id='line_1_6' title="bbox 369 715 2073 779; baseline -0.002 -14"><span class='ocrx_word' id='word_1_35' title='bbox 369 718 723 779; x_wconf 84' lang='lat' dir='ltr'><strong>imperatorem</strong></span> <span class='ocrx_word' id='word_1_36' title='bbox 762 715 957 763; x_wconf 83' lang='lat' dir='ltr'><strong>moenia</strong></span> <span class='ocrx_word' id='word_1_37' title='bbox 993 716 1133 763; x_wconf 90' lang='lat' dir='ltr'><strong>obire</strong></span> <span class='ocrx_word' id='word_1_38' title='bbox 1159 720 1307 778; x_wconf 87' lang='lat' dir='ltr'><strong>atque</strong></span> <span class='ocrx_word' id='word_1_39' title='bbox 1332 716 1512 763; x_wconf 84' lang='lat' dir='ltr'><strong>adesse</strong></span> <span class='ocrx_word' id='word_1_40' title='bbox 1537 715 1892 776; x_wconf 86' lang='lat' dir='ltr'><strong>laborantibus,</strong></span> <span class='ocrx_word' id='word_1_41' title='bbox 1927 731 2073 778; x_wconf 83' lang='lat' dir='ltr'><strong>quam</strong></span> 
     </span>
     <span class='ocr_line' id='line_1_7' title="bbox 375 794 2074 860; baseline -0.002 -14"><span class='ocrx_word' id='word_1_42' title='bbox 375 813 473 846; x_wconf 88' lang='lat' dir='ltr'><strong>uno</strong></span> <span class='ocrx_word' id='word_1_43' title='bbox 539 803 753 844; x_wconf 87' lang='lat' dir='ltr'><strong>stantem</strong></span> <span class='ocrx_word' id='word_1_44' title='bbox 813 794 921 842; x_wconf 92' lang='lat' dir='ltr'><strong>loco</strong></span> <span class='ocrx_word' id='word_1_45' title='bbox 971 811 1144 859; x_wconf 88' lang='lat' dir='ltr'><strong>parem</strong></span> <span class='ocrx_word' id='word_1_46' title='bbox 1199 811 1255 843; x_wconf 91' lang='lat' dir='ltr'><strong>se</strong></span> <span class='ocrx_word' id='word_1_47' title='bbox 1303 794 1508 858; x_wconf 88' lang='lat' dir='ltr'><strong>reliquis</strong></span> <span class='ocrx_word' id='word_1_48' title='bbox 1555 802 1823 858; x_wconf 89' lang='lat' dir='ltr'><strong>praestare.</strong></span> <span class='ocrx_word' id='word_1_49' title='bbox 1906 795 2074 860; x_wconf 87' lang='lat' dir='ltr'><strong>Pugna</strong></span> 
     </span>
     <span class='ocr_line' id='line_1_8' title="bbox 374 874 2076 940; baseline -0.002 -15"><span class='ocrx_word' id='word_1_50' title='bbox 374 880 603 926; x_wconf 89' lang='lat' dir='ltr'><strong>eventum</strong></span> <span class='ocrx_word' id='word_1_51' title='bbox 640 876 794 924; x_wconf 90' lang='lat' dir='ltr'><strong>habet</strong></span> <span class='ocrx_word' id='word_1_52' title='bbox 823 891 971 930; x_wconf 90' lang='lat' dir='ltr'><strong>eum,</strong></span> <span class='ocrx_word' id='word_1_53' title='bbox 1022 890 1171 938; x_wconf 86' lang='lat' dir='ltr'><strong>quem</strong></span> <span class='ocrx_word' id='word_1_54' title='bbox 1207 875 1345 923; x_wconf 84' lang='lat' dir='ltr'><strong>dedit</strong></span> <span class='ocrx_word' id='word_1_55' title='bbox 1379 880 1486 923; x_wconf 91' lang='lat' dir='ltr'><strong>tum</strong></span> <span class='ocrx_word' id='word_1_56' title='bbox 1523 876 1749 940; x_wconf 84' lang='lat' dir='ltr'><strong>corporis</strong></span> <span class='ocrx_word' id='word_1_57' title='bbox 1783 881 1889 924; x_wconf 92' lang='lat' dir='ltr'><strong>tum</strong></span> <span class='ocrx_word' id='word_1_58' title='bbox 1925 874 2076 923; x_wconf 87' lang='lat' dir='ltr'><strong>animi</strong></span> 
     </span>
     <span class='ocr_line' id='line_1_9' title="bbox 373 954 2076 1019; baseline -0.002 -14"><span class='ocrx_word' id='word_1_59' title='bbox 373 958 563 1016; x_wconf 83' lang='lat' dir='ltr'><strong>virtus,</strong></span> <span class='ocrx_word' id='word_1_60' title='bbox 625 956 762 1005; x_wconf 92' lang='lat' dir='ltr'><strong>nullo</strong></span> <span class='ocrx_word' id='word_1_61' title='bbox 809 955 1043 1004; x_wconf 85' lang='lat' dir='ltr'><strong>divinitus</strong></span> <span class='ocrx_word' id='word_1_62' title='bbox 1087 954 1235 1003; x_wconf 88' lang='lat' dir='ltr'><strong>allato</strong></span> <span class='ocrx_word' id='word_1_63' title='bbox 1279 962 1560 1014; x_wconf 87' lang='lat' dir='ltr'><strong>momento,</strong></span> <span class='ocrx_word' id='word_1_64' title='bbox 1610 961 1809 1019; x_wconf 88' lang='lat' dir='ltr'><strong>praeter</strong></span> <span class='ocrx_word' id='word_1_65' title='bbox 1854 959 2076 1003; x_wconf 85' lang='lat' dir='ltr'><strong>mutuam</strong></span> 
     </span>
     <span class='ocr_line' id='line_1_10' title="bbox 373 1034 2077 1099; baseline -0.001 -14"><span class='ocrx_word' id='word_1_66' title='bbox 373 1036 587 1086; x_wconf 79' lang='lat' dir='ltr'><strong>fratrum</strong></span> <span class='ocrx_word' id='word_1_67' title='bbox 637 1034 859 1083; x_wconf 88' lang='lat' dir='ltr'><strong>caedem.</strong></span> <span class='ocrx_word' id='word_1_68' title='bbox 943 1034 1129 1082; x_wconf 84' lang='lat' dir='ltr'><strong>Contra</strong></span> <span class='ocrx_word' id='word_1_69' title='bbox 1178 1035 1449 1099; x_wconf 85' lang='lat' dir='ltr'><strong>Euripides</strong></span> <span class='ocrx_word' id='word_1_70' title='bbox 1502 1050 1602 1084; x_wconf 90' lang='lat' dir='ltr'><strong>non</strong></span> <span class='ocrx_word' id='word_1_71' title='bbox 1647 1036 1696 1084; x_wconf 87' lang='lat' dir='ltr'><strong>in</strong></span> <span class='ocrx_word' id='word_1_72' title='bbox 1744 1036 1850 1085; x_wconf 83' lang='lat' dir='ltr'><strong>sola</strong></span> <span class='ocrx_word' id='word_1_73' title='bbox 1897 1034 2077 1084; x_wconf 83' lang='lat' dir='ltr'><strong>bellica</strong></span> 
     </span>
     <span class='ocr_line' id='line_1_11' title="bbox 375 1114 2076 1178; baseline -0.002 -12"><span class='ocrx_word' id='word_1_74' title='bbox 375 1118 558 1166; x_wconf 89' lang='lat' dir='ltr'><strong>virtute</strong></span> <span class='ocrx_word' id='word_1_75' title='bbox 594 1114 887 1163; x_wconf 88' lang='lat' dir='ltr'><strong>illustranda</strong></span> <span class='ocrx_word' id='word_1_76' title='bbox 936 1130 1097 1178; x_wconf 88' lang='lat' dir='ltr'><strong>neque</strong></span> <span class='ocrx_word' id='word_1_77' title='bbox 1148 1115 1197 1162; x_wconf 92' lang='lat' dir='ltr'><strong>in</strong></span> <span class='ocrx_word' id='word_1_78' title='bbox 1240 1115 1479 1163; x_wconf 89' lang='lat' dir='ltr'><strong>imitando</strong></span> <span class='ocrx_word' id='word_1_79' title='bbox 1531 1131 1777 1164; x_wconf 86' lang='lat' dir='ltr'><strong>armorum</strong></span> <span class='ocrx_word' id='word_1_80' title='bbox 1827 1115 2076 1174; x_wconf 82' lang='lat' dir='ltr'><strong>conflictu,</strong></span> 
     </span>
     <span class='ocr_line' id='line_1_12' title="bbox 376 1194 2076 1263; baseline -0.001 -17"><span class='ocrx_word' id='word_1_81' title='bbox 376 1196 727 1263; x_wconf 87' lang='lat' dir='ltr'><strong>proeliantium</strong></span> <span class='ocrx_word' id='word_1_82' title='bbox 781 1194 1027 1254; x_wconf 87' lang='lat' dir='ltr'><strong>tumultu,</strong></span> <span class='ocrx_word' id='word_1_83' title='bbox 1080 1194 1417 1259; x_wconf 88' lang='lat' dir='ltr'><strong>trepidatione</strong></span> <span class='ocrx_word' id='word_1_84' title='bbox 1470 1196 1743 1244; x_wconf 86' lang='lat' dir='ltr'><strong>incolarum</strong></span> <span class='ocrx_word' id='word_1_85' title='bbox 1790 1195 2076 1245; x_wconf 78' lang='lat' dir='ltr'><strong>elaboravit.</strong></span> 
     </span>
     <span class='ocr_line' id='line_1_13' title="bbox 376 1274 2077 1340; baseline -0.002 -12"><span class='ocrx_word' id='word_1_86' title='bbox 376 1279 515 1328; x_wconf 85' lang='lat' dir='ltr'><strong>Idem</strong></span> <span class='ocrx_word' id='word_1_87' title='bbox 549 1274 896 1339; x_wconf 86' lang='lat' dir='ltr'><strong>perspicuitati</strong></span> <span class='ocrx_word' id='word_1_88' title='bbox 933 1290 1124 1323; x_wconf 86' lang='lat' dir='ltr'><strong>summa</strong></span> <span class='ocrx_word' id='word_1_89' title='bbox 1158 1291 1269 1323; x_wconf 93' lang='lat' dir='ltr'><strong>cum</strong></span> <span class='ocrx_word' id='word_1_90' title='bbox 1306 1275 1563 1338; x_wconf 82' lang='lat' dir='ltr'><strong>diligentia</strong></span> <span class='ocrx_word' id='word_1_91' title='bbox 1598 1275 1792 1324; x_wconf 90' lang='lat' dir='ltr'><strong>studuit</strong></span> <span class='ocrx_word' id='word_1_92' title='bbox 1833 1279 1887 1324; x_wconf 92' lang='lat' dir='ltr'><strong>et</strong></span> <span class='ocrx_word' id='word_1_93' title='bbox 1922 1289 2077 1340; x_wconf 88' lang='lat' dir='ltr'><strong>expo-</strong></span> 
     </span>
     <span class='ocr_line' id='line_1_14' title="bbox 379 1353 2081 1419; baseline -0.003 -12"><span class='ocrx_word' id='word_1_94' title='bbox 379 1357 480 1407; x_wconf 89' lang='lat' dir='ltr'><strong>suit</strong></span> <span class='ocrx_word' id='word_1_95' title='bbox 522 1371 621 1404; x_wconf 88' lang='lat' dir='ltr'><strong>non</strong></span> <span class='ocrx_word' id='word_1_96' title='bbox 666 1354 831 1403; x_wconf 89' lang='lat' dir='ltr'><strong>minus</strong></span> <span class='ocrx_word' id='word_1_97' title='bbox 866 1355 1033 1419; x_wconf 88' lang='lat' dir='ltr'><strong>priora</strong></span> <span class='ocrx_word' id='word_1_98' title='bbox 1082 1369 1227 1417; x_wconf 87' lang='lat' dir='ltr'><strong>quam</strong></span> <span class='ocrx_word' id='word_1_99' title='bbox 1262 1355 1568 1418; x_wconf 88' lang='lat' dir='ltr'><strong>posteriora,</strong></span> <span class='ocrx_word' id='word_1_100' title='bbox 1616 1357 1677 1404; x_wconf 91' lang='lat' dir='ltr'><strong>ab</strong></span> <span class='ocrx_word' id='word_1_101' title='bbox 1713 1355 1966 1419; x_wconf 81' lang='lat' dir='ltr'><strong>Aeschylo</strong></span> <span class='ocrx_word' id='word_1_102' title='bbox 2000 1353 2081 1402; x_wconf 88' lang='lat' dir='ltr'><strong>vel</strong></span> 
     </span>
     <span class='ocr_line' id='line_1_15' title="bbox 378 1432 2080 1501; baseline -0.004 -14"><span class='ocrx_word' id='word_1_103' title='bbox 378 1437 610 1501; x_wconf 87' lang='lat' dir='ltr'><strong>neglecta</strong></span> <span class='ocrx_word' id='word_1_104' title='bbox 653 1434 731 1482; x_wconf 78' lang='lat' dir='ltr'><strong>vel</strong></span> <span class='ocrx_word' id='word_1_105' title='bbox 783 1435 995 1499; x_wconf 86' lang='lat' dir='ltr'><strong>carptim</strong></span> <span class='ocrx_word' id='word_1_106' title='bbox 1044 1434 1309 1496; x_wconf 85' lang='lat' dir='ltr'><strong>obiterque</strong></span> <span class='ocrx_word' id='word_1_107' title='bbox 1360 1442 1774 1497; x_wconf 87' lang='lat' dir='ltr'><strong>commemorata,</strong></span> <span class='ocrx_word' id='word_1_108' title='bbox 1837 1441 1889 1484; x_wconf 91' lang='lat' dir='ltr'><strong>et</strong></span> <span class='ocrx_word' id='word_1_109' title='bbox 1936 1432 2080 1483; x_wconf 90' lang='lat' dir='ltr'><strong>chori</strong></span> 
     </span>
     <span class='ocr_line' id='line_1_16' title="bbox 380 1513 2080 1578; baseline -0.004 -11"><span class='ocrx_word' id='word_1_110' title='bbox 380 1531 616 1574; x_wconf 86' lang='lat' dir='ltr'><strong>munera,</strong></span> <span class='ocrx_word' id='word_1_111' title='bbox 667 1515 900 1577; x_wconf 89' lang='lat' dir='ltr'><strong>quoniam</strong></span> <span class='ocrx_word' id='word_1_112' title='bbox 953 1513 1207 1562; x_wconf 83' lang='lat' dir='ltr'><strong>difficilius</strong></span> <span class='ocrx_word' id='word_1_113' title='bbox 1266 1515 1609 1578; x_wconf 87' lang='lat' dir='ltr'><strong>percipiuntur</strong></span> <span class='ocrx_word' id='word_1_114' title='bbox 1655 1531 1781 1578; x_wconf 88' lang='lat' dir='ltr'><strong>quae</strong></span> <span class='ocrx_word' id='word_1_115' title='bbox 1837 1516 2080 1562; x_wconf 90' lang='lat' dir='ltr'><strong>canuntur</strong></span> 
     </span>
     <span class='ocr_line' id='line_1_17' title="bbox 379 1593 2081 1661; baseline -0.002 -16"><span class='ocrx_word' id='word_1_116' title='bbox 379 1613 527 1661; x_wconf 86' lang='lat' dir='ltr'><strong>quam</strong></span> <span class='ocrx_word' id='word_1_117' title='bbox 564 1610 691 1658; x_wconf 87' lang='lat' dir='ltr'><strong>quae</strong></span> <span class='ocrx_word' id='word_1_118' title='bbox 723 1595 973 1653; x_wconf 90' lang='lat' dir='ltr'><strong>dicuntur,</strong></span> <span class='ocrx_word' id='word_1_119' title='bbox 1010 1595 1299 1642; x_wconf 82' lang='lat' dir='ltr'><strong>attenuavit.</strong></span> <span class='ocrx_word' id='word_1_120' title='bbox 1368 1594 1498 1643; x_wconf 86' lang='lat' dir='ltr'><strong>Tum</strong></span> <span class='ocrx_word' id='word_1_121' title='bbox 1536 1593 1916 1659; x_wconf 87' lang='lat' dir='ltr'><strong>operamdedit</strong></span> <span class='ocrx_word' id='word_1_122' title='bbox 1936 1609 2081 1642; x_wconf 88' lang='lat' dir='ltr'><strong>caus-</strong></span> 
     </span>
     <span class='ocr_line' id='line_1_18' title="bbox 381 1673 2084 1739; baseline -0.003 -13"><span class='ocrx_word' id='word_1_123' title='bbox 381 1678 450 1726; x_wconf 87' lang='lat' dir='ltr'><strong>sis</strong></span> <span class='ocrx_word' id='word_1_124' title='bbox 497 1691 665 1724; x_wconf 90' lang='lat' dir='ltr'><strong>rerum</strong></span> <span class='ocrx_word' id='word_1_125' title='bbox 711 1675 930 1722; x_wconf 90' lang='lat' dir='ltr'><strong>omnium</strong></span> <span class='ocrx_word' id='word_1_126' title='bbox 979 1674 1316 1739; x_wconf 83' lang='lat' dir='ltr'><strong>explicandis,</strong></span> <span class='ocrx_word' id='word_1_127' title='bbox 1363 1679 1517 1739; x_wconf 88' lang='lat' dir='ltr'><strong>utque</strong></span> <span class='ocrx_word' id='word_1_128' title='bbox 1562 1675 1846 1723; x_wconf 88' lang='lat' dir='ltr'><strong>necessario</strong></span> <span class='ocrx_word' id='word_1_129' title='bbox 1882 1673 2084 1722; x_wconf 88' lang='lat' dir='ltr'><strong>evenire</strong></span> 
     </span>
     <span class='ocr_line' id='line_1_19' title="bbox 381 1753 2082 1818; baseline -0.003 -11"><span class='ocrx_word' id='word_1_130' title='bbox 381 1758 667 1806; x_wconf 86' lang='lat' dir='ltr'><strong>viderentur</strong></span> <span class='ocrx_word' id='word_1_131' title='bbox 700 1769 1025 1818; x_wconf 87' lang='lat' dir='ltr'><strong>quaecunque</strong></span> <span class='ocrx_word' id='word_1_132' title='bbox 1061 1756 1314 1803; x_wconf 87' lang='lat' dir='ltr'><strong>evenirent</strong></span> <span class='ocrx_word' id='word_1_133' title='bbox 1361 1755 1572 1804; x_wconf 80' lang='lat' dir='ltr'><strong>curavit:</strong></span> <span class='ocrx_word' id='word_1_134' title='bbox 1626 1771 1720 1818; x_wconf 87' lang='lat' dir='ltr'><strong>qua</strong></span> <span class='ocrx_word' id='word_1_135' title='bbox 1764 1755 1814 1803; x_wconf 91' lang='lat' dir='ltr'><strong>in</strong></span> <span class='ocrx_word' id='word_1_136' title='bbox 1849 1770 1904 1802; x_wconf 93' lang='lat' dir='ltr'><strong>re</strong></span> <span class='ocrx_word' id='word_1_137' title='bbox 1939 1753 2082 1803; x_wconf 85' lang='lat' dir='ltr'><strong>adiu-</strong></span> 
     </span>
     <span class='ocr_line' id='line_1_20' title="bbox 383 1835 2081 1898; baseline -0.004 -11"><span class='ocrx_word' id='word_1_138' title='bbox 383 1845 464 1887; x_wconf 85' lang='lat' dir='ltr'><strong>tus</strong></span> <span class='ocrx_word' id='word_1_139' title='bbox 500 1842 579 1885; x_wconf 88' lang='lat' dir='ltr'><strong>est</strong></span> <span class='ocrx_word' id='word_1_140' title='bbox 615 1852 705 1894; x_wconf 90' lang='lat' dir='ltr'><strong>ea,</strong></span> <span class='ocrx_word' id='word_1_141' title='bbox 742 1851 838 1898; x_wconf 86' lang='lat' dir='ltr'><strong>qua</strong></span> <span class='ocrx_word' id='word_1_142' title='bbox 874 1835 1096 1896; x_wconf 78' lang='lat' dir='ltr'><strong>valebat,</strong></span> <span class='ocrx_word' id='word_1_143' title='bbox 1132 1835 1404 1884; x_wconf 84' lang='lat' dir='ltr'><strong>affectuum</strong></span> <span class='ocrx_word' id='word_1_144' title='bbox 1439 1835 1788 1884; x_wconf 87' lang='lat' dir='ltr'><strong>imitandorum</strong></span> <span class='ocrx_word' id='word_1_145' title='bbox 1823 1835 2081 1895; x_wconf 77' lang='lat' dir='ltr'><strong>facultate,</strong></span> 
     </span>
     <span class='ocr_line' id='line_1_21' title="bbox 383 1913 2083 1980; baseline -0.004 -14"><span class='ocrx_word' id='word_1_146' title='bbox 383 1917 520 1966; x_wconf 87' lang='lat' dir='ltr'><strong>velut</strong></span> <span class='ocrx_word' id='word_1_147' title='bbox 578 1915 832 1964; x_wconf 86' lang='lat' dir='ltr'><strong>fraternae</strong></span> <span class='ocrx_word' id='word_1_148' title='bbox 883 1915 1053 1963; x_wconf 90' lang='lat' dir='ltr'><strong>caedis</strong></span> <span class='ocrx_word' id='word_1_149' title='bbox 1103 1916 1382 1980; x_wconf 90' lang='lat' dir='ltr'><strong>cupidinem</strong></span> <span class='ocrx_word' id='word_1_150' title='bbox 1430 1931 1527 1979; x_wconf 81' lang='lat' dir='ltr'><strong>non</strong></span> <span class='ocrx_word' id='word_1_151' title='bbox 1577 1920 1772 1963; x_wconf 89' lang='lat' dir='ltr'><strong>temere</strong></span> <span class='ocrx_word' id='word_1_152' title='bbox 1818 1915 1868 1962; x_wconf 90' lang='lat' dir='ltr'><strong>in</strong></span> <span class='ocrx_word' id='word_1_153' title='bbox 1904 1913 2083 1961; x_wconf 89' lang='lat' dir='ltr'><strong>animis</strong></span> 
     </span>
     <span class='ocr_line' id='line_1_22' title="bbox 384 1993 2083 2060; baseline -0.003 -14"><span class='ocrx_word' id='word_1_154' title='bbox 384 1997 509 2046; x_wconf 88' lang='lat' dir='ltr'><strong>fecit</strong></span> <span class='ocrx_word' id='word_1_155' title='bbox 555 1994 689 2060; x_wconf 80' lang='lat' dir='ltr'><strong>gigni</strong></span> <span class='ocrx_word' id='word_1_156' title='bbox 734 2010 896 2057; x_wconf 85' lang='lat' dir='ltr'><strong>neque</strong></span> <span class='ocrx_word' id='word_1_157' title='bbox 948 1995 1152 2043; x_wconf 88' lang='lat' dir='ltr'><strong>caedem</strong></span> <span class='ocrx_word' id='word_1_158' title='bbox 1190 1996 1349 2058; x_wconf 81' lang='lat' dir='ltr'><strong>ipsam</strong></span> <span class='ocrx_word' id='word_1_159' title='bbox 1385 1995 1596 2044; x_wconf 88' lang='lat' dir='ltr'><strong>fortuito</strong></span> <span class='ocrx_word' id='word_1_160' title='bbox 1631 2010 1844 2043; x_wconf 91' lang='lat' dir='ltr'><strong>occursu</strong></span> <span class='ocrx_word' id='word_1_161' title='bbox 1879 1993 2083 2059; x_wconf 87' lang='lat' dir='ltr'><strong>patrari.</strong></span> 
     </span>
    </p>
   </div>
   <div class='ocr_carea' id='block_1_3' title="bbox 384 2074 2166 2140">
    <p class='ocr_par' dir='ltr' id='par_1_3' title="bbox 384 2074 2166 2140">
     <span class='ocr_line' id='line_1_23' title="bbox 384 2074 2166 2140; baseline -0.002 -14"><span class='ocrx_word' id='word_1_162' title='bbox 384 2077 613 2139; x_wconf 87' lang='lat' dir='ltr'><strong>Denique</strong></span> <span class='ocrx_word' id='word_1_163' title='bbox 673 2075 855 2123; x_wconf 88' lang='lat' dir='ltr'><strong>nullam</strong></span> <span class='ocrx_word' id='word_1_164' title='bbox 912 2074 1190 2140; x_wconf 88' lang='lat' dir='ltr'><strong>argumenti</strong></span> <span class='ocrx_word' id='word_1_165' title='bbox 1239 2080 1431 2139; x_wconf 87' lang='lat' dir='ltr'><strong>partem</strong></span> <span class='ocrx_word' id='word_1_166' title='bbox 1479 2075 1682 2138; x_wconf 85' lang='lat' dir='ltr'><strong>reliquit</strong></span> <span class='ocrx_word' id='word_1_167' title='bbox 1722 2075 1987 2123; x_wconf 89' lang='lat' dir='ltr'><strong>obscuram</strong></span> <span class='ocrx_word' id='word_1_168' title='bbox 2032 2077 2086 2122; x_wconf 91' lang='lat' dir='ltr'><strong>et</strong></span> <span class='ocrx_word' id='word_1_169' title='bbox 2164 2126 2166 2129; x_wconf 19' lang='lat' dir='ltr'><strong>f</strong></span> 
     </span>
    </p>
   </div>
   <div class='ocr_carea' id='block_1_4' title="bbox 385 2154 2091 3416">
    <p class='ocr_par' dir='ltr' id='par_1_4' title="bbox 385 2154 2091 3175">
     <span class='ocr_line' id='line_1_24' title="bbox 385 2154 2085 2220; baseline -0.002 -15"><span class='ocrx_word' id='word_1_170' title='bbox 385 2157 528 2220; x_wconf 88' lang='lat' dir='ltr'><strong>quasi</strong></span> <span class='ocrx_word' id='word_1_171' title='bbox 572 2156 734 2219; x_wconf 90' lang='lat' dir='ltr'><strong>pictor</strong></span> <span class='ocrx_word' id='word_1_172' title='bbox 780 2154 986 2217; x_wconf 88' lang='lat' dir='ltr'><strong>diligens</strong></span> <span class='ocrx_word' id='word_1_173' title='bbox 1030 2155 1401 2203; x_wconf 84' lang='lat' dir='ltr'><strong>accuratissime</strong></span> <span class='ocrx_word' id='word_1_174' title='bbox 1435 2154 1634 2203; x_wconf 81' lang='lat' dir='ltr'><strong>effinxit</strong></span> <span class='ocrx_word' id='word_1_175' title='bbox 1667 2159 1719 2203; x_wconf 91' lang='lat' dir='ltr'><strong>et</strong></span> <span class='ocrx_word' id='word_1_176' title='bbox 1753 2170 1882 2218; x_wconf 85' lang='lat' dir='ltr'><strong>quae</strong></span> <span class='ocrx_word' id='word_1_177' title='bbox 1916 2168 2085 2202; x_wconf 87' lang='lat' dir='ltr'><strong>coram</strong></span> 
     </span>
     <span class='ocr_line' id='line_1_25' title="bbox 386 2234 2080 2300; baseline -0.002 -19"><span class='ocrx_word' id='word_1_178' title='bbox 386 2236 438 2285; x_wconf 88' lang='lat' dir='ltr'><strong>in</strong></span> <span class='ocrx_word' id='word_1_179' title='bbox 470 2235 749 2300; x_wconf 86' lang='lat' dir='ltr'><strong>propinquo</strong></span> <span class='ocrx_word' id='word_1_180' title='bbox 785 2238 1131 2296; x_wconf 83' lang='lat' dir='ltr'><strong>spectarentur</strong></span> <span class='ocrx_word' id='word_1_181' title='bbox 1165 2239 1217 2282; x_wconf 89' lang='lat' dir='ltr'><strong>et</strong></span> <span class='ocrx_word' id='word_1_182' title='bbox 1265 2249 1391 2295; x_wconf 89' lang='lat' dir='ltr'><strong>quae</strong></span> <span class='ocrx_word' id='word_1_183' title='bbox 1439 2234 1615 2297; x_wconf 89' lang='lat' dir='ltr'><strong>procul</strong></span> <span class='ocrx_word' id='word_1_184' title='bbox 1659 2234 2080 2297; x_wconf 86' lang='lat' dir='ltr'><strong>prospicerentur.</strong></span> 
     </span>
     <span class='ocr_line' id='line_1_26' title="bbox 387 2311 2084 2378; baseline -0.005 -13"><span class='ocrx_word' id='word_1_185' title='bbox 387 2315 467 2365; x_wconf 82' lang='lat' dir='ltr'><strong>Ad</strong></span> <span class='ocrx_word' id='word_1_186' title='bbox 501 2311 923 2378; x_wconf 84' lang='lat' dir='ltr'><strong>repraesentanda</strong></span> <span class='ocrx_word' id='word_1_187' title='bbox 957 2318 1123 2360; x_wconf 88' lang='lat' dir='ltr'><strong>autem</strong></span> <span class='ocrx_word' id='word_1_188' title='bbox 1160 2328 1248 2371; x_wconf 84' lang='lat' dir='ltr'><strong>ea,</strong></span> <span class='ocrx_word' id='word_1_189' title='bbox 1285 2327 1411 2375; x_wconf 90' lang='lat' dir='ltr'><strong>quae</strong></span> <span class='ocrx_word' id='word_1_190' title='bbox 1447 2317 1588 2359; x_wconf 84' lang='lat' dir='ltr'><strong>extra</strong></span> <span class='ocrx_word' id='word_1_191' title='bbox 1622 2327 1821 2360; x_wconf 89' lang='lat' dir='ltr'><strong>scenam</strong></span> <span class='ocrx_word' id='word_1_192' title='bbox 1856 2314 2084 2374; x_wconf 85' lang='lat' dir='ltr'><strong>aguntur,</strong></span> 
     </span>
     <span class='ocr_line' id='line_1_27' title="bbox 388 2390 2085 2455; baseline -0.005 -10"><span class='ocrx_word' id='word_1_193' title='bbox 388 2395 704 2445; x_wconf 89' lang='lat' dir='ltr'><strong>uberioribus</strong></span> <span class='ocrx_word' id='word_1_194' title='bbox 754 2408 877 2442; x_wconf 89' lang='lat' dir='ltr'><strong>usus</strong></span> <span class='ocrx_word' id='word_1_195' title='bbox 927 2397 1005 2440; x_wconf 88' lang='lat' dir='ltr'><strong>est</strong></span> <span class='ocrx_word' id='word_1_196' title='bbox 1038 2392 1318 2440; x_wconf 87' lang='lat' dir='ltr'><strong>nuntiorum</strong></span> <span class='ocrx_word' id='word_1_197' title='bbox 1354 2390 1703 2451; x_wconf 79' lang='lat' dir='ltr'><strong>relationibus,</strong></span> <span class='ocrx_word' id='word_1_198' title='bbox 1738 2391 1925 2455; x_wconf 89' lang='lat' dir='ltr'><strong>epicam</strong></span> <span class='ocrx_word' id='word_1_199' title='bbox 1964 2405 2085 2453; x_wconf 92' lang='lat' dir='ltr'><strong>ope-</strong></span> 
     </span>
     <span class='ocr_line' id='line_1_28' title="bbox 390 2470 2088 2539; baseline -0.005 -15"><span class='ocrx_word' id='word_1_200' title='bbox 390 2476 460 2524; x_wconf 90' lang='lat' dir='ltr'><strong>ris</strong></span> <span class='ocrx_word' id='word_1_201' title='bbox 508 2480 701 2539; x_wconf 87' lang='lat' dir='ltr'><strong>partem</strong></span> <span class='ocrx_word' id='word_1_202' title='bbox 748 2472 1053 2521; x_wconf 89' lang='lat' dir='ltr'><strong>dramaticae</strong></span> <span class='ocrx_word' id='word_1_203' title='bbox 1102 2471 1386 2535; x_wconf 86' lang='lat' dir='ltr'><strong>lyricaeque</strong></span> <span class='ocrx_word' id='word_1_204' title='bbox 1432 2470 1683 2519; x_wconf 88' lang='lat' dir='ltr'><strong>adiiciens.</strong></span> <span class='ocrx_word' id='word_1_205' title='bbox 1721 2502 1725 2511; x_wconf 88' lang='lat'><em>·</em></span> <span class='ocrx_word' id='word_1_206' title='bbox 1767 2470 1875 2519; x_wconf 85' lang='lat' dir='ltr'><strong>Eae</strong></span> <span class='ocrx_word' id='word_1_207' title='bbox 1917 2474 2088 2518; x_wconf 85' lang='lat' dir='ltr'><strong>autem</strong></span> 
     </span>
     <span class='ocr_line' id='line_1_29' title="bbox 390 2550 2086 2616; baseline -0.004 -12"><span class='ocrx_word' id='word_1_208' title='bbox 390 2555 657 2604; x_wconf 86' lang='lat' dir='ltr'><strong>relationes</strong></span> <span class='ocrx_word' id='word_1_209' title='bbox 703 2558 869 2601; x_wconf 86' lang='lat' dir='ltr'><strong>tantae</strong></span> <span class='ocrx_word' id='word_1_210' title='bbox 919 2558 1034 2600; x_wconf 87' lang='lat' dir='ltr'><strong>sunt</strong></span> <span class='ocrx_word' id='word_1_211' title='bbox 1077 2550 1440 2616; x_wconf 86' lang='lat' dir='ltr'><strong>praestantiae,</strong></span> <span class='ocrx_word' id='word_1_212' title='bbox 1488 2556 1545 2599; x_wconf 88' lang='lat' dir='ltr'><strong>ut</strong></span> <span class='ocrx_word' id='word_1_213' title='bbox 1593 2567 1687 2600; x_wconf 87' lang='lat' dir='ltr'><strong>uon</strong></span> <span class='ocrx_word' id='word_1_214' title='bbox 1737 2550 1897 2598; x_wconf 90' lang='lat' dir='ltr'><strong>minus</strong></span> <span class='ocrx_word' id='word_1_215' title='bbox 1940 2564 2086 2614; x_wconf 89' lang='lat' dir='ltr'><strong>quam</strong></span> 
     </span>
     <span class='ocr_line' id='line_1_30' title="bbox 391 2631 2088 2696; baseline -0.005 -11"><span class='ocrx_word' id='word_1_216' title='bbox 391 2633 863 2685; x_wconf 80' lang='lat' dir='ltr'><strong>vehementissimae</strong></span> <span class='ocrx_word' id='word_1_217' title='bbox 905 2632 1295 2696; x_wconf 89' lang='lat' dir='ltr'><strong>disputationum</strong></span> <span class='ocrx_word' id='word_1_218' title='bbox 1341 2631 1686 2680; x_wconf 88' lang='lat' dir='ltr'><strong>contentiones</strong></span> <span class='ocrx_word' id='word_1_219' title='bbox 1721 2631 1973 2679; x_wconf 87' lang='lat' dir='ltr'><strong>theatrum</strong></span> <span class='ocrx_word' id='word_1_220' title='bbox 2009 2635 2088 2677; x_wconf 90' lang='lat' dir='ltr'><strong>te-</strong></span> 
     </span>
     <span class='ocr_line' id='line_1_31' title="bbox 394 2708 2088 2774; baseline -0.004 -11"><span class='ocrx_word' id='word_1_221' title='bbox 394 2721 566 2773; x_wconf 81' lang='lat' dir='ltr'><strong>neant3</strong></span> <span class='ocrx_word' id='word_1_222' title='bbox 603 2713 669 2764; x_wconf 85' lang='lat' dir='ltr'><strong>cf.</strong></span> <span class='ocrx_word' id='word_1_223' title='bbox 706 2713 860 2761; x_wconf 89' lang='lat' dir='ltr'><strong>schol.</strong></span> <span class='ocrx_word' id='word_1_224' title='bbox 895 2712 958 2760; x_wconf 92' lang='lat' dir='ltr'><strong>ad</strong></span> <span class='ocrx_word' id='word_1_225' title='bbox 995 2728 1038 2760; x_wconf 87' lang='lat' dir='ltr'><strong>v.</strong></span> <span class='ocrx_word' id='word_1_226' title='bbox 1075 2713 1218 2760; x_wconf 83' lang='lat'>1402.</span> <span class='ocrx_word' id='word_1_227' title='bbox 1289 2710 1474 2759; x_wconf 85' lang='lat' dir='ltr'><strong>Contra</strong></span> <span class='ocrx_word' id='word_1_228' title='bbox 1509 2711 1557 2759; x_wconf 89' lang='lat' dir='ltr'><strong>in</strong></span> <span class='ocrx_word' id='word_1_229' title='bbox 1594 2710 1831 2774; x_wconf 81' lang='lat' dir='ltr'><strong>Aeschyli</strong></span> <span class='ocrx_word' id='word_1_230' title='bbox 1864 2708 2088 2774; x_wconf 89' lang='lat' dir='ltr'><strong>imagini-</strong></span> 
     </span>
     <span class='ocr_line' id='line_1_32' title="bbox 394 2791 2087 2854; baseline -0.004 -11"><span class='ocrx_word' id='word_1_231' title='bbox 394 2796 505 2854; x_wconf 79' lang='lat' dir='ltr'><strong>buS,</strong></span> <span class='ocrx_word' id='word_1_232' title='bbox 539 2792 733 2841; x_wconf 88' lang='lat' dir='ltr'><strong>etiamsi</strong></span> <span class='ocrx_word' id='word_1_233' title='bbox 768 2808 864 2840; x_wconf 91' lang='lat' dir='ltr'><strong>non</strong></span> <span class='ocrx_word' id='word_1_234' title='bbox 899 2791 1224 2852; x_wconf 77' lang='lat' dir='ltr'><strong>abscinditur,</strong></span> <span class='ocrx_word' id='word_1_235' title='bbox 1260 2796 1426 2840; x_wconf 88' lang='lat' dir='ltr'><strong>tamen</strong></span> <span class='ocrx_word' id='word_1_236' title='bbox 1462 2792 1724 2854; x_wconf 81' lang='lat' dir='ltr'><strong>negligitur</strong></span> <span class='ocrx_word' id='word_1_237' title='bbox 1759 2794 2056 2854; x_wconf 90' lang='lat' dir='ltr'><strong>prospectus</strong></span> <span class='ocrx_word' id='word_1_238' title='bbox 2069 2805 2087 2849; x_wconf 83' lang='lat'>3</span> 
     </span>
     <span class='ocr_line' id='line_1_33' title="bbox 396 2871 2090 2935; baseline -0.004 -13"><span class='ocrx_word' id='word_1_239' title='bbox 396 2873 658 2923; x_wconf 86' lang='lat' dir='ltr'><strong>exauditur</strong></span> <span class='ocrx_word' id='word_1_240' title='bbox 691 2873 891 2935; x_wconf 89' lang='lat' dir='ltr'><strong>quidem</strong></span> <span class='ocrx_word' id='word_1_241' title='bbox 925 2887 1180 2920; x_wconf 88' lang='lat' dir='ltr'><strong>armorum</strong></span> <span class='ocrx_word' id='word_1_242' title='bbox 1213 2872 1484 2935; x_wconf 90' lang='lat' dir='ltr'><strong>strepitus,</strong></span> <span class='ocrx_word' id='word_1_243' title='bbox 1530 2871 1670 2934; x_wconf 88' lang='lat' dir='ltr'><strong>quasi</strong></span> <span class='ocrx_word' id='word_1_244' title='bbox 1718 2872 1930 2919; x_wconf 89' lang='lat' dir='ltr'><strong>obscuro</strong></span> <span class='ocrx_word' id='word_1_245' title='bbox 1965 2878 2090 2917; x_wconf 90' lang='lat' dir='ltr'><strong>sono</strong></span> 
     </span>
     <span class='ocr_line' id='line_1_34' title="bbox 396 2949 2090 3018; baseline -0.003 -17"><span class='ocrx_word' id='word_1_246' title='bbox 396 2970 488 3018; x_wconf 87' lang='lat' dir='ltr'><strong>per</strong></span> <span class='ocrx_word' id='word_1_247' title='bbox 523 2953 718 3001; x_wconf 87' lang='lat' dir='ltr'><strong>moenia</strong></span> <span class='ocrx_word' id='word_1_248' title='bbox 753 2957 1065 3016; x_wconf 90' lang='lat' dir='ltr'><strong>penetrante,</strong></span> <span class='ocrx_word' id='word_1_249' title='bbox 1100 2950 1291 3016; x_wconf 89' lang='lat' dir='ltr'><strong>proelia</strong></span> <span class='ocrx_word' id='word_1_250' title='bbox 1327 2959 1488 2999; x_wconf 84' lang='lat' dir='ltr'><strong>autem</strong></span> <span class='ocrx_word' id='word_1_251' title='bbox 1523 2951 1632 3014; x_wconf 86' lang='lat' dir='ltr'><strong>ipsa</strong></span> <span class='ocrx_word' id='word_1_252' title='bbox 1667 2966 1762 2998; x_wconf 94' lang='lat' dir='ltr'><strong>non</strong></span> <span class='ocrx_word' id='word_1_253' title='bbox 1797 2949 2090 2999; x_wconf 89' lang='lat' dir='ltr'><strong>describun-</strong></span> 
     </span>
     <span class='ocr_line' id='line_1_35' title="bbox 396 3029 2091 3097; baseline -0.004 -14"><span class='ocrx_word' id='word_1_254' title='bbox 396 3040 512 3092; x_wconf 87' lang='lat' dir='ltr'><strong>tur;</strong></span> <span class='ocrx_word' id='word_1_255' title='bbox 561 3031 842 3080; x_wconf 84' lang='lat' dir='ltr'><strong>afferuntur</strong></span> <span class='ocrx_word' id='word_1_256' title='bbox 893 3047 1101 3097; x_wconf 86' lang='lat' dir='ltr'><strong>corpora</strong></span> <span class='ocrx_word' id='word_1_257' title='bbox 1146 3036 1484 3093; x_wconf 91' lang='lat' dir='ltr'><strong>mortuorum,</strong></span> <span class='ocrx_word' id='word_1_258' title='bbox 1543 3031 1723 3080; x_wconf 90' lang='lat' dir='ltr'><strong>caedes</strong></span> <span class='ocrx_word' id='word_1_259' title='bbox 1769 3035 1935 3079; x_wconf 89' lang='lat' dir='ltr'><strong>autem</strong></span> <span class='ocrx_word' id='word_1_260' title='bbox 1980 3029 2091 3093; x_wconf 86' lang='lat' dir='ltr'><strong>ipsa</strong></span> 
     </span>
     <span class='ocr_line' id='line_1_36' title="bbox 398 3112 1826 3175; baseline -0.006 -13"><span class='ocrx_word' id='word_1_261' title='bbox 398 3130 496 3164; x_wconf 91' lang='lat' dir='ltr'><strong>non</strong></span> <span class='ocrx_word' id='word_1_262' title='bbox 532 3112 831 3175; x_wconf 80' lang='lat' dir='ltr'><strong>depingitur.</strong></span> <span class='ocrx_word' id='word_1_263' title='bbox 1823 3152 1826 3154; x_wconf 80' lang='grc'>.</span> 
     </span>
    </p>

    <p class='ocr_par' dir='ltr' id='par_1_5' title="bbox 402 3186 2091 3416">
     <span class='ocr_line' id='line_1_37' title="bbox 535 3186 2090 3257; baseline -0.003 -17"><span class='ocrx_word' id='word_1_264' title='bbox 535 3192 620 3241; x_wconf 87' lang='lat' dir='ltr'><strong>Sic</strong></span> <span class='ocrx_word' id='word_1_265' title='bbox 657 3191 944 3257; x_wconf 83' lang='lat' dir='ltr'><strong>Euripides,</strong></span> <span class='ocrx_word' id='word_1_266' title='bbox 979 3206 1091 3239; x_wconf 91' lang='lat' dir='ltr'><strong>cum</strong></span> <span class='ocrx_word' id='word_1_267' title='bbox 1127 3189 1273 3254; x_wconf 88' lang='lat' dir='ltr'><strong>longe</strong></span> <span class='ocrx_word' id='word_1_268' title='bbox 1308 3190 1557 3239; x_wconf 88' lang='lat' dir='ltr'><strong>diversum</strong></span> <span class='ocrx_word' id='word_1_269' title='bbox 1595 3190 1655 3238; x_wconf 91' lang='lat' dir='ltr'><strong>ab</strong></span> <span class='ocrx_word' id='word_1_270' title='bbox 1692 3186 1932 3252; x_wconf 82' lang='lat' dir='ltr'><strong>Aeschyli</strong></span> <span class='ocrx_word' id='word_1_271' title='bbox 1966 3186 2090 3236; x_wconf 87' lang='lat' dir='ltr'><strong>rati-</strong></span> 
     </span>
     <span class='ocr_line' id='line_1_38' title="bbox 402 3270 2090 3329; baseline -0.004 -8"><span class='ocrx_word' id='word_1_272' title='bbox 402 3287 496 3322; x_wconf 90' lang='lat' dir='ltr'><strong>one</strong></span> <span class='ocrx_word' id='word_1_273' title='bbox 538 3271 797 3320; x_wconf 91' lang='lat' dir='ltr'><strong>consilium</strong></span> <span class='ocrx_word' id='word_1_274' title='bbox 830 3271 1037 3329; x_wconf 87' lang='lat' dir='ltr'><strong>inisset,</strong></span> <span class='ocrx_word' id='word_1_275' title='bbox 1087 3285 1185 3318; x_wconf 88' lang='lat' dir='ltr'><strong>non</strong></span> <span class='ocrx_word' id='word_1_276' title='bbox 1219 3270 1523 3318; x_wconf 89' lang='lat' dir='ltr'><strong>mediocrem</strong></span> <span class='ocrx_word' id='word_1_277' title='bbox 1558 3270 1756 3319; x_wconf 86' lang='lat' dir='ltr'><strong>laudem</strong></span> <span class='ocrx_word' id='word_1_278' title='bbox 1791 3271 2090 3316; x_wconf 83' lang='lat' dir='ltr'><strong>consecutus</strong></span> 
     </span>
     <span class='ocr_line' id='line_1_39' title="bbox 403 3344 2091 3416; baseline -0.004 -14"><span class='ocrx_word' id='word_1_279' title='bbox 403 3358 511 3415; x_wconf 87' lang='lat' dir='ltr'><strong>est,</strong></span> <span class='ocrx_word' id='word_1_280' title='bbox 544 3367 708 3416; x_wconf 85' lang='lat' dir='ltr'><strong>neque</strong></span> <span class='ocrx_word' id='word_1_281' title='bbox 739 3350 792 3400; x_wconf 90' lang='lat' dir='ltr'><strong>in</strong></span> <span class='ocrx_word' id='word_1_282' title='bbox 823 3350 887 3400; x_wconf 89' lang='lat' dir='ltr'><strong>iis</strong></span> <span class='ocrx_word' id='word_1_283' title='bbox 921 3350 1075 3414; x_wconf 86' lang='lat' dir='ltr'><strong>ipsis,</strong></span> <span class='ocrx_word' id='word_1_284' title='bbox 1119 3364 1245 3414; x_wconf 84' lang='lat' dir='ltr'><strong>quae</strong></span> <span class='ocrx_word' id='word_1_285' title='bbox 1279 3350 1363 3398; x_wconf 91' lang='lat' dir='ltr'><strong>hic</strong></span> <span class='ocrx_word' id='word_1_286' title='bbox 1397 3353 1862 3415; x_wconf 88' lang='lat' dir='ltr'><strong>praeoccupaverat,</strong></span> <span class='ocrx_word' id='word_1_287' title='bbox 1895 3344 2091 3398; x_wconf 88' lang='lat' dir='ltr'><strong>bellicis</strong></span> 
     </span>
    </p>
   </div>
  </div>
 </body>
</html>
