2124 3860
1106 261 1231 318 346

328 422 433 457 cua.
498 405 733 455 Prodiens
766 406 816 455 in
867 422 1063 456 scenam
1097 423 1157 456 ex
1192 409 1382 473 rupium
1417 407 1614 460 latebris
1647 411 1805 475 Echo,
1840 428 1988 477 quae-

327 501 439 535 nam
475 491 626 542 esset,
667 485 956 535 declaravit:

451 556 589 629 Ἠχὼ
622 564 798 630 λόγων
829 563 1122 632 ἄντῳδός*)
1261 596 1321 605 —-
1451 595 1532 620 —.

326 644 544 704 Locum,
590 647 638 695 in
673 663 767 710 quo
803 664 883 695 res
917 653 1179 711 geruntur,
1224 662 1394 697 vernsu
1443 646 1726 698 imitationis
1760 649 1989 701 Livianae

326 724 409 774 hic
453 725 715 776 describit:

462 805 826 873 Conslugea
885 806 989 856 ubi
1048 813 1381 856 conventu
1430 823 1720 874 campum
1777 815 1990 860 totum

1145 886 1583 951 inhumigant.

326 964 541 1015 Monstri
595 971 758 1013 autem
807 965 981 1014 marini
1027 965 1287 1014 adventum
1333 967 1475 1016 hicce
1522 967 1772 1034 Euripidis
1816 984 1988 1018 versus

325 1044 571 1094 declarat:

454 1125 614 1190 κῆτος
646 1121 846 1184 θοάζον
882 1120 933 1184 ἐξ
958 1115 1293 1191 Ἀτλαντικῆς
1327 1122 1464 1184 ἁλός.

322 1204 422 1253 Hic
467 1221 575 1253 cum
613 1212 747 1252 esset
791 1221 952 1253 rerum
1007 1211 1192 1266 statuS,
1237 1206 1377 1254 Echo
1425 1208 1683 1255 excitatam
1732 1222 1787 1255 se
1832 1221 1991 1270 nuper

324 1300 436 1343 esse
481 1284 596 1332 dicit
642 1286 797 1332 acutis
846 1285 1134 1349 quibusdam
1171 1286 1368 1334 vocibus
1405 1293 1455 1335 et
1490 1286 1745 1345 lamentis,
1793 1291 1843 1334 et
1878 1301 1988 1334 cum

323 1364 524 1428 propius
570 1365 890 1426 accessisset,
939 1365 1257 1428 conspexisse
1305 1366 1535 1427 virginem
1583 1367 1784 1429 rupibus
1819 1365 1989 1429 alliga-

321 1447 439 1500 tam,
473 1444 705 1507 appositis
741 1445 890 1503 cibis,
926 1445 974 1492 id
1011 1445 1139 1507 quod
1177 1445 1355 1507 piaculi
1393 1444 1640 1493 avertendi
1674 1461 1845 1493 caussa
1881 1444 1989 1493 fieri

323 1538 522 1587 semper
571 1524 789 1582 solebat,
825 1525 865 1571 si
891 1525 997 1588 quis
1033 1525 1168 1572 vivus
1202 1524 1263 1572 ad
1298 1528 1505 1572 mortem
1540 1524 1615 1573 vel
1651 1524 1990 1574 includebatur

322 1603 399 1652 vel
434 1604 797 1666 exponebatur:

453 1681 561 1745 6ρῶ
597 1680 653 1733 δὲ
686 1681 818 1746 πρὸς
850 1683 943 1747 τῆς
975 1680 1250 1748 παρθένου
1283 1679 1584 1748 θοινάματα
1597 1679 1694 1746 **).

321 1765 387 1814 Et
420 1765 608 1811 moveri
643 1781 697 1812 se
732 1765 796 1812 ait
830 1764 1113 1823 conditione
1143 1764 1343 1826 virginis
1382 1764 1534 1824 adeo,
1581 1769 1633 1811 ut
1681 1777 1777 1810 non
1811 1760 1986 1826 possit,

319 1844 437 1907 quin
471 1860 625 1907 aeque
660 1844 870 1892 dolendo
917 1850 969 1892 et
1002 1844 1299 1892 succinendo
1334 1843 1519 1892 naeniis
1553 1841 1867 1890 solitudinem
1898 1841 1988 1890 de-

321 1930 486 1972 sertae
519 1924 814 1981 consoletur,
849 1923 897 1971 id
933 1924 1064 1987 quod
1100 1929 1309 1973 testatur
1342 1923 1627 1984 scholiasta,
1665 1921 1803 1970 cuius
1838 1922 1988 1970 verba

322 2019 468 2068 supra
504 2004 916 2068 transcripsimus.

452 2083 544 2130 His
580 2083 815 2148 expositis
851 2088 1018 2131 secuta
1053 2087 1129 2131 est
1162 2081 1243 2130 illa
1279 2076 1480 2147 εἰςβολὴ
1515 2079 1812 2146 προλόγου,
1861 2097 1988 2144 quae

322 2179 471 2226 quum
517 2164 706 2210 cantico
755 2163 895 2210 unius
942 2163 1182 2221 hominis,
1230 2163 1438 2226 eiusque
1486 2163 1719 2220 solitarii,
1771 2161 1985 2209 confice-

319 2247 489 2299 retur,
541 2241 908 2306 interpositioni
944 2242 1015 2301 ei,
1063 2257 1189 2304 quae
1225 2246 1304 2290 est
1338 2243 1388 2289 in
1423 2241 1553 2289 Ionis
1586 2240 1776 2302 fabula,
1823 2237 1985 2287 simil-

318 2323 434 2372 lima
467 2321 578 2370 fuit.

900 2397 1392 2448 ANAPOMEAA.

439 2468 509 2530 Ὦ
542 2471 640 2540 νὺξ
674 2476 803 2542 ἱερά,
1359 2480 1368 2487 “

453 2558 524 2620 ὦς
557 2555 764 2623 μακρὸν
798 2557 1033 2622 ἵππευμα
1067 2557 1285 2619 διώκεις,

451 2639 780 2706 ἀστεροειδέα
812 2640 954 2690 νῶτα
990 2639 1298 2705 διφρεύουσ’

455 2720 671 2786 αἰθέρος
704 2719 816 2786 ἷρᾶς

450 2807 548 2854 τοῦ
583 2801 909 2868 σεμνοτάτου
943 2798 1011 2850 δι’
1045 2797 1316 2864 Ὀλύμπου
1331 2795 1458 2860 ***).

376 3020 428 3075 ³⁸²)
470 3020 748 3074 Thesmoph.
782 3017 907 3060 1059.
1808 3071 1812 3074 ἡ

352 3091 428 3145 *ἢ
455 3086 572 3146 Ὁρῶ
619 3104 698 3144 pro
729 3086 852 3131 εἶδον
884 3088 1049 3130 dictum
1077 3100 1172 3129 esse
1203 3088 1416 3127 testantur
1450 3082 1747 3141 grammatici,
1776 3082 1849 3139 qui
1867 3083 1985 3125 hunc

461 3174 636 3203 versum
665 3160 928 3209 attulerunt3
957 3159 1060 3201 vide
1088 3155 1251 3198 Walzii
1285 3157 1416 3197 Rhet.
1449 3155 1526 3196 Gr.
1558 3155 1671 3197 Vm.
1701 3168 1744 3208 p.
1775 3151 1873 3194 576.

320 3230 432 3285 ***)
462 3229 601 3272 Vertit
638 3228 804 3269 Ennius
842 3230 962 3283 apud
998 3229 1241 3270 Varronem
1274 3225 1327 3267 L.
1358 3225 1411 3267 L.
1439 3225 1491 3277 V,
1520 3223 1600 3266 19:
1657 3223 1841 3280 „ltaque
1879 3222 1986 3264 dicit

460 3299 741 3344 Andromeda
770 3298 909 3340 nocti:

597 3393 656 3402 —
767 3382 909 3424 quae
949 3380 1085 3409 cava
1125 3365 1274 3407 coeli

602 3437 1096 3495 Signiteneutibus
1135 3434 1383 3488 conficis
1423 3432 1620 3490 bigis.”
