2170 3866
964 282 1089 342 525

172 447 343 483 sorum
390 431 577 482 indicia
620 431 806 498 passim
846 428 1158 495 erumpentia
1191 427 1483 493 reprimens.
1553 427 1871 479 Miscuimus

174 514 306 562 enim
342 516 451 574 est,
498 519 730 577 tanquam
782 510 937 560 altera
971 509 1156 559 Medea
1186 508 1474 559 interficere
1501 513 1711 559 coactus
1746 524 1871 575 quos

172 593 346 657 diligit.
414 591 541 642 Nam
563 592 707 656 quasi
735 591 821 656 qui
846 591 1046 640 insanus
1069 606 1127 639 se
1159 589 1272 654 ipse
1306 589 1518 639 vinculis
1553 589 1872 649 constrinxit,

174 691 303 739 quae
335 674 581 723 redeunte
615 677 783 722 mente
818 687 938 720 sana
971 671 1068 719 iam
1104 669 1297 719 solvere
1321 670 1513 733 nequit,
1548 669 1600 718 in
1626 669 1872 736 despera-

171 761 276 804 tam
301 754 651 804 necessitatem
682 767 835 802 coeco
860 750 1011 800 animi
1034 750 1207 817 furore
1228 750 1448 813 devenit,
1468 756 1522 800 ιιι
1543 766 1609 800 ne
1632 750 1873 799 reluctari

176 835 378 900 quidem
420 834 573 883 liceat
620 832 878 882 horribilia
927 832 1151 897 patienti.
1220 829 1411 880 Merito
1444 831 1594 896 igitur
1628 830 1707 880 vel
1742 831 1877 880 filiae

177 922 365 965 sortem
407 914 607 963 felicem
648 912 916 978 praedicat
959 928 1072 961 cum
1107 926 1195 960 sua
1241 916 1608 976 comparatam,
1652 909 1876 975 quando-

177 995 380 1061 quidem
416 995 542 1044 haec
575 995 812 1044 innocens
847 993 1238 1058 imprudensque
1258 992 1392 1041 malo
1414 992 1731 1058 opprimitur,
1763 991 1878 1057 ipse

176 1076 342 1125 sciens
376 1076 763 1140 inspectansque
797 1074 992 1124 obviam
1032 1074 1074 1122 it
1105 1072 1248 1121 malis
1282 1088 1373 1122 sua
1407 1073 1556 1137 culpa
1589 1071 1878 1122 contractis.

174 1156 490 1214 EvidentiuS,
525 1170 672 1219 quam
708 1154 820 1202 ullis
857 1145 1277 1219 disputationibus
1300 1153 1411 1201 fieri
1435 1154 1612 1218 possit,
1644 1154 1743 1203 hoc
1766 1168 1877 1202 car-

174 1237 310 1286 mine
351 1236 583 1285 scenicus
631 1235 960 1299 philosophus
1008 1233 1229 1282 ostendit
1272 1233 1407 1282 omni
1454 1240 1600 1297 peste
1631 1232 1879 1297 pernicio-

176 1315 367 1377 sioreS,
414 1315 643 1366 omuibus
691 1314 902 1363 dominis
951 1314 1231 1374 saevioreS,
1282 1312 1509 1362 omnibus
1548 1313 1758 1362 vinculis
1793 1327 1882 1361 ar-

177 1395 364 1445 ctiores
412 1411 527 1445 esse
572 1394 723 1443 animi
754 1393 1182 1459 perturbationes,
1251 1391 1356 1442 Fac
1407 1398 1459 1442 te
1503 1393 1881 1458 potentissima-

175 1491 289 1526 rum
336 1475 605 1525 civitatium
653 1473 987 1538 gubernacula
1033 1479 1286 1531 tractare,
1348 1474 1578 1523 maximis
1629 1474 1881 1539 imperare

178 1555 501 1612 exercitibuS,
528 1555 914 1604 fortissimorum
938 1554 1159 1603 virorum
1186 1553 1366 1602 ducem
1395 1569 1527 1616 esse,
1559 1558 1745 1617 tamen,
1781 1554 1880 1604 nisi

179 1635 493 1701 cupidinibus
527 1636 781 1700 imperare
814 1638 865 1683 et
898 1633 991 1683 tibi
1023 1649 1136 1692 reS,
1182 1650 1281 1684 non
1315 1639 1367 1683 te
1401 1634 1580 1698 rebus,
1628 1634 1880 1685 subiicere

179 1715 446 1776 didiceriS,
507 1716 737 1765 omnibus
776 1715 932 1764 servis
966 1715 1161 1780 turpius
1197 1714 1411 1765 servibis
1461 1731 1521 1765 ac
1562 1716 1611 1765 vi
1652 1714 1878 1766 necessi-

179 1798 300 1847 tatis
337 1802 388 1846 te
422 1796 694 1861 constringi
727 1795 939 1846 videbis.

315 1876 411 1926 His
444 1877 660 1942 peractis
697 1875 1126 1940 Clytaemnestra,
1174 1880 1231 1926 ut
1268 1875 1450 1926 mulier
1482 1876 1769 1940 ambitiosa,
1813 1874 1880 1928 de

181 1957 456 2029 maioribus
507 1956 706 2022 sponsi,
755 1955 821 2005 de
870 1958 1186 2021 parentibuS,
1239 1957 1305 2007 de
1349 1955 1642 2008 doctoribus
1685 1958 1883 2024 quaerit

183 2037 465 2098 curiosius;
517 2037 722 2101 nuptiae
775 2052 894 2086 vero
931 2037 1102 2102 quales
1135 2043 1470 2102 apparentur,
1518 2042 1621 2089 tam
1657 2039 1882 2090 studiose

183 2118 500 2179 sciscitatur,
536 2124 592 2167 ut
618 2116 792 2166 matris
825 2132 1035 2168 munere
1066 2118 1116 2168 in
1149 2118 1245 2167 illis
1284 2117 1423 2182 fungi
1458 2134 1683 2169 summae
1714 2120 1764 2169 ei
1793 2129 1880 2169 vo'-

180 2198 363 2265 luptati
397 2213 513 2248 esse
546 2202 800 2263 appareat.
864 2196 1015 2247 Irrita
1046 2198 1197 2263 igitur
1233 2213 1350 2263 spes
1384 2205 1466 2249 est
1499 2200 1884 2264 Agamemnonis

181 2278 518 2346 persuadendi
549 2278 720 2338 uxori,
755 2282 842 2335 ut,
878 2278 1169 2342 priusquam
1202 2294 1286 2328 res
1319 2279 1636 2344 perficiatur,
1680 2281 1884 2330 domum
1953 2308 1955 2310 ·

182 2360 381 2420 redeat,
431 2364 484 2409 et
516 2357 891 2408 confunduntur
923 2357 1052 2408 illius
1088 2359 1310 2421 consilia,
1343 2360 1440 2409 hac
1473 2361 1551 2410 ius
1586 2349 1731 2411 silum
1763 2377 1884 2427 per-

182 2439 415 2489 tinaciter
446 2443 638 2488 tuente.
706 2438 789 2488 Sic
822 2454 914 2488 rex
948 2440 1328 2504 potentissimus
1346 2476 1362 2500 ‚
1412 2440 1533 2490 dum
1571 2443 1756 2492 iniusta
1789 2457 1884 2507 per

186 2519 418 2570 fraudem
461 2518 773 2569 machinatur
789 2553 804 2578 ,
867 2521 1052 2573 cedere
1095 2520 1248 2570 etiam
1292 2520 1464 2572 uxoris
1509 2522 1752 2573 voluntati
1796 2537 1883 2572 co-

184 2598 334 2665 gitur.
668 2630 672 2649 ;

319 2677 440 2728 lude
484 2677 548 2726 ad
595 2678 739 2730 aliam
774 2678 1151 2730 meditationem
1195 2696 1462 2731 avocamur
1507 2682 1664 2732 choro
1710 2682 1881 2733 tertio.

186 2760 353 2823 Quum
386 2759 485 2807 iam
516 2766 709 2810 certum
743 2760 810 2809 sit
842 2760 1149 2826 Iphigeniam
1171 2762 1436 2825 immolari,
1471 2778 1536 2812 ne
1574 2764 1708 2813 hunc
1734 2778 1883 2812 even-

186 2847 295 2889 tum
327 2844 561 2903 tanquam
596 2855 704 2889 rem
737 2856 934 2890 saevam
966 2841 1279 2903 horreamus,
1315 2849 1552 2907 quantum
1569 2844 1713 2893 unius
1739 2841 1884 2910 puel-

188 2919 269 2968 lae
302 2923 468 2968 morte
510 2919 760 2969 commodi
794 2921 1084 2987 gloriaeque
1119 2923 1422 2984 redimatur,
1454 2923 1713 2973 docemur.
1780 2921 1885 2973 Ne-

189 2998 411 3048 cessario
446 3003 612 3047 autem
649 3000 858 3063 chorus,
907 3018 1020 3052 cum
1063 3002 1128 3051 sit
1162 3019 1191 3051 a
1225 3003 1509 3071 principum
1543 3003 1797 3053 consortio
1831 3006 1886 3053 et

190 3079 410 3129 consiliis
451 3078 783 3130 alienissimus
828 3086 880 3132 et
919 3082 1125 3146 insuper
1172 3085 1371 3134 silentio
1415 3090 1588 3149 tegere
1633 3099 1760 3148 quae
1795 3098 1885 3133 au-

189 3159 318 3208 divit
361 3160 554 3219 iussuS,
609 3160 809 3210 omissis
854 3162 943 3225 iis,
989 3179 1119 3227 quae
1162 3164 1429 3214 mulierum
1477 3163 1884 3215 Chalcidensium

189 3245 419 3290 naturam
463 3238 729 3300 decerent,
785 3243 1064 3307 graviorem
1109 3246 1357 3308 quandam
1412 3244 1577 3294 induit
1616 3257 1884 3308 personam

190 3318 304 3370 loco
337 3318 555 3367 auctoris
590 3335 797 3370 monens
832 3337 961 3386 quae
993 3324 1252 3388 proposito
1287 3324 1580 3375 conducant.

323 3397 476 3451 Venit
507 3399 689 3450 deinde
713 3400 935 3452 Achillea
969 3404 1235 3468 impatiens
1269 3420 1439 3455 morae
1465 3409 1516 3454 et
1538 3401 1883 3468 postulaturus

193 3478 256 3530 ab
287 3478 685 3544 Agamemnone,
735 3486 795 3533 ut
837 3484 1022 3535 omissa
1058 3482 1262 3536 tandem
1295 3484 1612 3537 cunctatione
1642 3486 1727 3535 aut
1762 3495 1882 3533 con-
