2124 3860
1102 272 1225 327 344

717 503 784 560 C.
872 505 1580 563 Andromeda.

446 661 799 726 Argumentum
831 664 975 712 huius
1025 665 1306 730 tragoediae
1347 665 1986 733 rectissime‘Apollodorus

314 739 373 802 ΙΙ,
420 742 469 801 4,
495 744 541 789 3.
581 747 632 791 et
667 742 727 803 ll,
769 744 899 799 1,.4.
936 745 1168 794 reddidit.
1246 746 1538 795 Accuratius
1572 735 1808 810 quaedam
1842 746 1991 795 docet

313 820 668 870 Eratosthenes
703 823 750 869 in
787 822 973 874 Catast.
1011 827 1088 872 15.
1125 835 1176 873 et
1210 828 1317 885 17„
1354 827 1490 874 cuius
1524 826 1729 889 vestigia
1763 824 1989 888 Hyginus

311 902 495 966 pressit
543 901 591 949 in
631 908 767 967 poet.
802 909 985 954 astron.
1026 904 1087 965 ΙΙ,
1125 907 1200 952 10.
1270 906 1526 954 Accedunt
1561 905 1857 954 imitationes
1892 903 1990 952 Lu-

313 980 440 1029 ciani
460 980 584 1029 Dial.
607 982 742 1030 deor.
767 998 886 1031 mar.
915 984 1011 1043 14„
1048 984 1334 1034 Philostrati
1356 985 1500 1045 lm.1,
1521 988 1602 1036 29.
1632 1002 1681 1049 p.
1700 987 1813 1032 657.
1832 981 1988 1048 (774.)

312 1065 459 1123 atque
496 1059 660 1109 Ovidii
695 1061 817 1110 Met.
843 1061 929 1123 IV,
969 1066 1067 1112 670
1091 1080 1227 1129 seqq.
1304 1065 1527 1113 Latinam
1573 1065 1706 1113 illam
1741 1069 1791 1113 et
1823 1063 1988 1112 Attius
2014 1119 2031 1127 N

314 1144 366 1188 ct
398 1140 587 1189 Ennius
619 1142 954 1203 reddiderant,
990 1160 1199 1208 quorum
1236 1161 1296 1194 ex
1332 1146 1562 1210 operibus
1597 1145 1854 1209 depromta
1883 1143 1989 1192 fru-

313 1219 441 1267 stula
485 1225 678 1269 exstant
720 1222 840 1270 satis
887 1222 1147 1274 luculenta.
1215 1224 1509 1274 Structurae
1544 1224 1775 1273 dramatis
1810 1238 1991 1288 cogno-

313 1298 526 1348 scendae
571 1301 1017 1364 concinnandisque
1060 1305 1279 1368 reliquiis
1328 1310 1525 1368 praeter
1569 1304 1897 1353 Matthiaeum
1939 1306 1992 1351 et

312 1377 627 1427 Welckernm
676 1380 936 1429 Fritzsche
969 1383 1018 1430 in
1054 1385 1407 1432 commentario
1443 1385 1504 1431 ad
1541 1382 1846 1448 Thesmoph.
1881 1382 1990 1432 Ari-

314 1459 568 1521 stophanis
606 1460 792 1523 scripto
827 1476 1029 1525 operam
1065 1464 1185 1511 satis
1220 1463 1391 1511 utilem
1425 1463 1629 1511 navavit.
1686 1490 1704 1508 .

444 1537 752 1587 Prooemium
776 1541 1016 1589 trimetris
1040 1543 1368 1607 conscriptum
1392 1557 1486 1590 non
1507 1543 1668 1590 minus
1690 1541 1822 1601 huic,
1847 1557 1991 1605 quam

313 1617 520 1681 reliquis
554 1618 809 1682 Euripidis
844 1619 1053 1683 fabulis,
1099 1623 1425 1687 praemissum
1459 1621 1619 1670 fuisse
1652 1627 1787 1669 recte
1821 1621 1992 1685 dispu-

314 1698 434 1746 tavit
467 1698 756 1759 Fritzsche,
803 1715 899 1748 non
949 1702 1224 1765 prohibitus
1270 1703 1352 1749 ille
1399 1701 1594 1765 quidem
1641 1701 1805 1748 verbis
1844 1701 1990 1748 scho-

314 1776 489 1825 liastae
521 1778 584 1826 ad
610 1777 816 1828 Thesm.
842 1797 888 1831 v,
919 1782 1061 1830 1065.
1094 1782 1315 1845 scriptis:
1350 1784 1450 1831 τοῦ
1481 1778 1753 1844 προλόγου
1775 1771 1991 1842 Ἀνδρο-

315 1854 476 1921 μέδας
521 1856 755 1924 εἶςβολή;
802 1876 912 1908 nam
964 1858 1206 1927 εἰςβολὴν
1251 1862 1442 1926 prologi
1488 1877 1584 1912 non
1635 1876 1748 1909 esse
1787 1859 1991 1908 eandem

315 1943 463 2000 atque
497 1935 665 2004 ἀρχὴν
706 1941 810 1988 sive
855 1942 1253 2006 principium
1305 1942 1593 2006 intelligitur
1618 1947 1723 1989 tum
1758 1955 1821 1988 ex
1855 1939 1993 1988 Stra-

311 2018 455 2066 bonis
502 2020 864 2082 quodam-loco
913 2019 1063 2084 (Xlll.
1099 2040 1149 2087 p.
1183 2024 1319 2085 616.)
1359 2029 1461 2069 tum
1499 2036 1562 2069 ex
1596 2019 1991 2083 Myrmidonibus

311 2096 545 2161 Aeschyli
561 2099 627 2162 *).
697 2100 877 2149 Notum
925 2108 1001 2148 est
1048 2102 1281 2167 prologos
1326 2101 1601 2149 fabularum
1645 2099 1896 2163 Euripidis
1931 2113 1993 2146 ex

314 2174 503 2225 duabus
548 2178 659 2225 fere
706 2180 931 2241 partibus
979 2188 1235 2240 constare,
1282 2197 1486 2243 quarum
1535 2179 1674 2242 prior
1715 2180 1779 2227 sit
1813 2193 1990 2242 prooe-

312 2255 466 2303 mium
515 2257 619 2306 sive
654 2259 812 2305 oratio
852 2258 984 2305 dicta
1019 2260 1079 2306 ad
1115 2264 1450 2321 spectatores,
1499 2257 1653 2304 altera
1696 2257 1991 2320 plerumque

314 2334 513 2397 quidem
560 2337 883 2400 colloquium,
931 2337 1179 2385 interdum
1229 2342 1420 2398 autem,
1467 2336 1602 2383 velut
1646 2336 1696 2383 in
1742 2335 1872 2383 Ionis
1915 2334 1992 2382 fa-

313 2413 455 2476 bula,
515 2417 663 2465 etiam
710 2418 948 2465 canticum
996 2417 1099 2464 sive
1149 2416 1394 2466 monodia.
1473 2415 1615 2463 Hanc
1664 2415 1991 2477 posteriorem

312 2494 504 2558 prologi
537 2501 726 2559 partem
762 2493 1002 2561 εἰςβολὴν
1036 2512 1063 2543 a
1088 2496 1340 2544 veteribus
1369 2495 1606 2558 appellari
1646 2494 1840 2542 solitam
1877 2509 1990 2541 esse

315 2589 377 2622 ex
412 2574 665 2624 Strabonis
714 2582 860 2640 atque
897 2576 1221 2633 scholiastae,
1257 2591 1401 2638 quem
1439 2574 1570 2635 dixi,
1605 2574 1769 2623 verbis
1804 2572 1987 2622 intelli-

313 2654 445 2718 gitur
456 2671 472 2716 3
520 2670 613 2704 vox
647 2662 812 2705 autem
847 2656 955 2721 ipsa
990 2655 1415 2719 interpositionem
1451 2653 1717 2717 quandam,
1754 2668 1880 2716 quae
1913 2652 1989 2700 in-

313 2736 394 2782 ter
425 2737 733 2800 prooemium
770 2742 820 2785 et
853 2736 1094 2802 parodum
1133 2736 1402 2794 inseratur,
1451 2734 1730 2799 significare
1774 2732 1989 2780 videtur.

357 2824 361 2826 ’
445 2815 732 2879 Elegantius
778 2833 923 2880 quam
969 2815 1163 2879 gravius
1209 2814 1379 2861 Echus
1427 2829 1641 2878 persona
1689 2827 1808 2861 usus
1854 2815 1990 2859 esset

311 2894 541 2956 tragicus,
579 2897 624 2943 si
657 2896 929 2945 latitantem
957 2901 1072 2960 post
1097 2910 1293 2942 scenam
1316 2892 1470 2941 audiri
1505 2898 1710 2953 tantum,
1746 2907 1844 2939 non
1870 2904 1987 2938 con-

314 2973 442 3037 spici
475 2974 710 3037 eandem,
750 2975 956 3025 fecisset
991 2979 1042 3023 et
1075 2974 1186 3021 lusu
1244 2972 1545 3024 delectasset
1589 2974 1838 3021 theatrum
1883 2968 1986 3028 tali,

370 3179 421 3234 a<)
459 3178 604 3222 εἰπεῖν
634 3175 853 3231 Αἰσχύλον
880 3176 997 3220 κατὰ
1026 3176 1110 3230 τὴν
1142 3173 1346 3230 εἰςβολὴν
1382 3176 1465 3218 τοῦ
1497 3173 1543 3217 ἐν
1573 3168 1840 3228 Μυρμιδόσι
1868 3185 1987 3226 προ-

452 3247 613 3301 λόγου·
656 3245 742 3299 ,,ἰώ
784 3247 929 3292 Κάϊκε
960 3245 1144 3291 Maccui
1170 3241 1208 3287 τ’
1240 3241 1495 3303 ἐπιῤῥοαί.”
1551 3242 1796 3296 Incipiebat
1831 3240 1988 3282 fabula

453 3318 758 3374 Myrmidones
776 3331 802 3358 a
823 3318 1034 3361 trimetris
1052 3316 1165 3359 illis:
1192 3314 1304 3358 τάδε
1326 3313 1409 3370 μὲν
1431 3311 1639 3363 λεύσσεις,
1661 3304 1838 3366 φαίδιμ’
1857 3305 1988 3364 Ἀχιλ-

453 3388 547 3433 λεῦ.
599 3388 715 3429 Huic
739 3389 926 3431 orationi
953 3386 1302 3442 subiungebatur
1321 3385 1399 3427 illa
1423 3379 1621 3440 εῐςβολὴι
1661 3378 1714 3424 tc&
1729 3378 1873 3425 Κάϊκε
1893 3381 1986 3424 κτλ.

456 3459 526 3502 Cf.
553 3460 708 3502 Herm.
733 3472 883 3513 opusc.
911 3459 968 3504 Τ.
990 3458 1041 3500 V.
1065 3472 1109 3511 p.
1135 3454 1233 3497 139.
1285 3455 1514 3498 Fritzsche
1543 3454 1573 3495 1.
1598 3453 1629 3494 1.
