2170 3866
862 305 988 364 485

74 459 172 509 nisi
207 459 257 508 in
291 457 443 507 rebus
479 458 752 507 amicorum
787 456 1026 505 afflictis?
1067 470 1179 503 nam
1215 455 1265 503 in
1303 454 1538 504 secundis
1573 453 1776 519 quidem

74 555 171 589 non
207 543 283 588 est
320 555 464 603 opus.
534 539 686 588 Amas
739 538 997 602 coniugem
1033 541 1199 595 tuam;
1247 551 1338 599 per
1379 534 1508 583 hanc
1541 540 1593 583 te
1627 536 1776 584 obse-

76 635 163 669 cro
199 620 254 680 (o
290 635 371 667 me
405 620 673 678 miserum,
709 633 807 681 quo
842 613 1165 679 deveni!*)),
1213 615 1301 663 sed
1339 614 1611 678 quid‘mihi
1648 627 1775 678 opus

77 706 157 749 est
204 700 301 748 hac
336 701 695 760 obtestatione,
743 699 828 761 qui
877 713 969 763 pro
1004 697 1152 745 domo
1188 695 1419 744 universa
1454 693 1775 758 supplicem?

78 780 123 828 O
160 780 321 844 patris
356 779 529 838 frater,
566 796 595 827 0
616 783 808 843 patrue,
846 779 1007 843 ipsum
1031 776 1171 825 illum
1196 776 1498 824 exstinctum
1526 775 1618 821 sub
1640 777 1775 822 terra
1845 772 1849 777 '

73 861 201 910 haec
242 859 415 908 audire
462 858 690 908 existima
739 866 790 908 et
838 859 1052 906 animam
1101 857 1207 905 eins
1256 872 1404 920 supra
1439 860 1491 903 te
1527 852 1774 902 volantem

75 941 252 991 eadem
288 956 415 1003 quae
450 956 531 988 me
567 939 752 988 dicere.
822 939 929 988 Has
964 953 1056 1001 ego
1092 936 1350 996 lacrimas,
1396 936 1529 983 hunc
1563 934 1773 992 luctum,

75 1022 168 1071 has
230 1035 489 1069 aerumnas
547 1019 760 1069 salutem
826 1034 1097 1084 quaerenS,
1170 1018 1250 1066 cni
1309 1032 1484 1066 omnes
1549 1014 1774 1077 student,

77 1101 294 1164 suscepi.
1580 1115 1583 1117 ·

211 1180 307 1229 His
339 1179 525 1229 auditis
562 1179 819 1228 Menelaus
867 1195 1078 1228 necesse
1125 1179 1219 1228 sibi
1265 1193 1380 1226 esse
1425 1176 1548 1224 dicit
1588 1190 1775 1240 cogna-

74 1267 237 1310 torum
272 1260 403 1308 mala
437 1259 588 1308 etiam
636 1276 747 1309 cum
785 1261 1071 1308 discrimine
1117 1258 1291 1322 capitis
1343 1257 1632 1319 suscipere:
1681 1255 1775 1303 sed

75 1343 206 1390 enim
240 1357 298 1388 se
330 1356 441 1388 cum
478 1339 653 1402 exigua
689 1340 941 1388 sociorum
988 1355 1161 1395 manu,
1207 1336 1471 1402 fatigatum
1505 1336 1775 1395 laboribus,

74 1421 274 1469 venisse
308 1434 470 1483 neque
504 1418 616 1467 fieri
651 1434 820 1484 posse,
856 1426 912 1467 ut
946 1434 1195 1467 armorum
1232 1418 1279 1465 vi
1315 1417 1544 1480 superior
1577 1416 1684 1476 fiat,
1723 1421 1777 1464 et

72 1499 323 1550 dementis
358 1515 501 1558 esse,
537 1500 775 1563 populum
813 1501 884 1547 ira
919 1500 1276 1547 inflammatum
1313 1497 1442 1545 velle
1467 1497 1522 1544 'vi
1558 1496 1776 1561 compri-

70 1595 227 1629 mere.
298 1579 428 1626 Esse
461 1578 615 1644 igitur
650 1580 826 1628 callide
862 1580 1140 1629 cedendum
1192 1577 1431 1626 saevienti
1480 1582 1530 1624 et
1572 1582 1774 1641 tempus

73 1659 448 1724 speculandum,
485 1659 644 1707 donec
677 1661 889 1708 remisso
925 1662 1104 1725 spiritu
1150 1659 1309 1706 locum
1363 1658 1453 1706 det
1486 1657 1773 1704 misericor-

73 1739 199 1790 diae.
289 1739 622 1801 Quamobrem
672 1756 729 1788 se
778 1756 981 1805 operam
1018 1740 1275 1798 daturum,
1326 1741 1384 1786 ut
1417 1737 1673 1801 Tyndarei
1721 1742 1776 1785 et

73 1820 252 1868 civium
312 1819 674 1867 vehementiam
734 1821 906 1870 sedet:
971 1835 1156 1868 nocere
1215 1819 1344 1866 cnim
1397 1818 1560 1866 omnia
1605 1816 1772 1868 nimia.

74 1899 186 1949 Non
232 1914 386 1964 posse
435 1898 669 1948 Orestem
719 1901 815 1948 nisi
864 1901 1049 1949 astutia
1095 1899 1308 1956 servari;
1362 1914 1458 1947 non
1508 1914 1563 1945 se
1609 1895 1775 1945 vereri

74 1979 313 2044 Argivos,
363 1978 452 2027 sed
502 1980 648 2027 amici
701 1996 876 2029 caussa
919 1981 1135 2043 tempori
1180 1980 1366 2027 servire
1400 1993 1608 2026 necesse
1642 1993 1774 2026 esse.

74 2058 170 2108 His
205 2058 353 2107 dictis
391 2060 499 2108 sine
533 2076 670 2108 mora
706 2061 809 2108 abit
831 2061 905 2108 vir
931 2061 991 2108 ad
1019 2059 1151 2108 bella
1178 2060 1377 2122 quidem
1403 2058 1574 2107 uxoris
1596 2073 1774 2106 caussa

73 2139 320 2188 movenda
354 2140 715 2203 parat-issimus,
751 2139 810 2187 ad
850 2139 1196 2205 opitulandum
1233 2143 1399 2186 autem
1426 2138 1600 2185 amicis
1634 2137 1773 2202 igna-

72 2219 324 2276 vissimus,
359 2225 411 2266 et
445 2219 735 2268 destituitur
770 2219 981 2268 Orestes
1017 2226 1078 2268 eo
1113 2218 1392 2284 praesidio,
1435 2219 1485 2266 111
1531 2234 1631 2281 quo
1666 2217 1774 2267 solo

73 2298 372 2348 confidebat.

206 2377 261 2426 ln
296 2383 395 2426 tam
432 2380 717 2428 necessario
765 2386 995 2443 tempore
1029 2396 1248 2444 propere
1296 2397 1324 2428 a
1358 2379 1584 2428 Phocide
1618 2377 1774 2441 Pyla-

75 2458 166 2506 des
201 2459 442 2518 accurrit,
487 2459 676 2507 amicus
727 2459 898 2509 Oresti
944 2461 1218 2509 fidissimus
1262 2462 1495 2522 idemque
1543 2458 1773 2507 Electrae

75 2553 315 2603 sponsus:
351 2538 503 2588 cuius.
525 2538 761 2587 adventus
797 2547 851 2588 ut
886 2544 1051 2588 exstet
1085 2556 1291 2597 caussa,
1326 2542 1532 2603 fingitur
1566 2555 1593 2586 a
1628 2545 1774 2603 patre

75 2617 315 2682 Strophio
364 2623 571 2682 propter
615 2621 907 2668 societatem
956 2620 1162 2668 sceleris
1213 2622 1400 2669 eiectus
1458 2637 1587 2668 esse.
1668 2619 1772 2667 Iam

75 2698 211 2747 cives
248 2698 298 2745 in
332 2697 499 2745 forum
535 2698 595 2746 ad
631 2700 869 2748 iudicium
905 2700 967 2748 de
1013 2701 1276 2765 parricidis
1322 2701 1605 2749 faciendum
1653 2715 1774 2748 con-

74 2786 364 2843 gregantur:
413 2778 580 2839 itaque
627 2779 838 2844 Pylades
885 2783 1056 2829 videns
1093 2781 1335 2840 amicum,
1384 2798 1528 2845 quem
1564 2779 1775 2844 perinde

76 2874 136 2906 ac
167 2873 222 2905 se
250 2857 412 2920 ipsum
438 2857 613 2920 diligit,
642 2860 939 2924 desolatum,
967 2861 1198 2930 Menelao
1226 2862 1400 2926 ignavo
1423 2867 1573 2924 atque
1598 2860 1772 2922 infido,

74 2937 343 3002 Tyndareo
388 2936 538 2985 huius
583 2939 877 2990 affinitatem
920 2942 1166 2991 amicitiae
1213 2942 1600 3008 Agamemnonis
1634 2946 1774 2990 ante-

132 3145 181 3200 ἧς)
212 3143 365 3186 Schol.
398 3159 442 3186 v.
472 3142 582 3186 660:
619 3141 769 3202 ἠρέμα
806 3147 885 3191 καὶ
915 3145 1028 3191 καθ’
1060 3146 1228 3191 ἑαυτὸν
1258 3146 1387 3204 λέγει,
1418 3148 1655 3204 οἰκτείρων
1684 3144 1773 3189 αὖ-

217 3210 324 3267 τόν,
362 3210 436 3257 ὅτι
466 3213 594 3273 μέχρι
625 3215 851 3262 τοσούτου
881 3220 1118 3275 προῆλθεν
1148 3217 1275 3276 αὐτῷ
1305 3217 1362 3261 τὰ
1393 3219 1476 3273 τῆς
1515 3218 1772 3272 δυςτνχιάς,

220 3280 282 3334 ὥς
311 3282 390 3326 διὰ
421 3286 508 3328 τοῦ
534 3289 801 3344 μεμνῆσθαι
828 3291 912 3345 τῆς
940 3289 1120 3344 Ἑλένης
1149 3290 1410 3346 προςδοκᾶν
1441 3290 1664 3346 βοηθείας
1692 3302 1775 3331 τυ-

220 3358 337 3409 χεῖν·
376 3353 570 3410 οἷνάξιον
608 3355 694 3416 γὰρ
726 3358 896 3404 ἑαυτοῦ
924 3360 1103 3416 ἡγεῖται
1131 3357 1186 3403 τὸ
1218 3359 1294 3403 καὶ
1323 3357 1467 3414 μόνον
1504 3360 1774 3415 μεμνῆσθαι

220 3423 442 3483 τοιαύτης
470 3429 712 3486 γυναικός,
756 3428 868 3487 μήτι
896 3447 946 3487 γε
974 3430 1055 3476 καὶ
1083 3431 1238 3475 δοκεῖν
1267 3429 1496 3484 σώζεσθαι
1524 3427 1585 3475 δι’
1616 3424 1773 3484 αὐτῆς.
