2170 3866
867 278 993 336 469

82 429 235 483 'rebus
271 428 712 489 administrandis,
766 426 889 477 levis
933 426 1041 475 visa
1085 427 1164 475 est
1199 423 1309 474 eius
1343 423 1790 474 auctoritas-sum-

83 511 180 562 mis
211 510 334 558 viris
373 509 582 574 Polybio
619 514 768 572 atque
803 508 1056 571 Augusto,
1097 522 1307 571 quorum
1343 505 1426 552 hic
1461 503 1787 552 sententia'mt

216 587 463 657 ἀσφαλὴς
497 590 600 655 γάρ
635 585 738 639 ἐστ’
774 586 1008 653 ἀμείνων
1051 585 1085 653 ἢ
1119 578 1333 649 θρασὺς
1364 581 1737 649 στρατηλάτης,

82 674 282 740 saepius
318 673 592 737 usurpavit,
630 670 715 719 ille
739 669 1045 718 Demetrium
1079 669 1141 717 ad
1171 668 1343 732 fugam
1370 666 1633 730 impellens
1666 678 1788 713 usus

82 759 164 804 est
198 754 356 802 hocce
397 769 572 801 versu:

214 831 340 883 ἴσον
373 830 523 899 φέρει
557 830 670 894 νύξ,
703 832 818 890 τοῖς
851 826 908 882 δὲ
946 827 1215 893 τολμῶσιν
1245 824 1423 878 πλέον.

217 914 401 964 Contra
436 915 769 964 recentiorum
805 913 858 974 ii,
896 913 979 976 qui
1017 912 1087 960 nil
1124 915 1313 959 rectum
1351 925 1483 971 esse,
1519 907 1615 956 nisi
1651 906 1786 971 quod

82 998 167 1043 aut
200 995 482 1060 Aeschylus
518 1000 605 1043 aut
630 993 910 1059 Sophocles
934 992 1209 1040 invenisset
1233 994 1638 1055 usurpassetque‚
1674 988 1785 1052 opi-

82 1076 341 1135 nabantur,
375 1077 718 1141 vituperarunt
752 1075 946 1138 copiam
983 1072 1265 1137 argumenti
1292 1070 1592 1119 uberrimam
1618 1075 1668 1118 et
1693 1069 1784 1117 ob-

80 1159 362 1205 trectarunt
398 1156 532 1205 laudi
568 1153 1041 1219 praestantissimae,
1086 1151 1364 1214 constipata
1398 1167 1513 1199 esse
1545 1151 1595 1198 in
1629 1164 1784 1198 unum

82 1235 256 1284 drama
291 1237 511 1301 plurium
558 1242 847 1298 argumenta
883 1242 934 1282 et
970 1234 1222 1281 sollertiae
1258 1231 1452 1279 laudem
1489 1245 1640 1294 prava
1673 1236 1784 1278 arte

82 1316 356 1379 quaesitam
394 1331 508 1364 esse
540 1321 824 1380 arguentes,
894 1313 962 1361 Hi
997 1314 1383 1377 vituperatoreS,
1423 1325 1535 1357 cum
1573 1310 1782 1358 misere-

78 1400 159 1443 ret
193 1410 280 1443 eos
318 1394 556 1460 egestatis
593 1394 928 1454 aemulorum,
980 1391 1336 1455 malignitatem
1371 1392 1783 1450 obtrectatorum,

78 1489 202 1539 quos
239 1474 417 1524 Cicero
465 1475 785 1538 perstrinxit,
836 1473 1070 1521 aemulati
1106 1476 1251 1528 sunt,
1303 1472 1411 1536 qui,
1462 1486 1650 1535 „quum
1687 1471 1783 1518 ob-

78 1561 342 1603 ruerentur
376 1555 516 1619 copia
552 1555 910 1602 sententiarum
947 1562 1098 1618 atque
1133 1554 1424 1612 verborum,
1472 1551 1782 1600 ieiunitatem

79 1640 132 1684 et
165 1634 351 1683 famem
389 1651 445 1683 se
480 1635 662 1695 malle,
716 1651 861 1698 quam
899 1633 1182 1682 ubertatem
1218 1638 1269 1681 et
1302 1633 1495 1696 copiam
1531 1631 1781 1690 dixerunt,

80 1715 171 1763 sed
206 1715 347 1763 brevi
395 1716 768 1776 conticuerunt,
815 1729 976 1780 paene
1025 1714 1086 1762 ab
1135 1714 1246 1779 ipso
1293 1713 1406 1762 foro
1442 1711 1610 1760 irrisi''
1648 1711 1777 1774 (cic.

30 1790 35 1795 ’
78 1794 232 1844 Tusc.
269 1794 331 1855 11,
368 1794 460 1858 1.).
1443 1811 1446 1814 ’

217 1874 345 1923 Cum
379 1875 547 1924 hieme
591 1876 703 1924 anni
736 1878 836 1924 408
870 1880 979 1924 acta
1012 1877 1140 1925 haec
1178 1876 1344 1926 fabula
1379 1877 1542 1935 esset,
1592 1879 1782 1922 aestate

80 1956 194 2004 anni
226 1957 327 2003 406
373 1961 548 2012 nocte,
601 1972 727 2018 quae
773 1957 1050 2020 praecessit
1094 1974 1306 2022 pugnam
1343 1956 1475 2020 apud
1510 1956 1779 2019 Arginusas

80 2035 296 2098 factam,
348 2036 674 2100 Thrasyllus,
733 2037 1111 2086 Atheniensium
1157 2038 1456 2101 imperator,
1510 2037 1641 2083 visus
1688 2036 1782 2083 sibi

81 2121 162 2166 est
204 2117 256 2164 in
300 2117 485 2165 somnis
533 2116 821 2180 plenissimo
868 2118 1068 2165 theatro
1120 2118 1251 2165 hanc
1295 2117 1607 2180 tragoediam
1669 2117 1782 2180 ipse

78 2211 193 2245 cum
229 2213 319 2244 sex
361 2197 567 2260 collegis
603 2213 770 2262 agere,
807 2196 1101 2262 Supplicum
1137 2196 1395 2260 Euripidis
1438 2195 1655 2244 fabulam
1691 2196 1781 2244 ad-

76 2277 309 2325 versariis
365 2277 655 2341 agentibus,
715 2282 766 2324 et
819 2277 992 2326 videre
1041 2278 1292 2325 victoriam
1347 2293 1474 2341 quae
1530 2277 1783 2326 diceretur

78 2356 347 2406 Cadmeam
384 2357 614 2416 evenire,
650 2358 976 2406 morientibus
1013 2359 1271 2412 omnibuS,
1318 2357 1403 2419 qui
1438 2365 1631 2420 septem
1667 2357 1779 2405 illo-

77 2452 192 2486 rum
218 2436 400 2484 ducum
438 2437 574 2485 vices
603 2442 860 2497 tenerent3
897 2437 964 2486 cf.
992 2437 1133 2486 Diod.
1166 2437 1293 2495 XIlI,
1320 2440 1401 2484 97.
1467 2436 1544 2484 Ex
1570 2437 1669 2484 hoc
1695 2452 1772 2484 so·

78 2517 214 2564 muio
248 2531 394 2579 quam
428 2517 643 2579 graviter
675 2517 910 2582 populuS,
948 2534 1101 2581 quum
1132 2518 1345 2582 primum
1375 2522 1645 2581 spectaret,
1681 2516 1781 2564 hoc

83 2595 308 2643 dramate
342 2596 554 2645 affectus
604 2597 701 2657 sit,
750 2598 1017 2646 aestimare
1065 2598 1201 2648 licet.
1287 2597 1354 2644 Et
1388 2597 1615 2644 admirati
1664 2611 1780 2644 esse

77 2676 410 2733 Athenienses
459 2677 585 2724 adeo
619 2677 907 2738 traduntur,
955 2683 1011 2727 ut
1054 2678 1530 2742 ne'Aristophanes
1576 2676 1777 2739 quidem

79 2756 127 2804 ei
163 2756 372 2803 auderet
407 2757 703 2818 obtrectare,
740 2759 828 2806 sed
866 2758 1065 2806 silentio
1100 2774 1206 2806 eam
1234 2758 1536 2823 praeteriret
1564 2772 1625 2803 eo
1651 2757 1778 2815 loco,

79 2851 179 2900 quo
227 2835 464 2900 Aeschyli
511 2842 704 2900 septem
753 2844 923 2887 contra
971 2837 1175 2886 Thebas
1228 2838 1432 2886 laudans
1467 2837 1777 2884 occasionem

77 2920 256 2966 nactus
292 2923 399 2963 erat
433 2915 763 2965 maledicendi
797 2917 1119 2982 imitatori*).
1191 2917 1368 2980 Neque
1401 2916 1642 2966 irridendi
1677 2916 1779 2964 Eu-

78 2996 252 3062 ripidis
298 3012 474 3043 caussa
519 2995 820 3046 Phoenissas
871 3000 1157 3047 comoedias
1203 3003 1288 3047 aut
1327 2998 1397 3046 ‘ab
1443 2997 1780 3061 Aristophane

77 3080 163 3128 aut
195 3093 224 3126 a
259 3075 534 3139 Strattide,
568 3078 792 3142 quamvis
827 3080 1088 3141 materiem
1125 3080 1185 3128 ab
1222 3078 1463 3144 Euripide
1497 3077 1775 3128 mutuanti—

136 3346 189 3403 ἢ
215 3347 371 3391 Schol.
412 3347 586 3391 Ranar.
630 3347 855 3405 Aristoph.
898 3365 943 3393 v.
973 3349 1053 3393 53:
1094 3345 1254 3405 ἐπειδὴ
1295 3346 1350 3393 οὖ
1389 3343 1684 3406 συκοφαντέα
1722 3337 1780 3401 ἦν

218 3432 432 3462 τοιαυτα.
