2170 3866
1063 260 1190 321 558

275 405 519 458 Stobaeus
573 411 670 457 etc.
762 406 948 457 Totam
996 408 1109 459 fere
1163 409 1381 462 fabulam
1429 413 1480 462 in
1526 428 1668 462 suum
1718 415 1964 466 convertit

273 503 416 536 usum
451 485 658 536 Nonnus
684 486 827 537 Dion.
855 488 1029 539 XLIV.
1058 506 1197 555 seqq.
1248 498 1299 540 et
1332 492 1559 556 plurimis
1594 493 1704 542 eius
1736 494 1961 544 versibus

271 566 455 615 abusus
491 573 571 617 est
604 567 1122 633 Pseudo-Gregorius.
1200 571 1471 637 Euripides
1517 578 1682 621 autem
1717 573 1828 638 ipse
1861 575 1961 624 Ae—

270 647 497 710 schylum
534 648 641 696 sine
678 648 826 697 dubio
861 650 1084 699 imitatus
1121 656 1215 713 est,
1257 653 1305 700 id
1356 653 1486 717 quod
1520 655 1706 702 vastius
1739 653 1962 702 affirma-

269 726 341 773 vit
389 727 654 777 Barnesius
704 737 1048 792 argumentum
1095 738 1238 781 vetus
1287 733 1624 799 interpolans:
1680 731 1742 784 τὸ
1789 734 1962 799 ὄνομα

267 804 440 870 μόνον
472 807 883 875 μεταπεποίηται
917 809 1188 878 Εὐριπίδῃ
1212 812 1283 871 *).

399 888 755 940 Recentiorum
793 892 942 941 etiam
979 893 1031 953 ii,
1079 895 1164 957 qui
1197 893 1509 942 infestissimi
1543 893 1746 944 fuerunt
1779 894 1960 943 carini-
2045 933 2057 948 .

264 968 412 1018 nibus
447 970 723 1034 Euripidis,
771 973 870 1021 hoc
905 972 1074 1022 drama
1108 989 1206 1024 non
1239 977 1513 1040 probarunt
1545 978 1753 1041 tantum,
1786 990 1961 1027 verum

265 1048 418 1099 etiam
450 1049 679 1100 laudibus
715 1052 999 1103 extulerunt
1021 1050 1119 1112 **).

944 1246 1283 1254 -————-—-——

698 1387 771 1444 D.
856 1389 1523 1447 Archelaus·

395 1523 756 1588 Argumentum
789 1524 1018 1589 Hyginus
1063 1525 1165 1574 fab.
1200 1527 1316 1577 219.
1361 1526 1608 1589 exposuit,
1655 1526 1797 1576 cuius
1843 1542 1956 1575 nar-

262 1604 470 1652 rationis
507 1605 602 1653 hoc
639 1612 718 1654 est
753 1606 972 1654 initium:
1027 1606 1357 1666 „Archelaus‚
1392 1604 1603 1654 Temeui
1629 1606 1782 1668 filius,
1816 1606 1958 1656 exsul

265 1703 293 1734 a
328 1686 569 1734 fratribus
607 1687 816 1748 eiectus,
851 1687 900 1734 in
937 1685 1285 1734 Macedoniam
1321 1685 1380 1734 ad
1418 1702 1587 1750 regem
1604 1686 1837 1736 Cisseum
1869 1702 1957 1736 ve-

262 1766 391 1815 nit.''
463 1766 653 1827 Quibus
690 1767 854 1815 verbis
893 1766 1023 1814 adde
1059 1783 1184 1831 quae
1211 1767 1303 1815 Dio
1330 1766 1512 1832 Chrys.
1543 1773 1664 1817 orat.
1696 1767 1779 1818 1V.
1803 1783 1853 1831 p.
1873 1769 1956 1817 70.

264 1850 431 1905 (163.)
463 1847 734 1909 Diogenem
773 1847 1053 1896 Alexandro
1088 1848 1214 1896 fecit
1248 1847 1523 1896 dicentem:
1559 1845 1592 1913 ἢ
1630 1846 1730 1898 οὐκ
1764 1846 1958 1898 αἰπό-

260 1929 379 1986 λος
426 1919 495 1991 ἧν
542 1924 572 1977 ὁ
610 1918 888 1991 Ἀρχέλαος
934 1924 1026 1978 καὶ
1068 1920 1236 1993 ἦλθεν
1282 1926 1355 1987 εἰς
1398 1927 1754 1979 Μακεδονίαν
1800 1922 1958 1995 αἶγας

263 2003 535 2067 ἐλαύνωνς
591 2007 822 2071 πότερον
871 2002 973 2059 οὖν
1020 2005 1079 2060 ἐν
1124 2008 1383 2077 πορφύρᾳ
1428 2011 1632 2074 μᾶλλον
1676 2008 1711 2076 ἢ
1762 2007 1821 2061 ἐν
1855 2009 1958 2061 δι-

262 2087 489 2155 φθέρᾳ
537 2087 616 2155 εἴη
663 2094 828 2140 τοῦτο
876 2092 1079 2149 ποιεῖνς
1162 2093 1331 2140 Habes
1380 2092 1531 2155 igitur
1576 2107 1748 2141 rursus
1794 2091 1956 2157 philo—

261 2172 473 2235 sophum
509 2171 605 2228 vel,
642 2172 684 2218 si
722 2188 832 2220 cum
869 2172 1206 2236 Aristophane
1241 2173 1412 2220 dicere
1446 2173 1618 2230 mavis,
1652 2173 1956 2233 mendicum,

262 2252 348 2315 qui
410 2251 472 2299 ad
532 2250 867 2299 humillimum
927 2253 1054 2300 vitae
1110 2267 1270 2316 genus
1328 2252 1638 2300 descendere
1701 2253 1956 2315 patriaque

261 2338 312 2381 et
355 2320 523 2395 regn'o'
562 2346 733 2378 carere
777 2331 948 2378 mallet
994 2346 1141 2393 quam
1187 2330 1361 2377 eadem
1407 2346 1519 2377 cum
1556 2331 1710 2378 caede
1743 2330 1955 2380 fratrum

261 2428 318 2460 ac
354 2410 664 2475 popularium
701 2426 966 2475 occupare.
1026 2409 1138 2459 Hoc
1172 2409 1322 2473 igitur
1355 2409 1529 2457 habitu
1560 2410 1842 2474 vestituque
1859 2411 1956 2459 Ar-

261 2493 488 2541 chelaum
523 2491 573 2538 in
608 2506 806 2539 scenam
843 2491 1172 2555 prodeuntem
1214 2489 1505 2553 exposuisse
1549 2495 1669 2553 puta
1705 2490 1769 2538 de
1803 2491 1956 2539 maio-

261 2590 371 2621 rum
418 2587 622 2619 suorum
669 2571 822 2619 rebus
869 2571 1024 2634 gestis
1077 2570 1240 2634 deque
1299 2585 1388 2618 sua
1435 2570 1751 2619 conditione:
1807 2571 1954 2620 cuius

261 2653 452 2719 prologi
488 2651 679 2699 initium
714 2652 874 2699 hocce
908 2655 1156 2699 servatum
1195 2656 1301 2698 est:

396 2729 631 2789 Δαναός,
668 2728 698 2780 ὁ
733 2730 1063 2796 πεντήκοντα
1097 2727 1418 2795 θυγατέρων
1450 2728 1642 2795 πατήρ,

396 2810 601 2864 Νείλου
636 2809 806 2861 λιπὼν
838 2811 1120 2862 κάλλιστον
1153 2809 1407 2870 εὐκταίως
1424 2809 1539 2874 ***)
1573 2808 1723 2876 ὕδωρ
1755 2837 1823 2846 -

395 2894 455 2954 ὃς
490 2890 547 2943 ἐκ
580 2892 970 2958 μελαμβρότοιο
1005 2894 1304 2959 πληροῦται
1339 2888 1472 2956 ῥοὰς

396 2972 717 3034 Αἰθιοπίδος
751 2979 866 3039 γᾶς,
900 2972 1040 3040 ἡνίκ’
1076 2971 1146 3024 ἂν
1178 2978 1314 3039 τακῇ
1349 2971 1496 3038 χιών,

319 3118 372 3172 *)
412 3117 479 3158 Cf.
505 3117 710 3159 Schoene
736 3118 791 3158 de
810 3131 929 3172 pers.
950 3117 994 3159 in
1015 3118 1120 3158 Eur.
1144 3117 1313 3158 Bacch.
1335 3114 1496 3157 habitu
1518 3112 1695 3155 scenico
1715 3127 1760 3168 p.
1785 3109 1846 3152 1.>

290 3187 369 3242 ssss)
408 3187 476 3229 Cf.
502 3187 787 3243 Schlegel
813 3189 867 3230 T.
895 3188 928 3228 1.
951 3203 995 3242 p.
1024 3186 1121 3228 256.
1192 3187 1422 3241 Gruppe
1453 3184 1632 3227 Ariadn.
1665 3197 1708 3237 p.
1728 3180 1813 3223 381
1831 3189 1951 3243 seqq.

406 3259 581 3311 Quibus
621 3259 761 3300 adde:
805 3259 860 3300 de
896 3258 1126 3312 Euripidis
1155 3257 1428 3299 Bacchahus
1462 3269 1546 3296 scr.
1568 3255 1621 3295 G.
1654 3254 1711 3295 H.
1742 3252 1951 3308 Meyer.

403 3329 648 3385 Gottingae
677 3328 801 3370 1833.
862 3329 987 3371 Silb
1003 3343 1061 3370 er
1088 3329 1144 3370 de
1173 3327 1328 3382 Eurip.
1359 3326 1568 3368 Bacchis.
1599 3325 1750 3366 Berol.
1770 3320 1895 3364 18:3⁴1.

263 3399 370 3455 ἢῆ
410 3401 553 3456 Vulgo
594 3397 644 3442 ἐκ
681 3400 840 3454 γαίαςς
883 3400 962 3440 sed
991 3399 1204 3441 Tiberius
1240 3398 1286 3439 in
1315 3398 1451 3439 Rhet.
1472 3397 1549 3439 Gr.
1574 3396 1629 3439 T.
1654 3394 1768 3436 vul.
1789 3406 1832 3447 p.
1853 3390 1952 3434 577.

404 3471 592 3525 praebet
621 3467 857 3526 εὐκταίηςε
888 3469 1011 3513 idem
1037 3484 1174 3514 versu
1203 3473 1362 3524 quarto
1393 3467 1572 3511 veriora
1601 3462 1813 3507 servavit.
