2170 3866
1169 266 1299 323 466

372 415 667 466 abstrahere
703 412 866 463 Creon
901 416 1111 463 conatur
1145 413 1495 477 obtestantem,
1531 419 1589 464 ut
1621 414 1795 464 saltem
1821 415 2081 481 pulverem

374 498 610 555 iniicere,
644 493 849 543 vulnera
883 494 1134 560 obligare,
1173 493 1376 542 abluere
1410 510 1592 560 corpus
1628 499 1680 544 et
1713 496 1989 544 exosculari
2023 495 2082 543 li-

377 582 518 624 ceat:
565 574 696 637 quod
740 574 1014 624 infaustum
1064 574 1250 638 nuptiis
1303 590 1417 622 esse
1465 575 1662 624 dicente
1697 576 1943 637 Creonte,
1996 576 2084 624 illa

375 657 655 704 iuramento
705 654 924 703 affirmat
973 671 1060 714 se,
1108 656 1150 703 si
1190 654 1295 702 filio
1345 654 1578 703 Creontis
1626 657 1816 705 nubere
1862 662 2084 722 cogatur,

382 737 656 786 Danaidum
693 751 838 783 unam
875 734 1119 783 futuram:
1157 735 1335 799 quibus
1369 736 1669 800 perterritus
1695 736 1839 785 minis
1861 735 1945 785 hic
1971 752 2083 785 eam

381 818 519 865 abire
556 817 757 879 patitur.
828 815 954 863 Cum
991 822 1132 879 patre
1167 816 1295 863 enim
1334 821 1384 863 et
1419 817 1645 864 exsilium
1681 822 1733 864 et
1758 822 1967 864 mortem
2003 822 2082 865 to-

379 898 593 946 leratura
631 902 737 954 est,
783 894 907 943 illud
942 912 1039 944 non
1073 896 1310 944 dedecori
1346 897 1473 957 sibi,
1509 897 1599 944 sed
1635 896 1823 961 gloriae
1858 913 1974 945 esse
2007 897 2084 944 in-

379 977 627 1040 telligens,
725 975 1054 1024 contrectans
1120 976 1301 1025 deinde
1354 992 1501 1025 manu
1557 977 1800 1031 cadavera
1860 976 2084 1040 Oedipus

381 1056 574 1105 oraculi
614 1055 981 1117 reminiscitur,
1036 1072 1134 1120 quo
1170 1057 1219 1104 in
1267 1057 1474 1105 delubro
1510 1056 1593 1104 dei
1642 1059 1890 1119 equestris
1925 1072 2086 1121 prope

381 1136 603 1186 Athenas
651 1151 785 1183 mors
836 1136 885 1183 ei
933 1136 1276 1201 portendatur.
1348 1136 1553 1185 Manum
1602 1137 1755 1200 igitur
1797 1137 2088 1202 porrigente

379 1216 484 1264 filia
536 1232 595 1264 ac
638 1217 884 1278 dirigente
930 1216 1140 1280 gradus,
1202 1233 1357 1266 senex
1405 1232 1584 1265 coecus
1629 1217 1884 1266 simulacri
1915 1216 2088 1267 ‚instar

382 1297 546 1345 fluxus
583 1296 917 1360 caducusque,
960 1298 1208 1360 quondam
1246 1297 1549 1347 clarissimus
1584 1297 1792 1346 victoria
1827 1295 2084 1362 Sphingis,

381 1377 543 1442 patria
580 1377 795 1424 excedit.

515 1456 832 1504 Patheticum
867 1457 965 1504 hoc
1001 1462 1079 1505 est
1115 1456 1314 1516 drama,
1367 1457 1415 1505 id
1453 1458 1587 1520 quod
1623 1462 1848 1506 veterum
1883 1454 2086 1520 quidam

380 1537 809 1599 grammaticorum
838 1537 1055 1585 notavit:
1084 1539 1396 1599 περιπαθεῖς
1418 1539 1558 1602 ἄγαν
1583 1535 1640 1587 αἱ
1657 1535 1938 1587 Φοίνισσαι
1962 1551 2086 1598 toa·

380 1614 551 1682 γῳδία
564 1614 633 1677 *).
688 1615 843 1664 lidem
874 1616 995 1664 illud
1021 1619 1299 1681 argumenti
1326 1619 1576 1666 ditissima
1602 1619 1745 1682 copia
1769 1624 1822 1666 et
1850 1630 2087 1682 persona-

383 1714 493 1745 rum
526 1696 846 1745 multitudine
882 1702 934 1746 et
958 1699 1314 1746 sententiarum
1343 1699 1876 1762 praestantissimarum
1901 1695 2087 1745 crebri-

382 1783 488 1826 tate
514 1783 566 1825 et
594 1778 780 1824 scenici
807 1783 1077 1842 apparatus
1108 1778 1375 1841 cultusque
1403 1780 1647 1827 varietate
1674 1785 1824 1843 atque
1853 1776 2088 1840 amplitu-

384 1858 501 1905 dine
537 1857 784 1905 excellere
819 1862 1094 1905 testantur:
1130 1855 1238 1906 ἔστι
1259 1854 1317 1906 δὲ
1338 1857 1397 1908 τὸ
1424 1857 1602 1922 δρᾶμα
1626 1855 1717 1908 καὶ
1741 1855 2087 1920 πολυπρόςω-

381 1953 489 1988 πον
520 1933 610 1986 καὶ
646 1937 882 2000 γνωμῶν
915 1937 1130 1987 πολλῶν
1167 1936 1361 2001 μεστὸν
1388 1936 1480 1989 καὶ
1506 1940 1687 1990 καλῶν
1717 1967 1780 1978 -
1828 1936 1938 1989 ἔστι
1970 1938 2086 1996 ταῖς

385 2019 661 2082 σκηνικαῖς
696 2018 848 2076 ὄψεσι
883 2017 1050 2068 καλὸν
1083 2017 1144 2068 τὸ
1181 2019 1376 2082 δρᾶμα.
1439 2021 1660 2082 Quarum
1685 2015 1886 2073 lflum
1913 2019 1977 2068 de
1999 2033 2087 2067 ex-

383 2109 541 2149 trema
568 2099 717 2147 hodie
747 2099 957 2147 difficile
979 2106 1059 2148 est
1086 2100 1336 2160 iudicare;
1360 2100 1447 2148 sed
1477 2102 1674 2150 videtur
1696 2107 1802 2150 tum
1824 2099 1996 2160 turris,
2026 2113 2089 2147 ex

383 2196 480 2244 qua
508 2179 560 2227 in
586 2179 803 2226 hostium
830 2183 997 2243 castra
1022 2182 1264 2242 Antigone
1289 2181 1643 2245 prospiciebat,
1665 2186 1772 2229 tum
1795 2179 2088 2246 peregrinus

383 2259 522 2307 chori
558 2258 758 2305 habitus
802 2262 904 2306 tum
951 2275 1131 2322 pompa
1166 2260 1438 2322 spoliorum
1474 2276 1536 2307 ex
1579 2260 1770 2323 proelio
1814 2259 2087 2307 relatorum

382 2339 620 2388 habuisse
676 2336 807 2401 quod
859 2337 1146 2385 adverteret
1192 2343 1501 2400 spectatores
1553 2339 1823 2402 oculosque
1869 2340 2086 2386 teneret.

384 2418 526 2468 Haec
553 2422 718 2466 autem
744 2417 910 2464 omnia
937 2417 1216 2465 necessaria
1240 2416 1459 2476 fuerunt,
1483 2424 1536 2466 ut
1565 2417 1821 2466 fastidium
1837 2421 2087 2482 spectato-

384 2515 515 2558 rum,
545 2499 739 2546 duobus
762 2497 858 2544 iam
881 2498 1151 2561 tragoediis
1175 2497 1508 2560 fatigatorum,
1537 2499 1834 2548 vinceretur.
1869 2497 2088 2562 Compo-

386 2584 565 2627 nentes
594 2577 691 2624 hoc
713 2592 913 2625 carmen
938 2592 1049 2625 cum
1078 2577 1316 2641 Aeschyli
1347 2579 1572 2626 dramate
1599 2579 1806 2627 eandem
1833 2578 2088 2626 materiam

388 2659 668 2719 tractantis,
698 2662 934 2719 quantum
972 2673 1052 2705 ars
1080 2658 1382 2721 tragicorum
1410 2666 1668 2722 poetarum
1696 2658 1987 2723 profecerit,
2011 2657 2088 2705 in·

388 2738 676 2802 telligimus.
732 2737 879 2801 Apud
913 2738 1046 2785 hunc
1081 2737 1210 2785 enim
1244 2753 1336 2801 per
1369 2754 1516 2789 unum
1553 2747 1775 2788 actorem
1799 2738 1947 2786 modo
1975 2752 2090 2786 cum

390 2819 545 2866 choro
569 2833 827 2866 sermones
845 2823 1187 2865 conserentem
1215 2818 1364 2866 modo
1390 2820 1546 2867 nuntii
1571 2821 1858 2868 audientem
1889 2817 2088 2866 relatio-

389 2914 481 2947 nes
521 2899 670 2946 modo
703 2898 910 2946 consilia
952 2913 1041 2946 sua
1089 2897 1422 2947 declarantem
1461 2901 1702 2964 pleraque
1731 2899 2088 2963 transiguntur,

389 2994 519 3042 quae
545 2977 706 3026 forma
741 2978 1018 3026 orationum
1052 2993 1080 3025 a
1106 2978 1332 3026 continua
1369 2981 1647 3028 narratione
1671 2996 1761 3043 per
1783 2978 2088 3042 rhapsodum

391 3058 604 3121 aliquem
629 3059 835 3106 recitata
855 3058 990 3106 haud
1013 3058 1220 3106 multum
1246 3059 1437 3109 differt.
1480 3061 1746 3124 Euripides
1772 3075 1891 3108 vero
1914 3073 2087 3107 nume-

389 3154 447 3188 ro
470 3153 792 3201 personarum
818 3143 957 3186 tanto
984 3143 1061 3186 est
1084 3153 1221 3197 usu8‚
1250 3144 1324 3200 ut,
1352 3141 1602 3203 quomodo
1626 3148 1729 3188 tres
1757 3143 1952 3187 actores
1979 3136 2088 3185 suf-

390 3218 626 3278 fecerint,
663 3217 874 3267 difficile
908 3219 976 3266 sit
1008 3218 1275 3282 explicatu.
1330 3219 1383 3267 ln
1421 3237 1566 3284 quam
1590 3237 1695 3270 rem
1719 3219 1800 3283 qui
1825 3233 1986 3282 nuper
2013 3218 2087 3266 in-

391 3298 712 3390 quisiverunt,
747 3296 841 3346 hos
886 3298 1020 3364 fugit
1054 3297 1184 3361 quod
1224 3299 1272 3348 in
1304 3300 1510 3350 scholiis
1544 3301 1607 3350 ad
1642 3317 1685 3351 V.
1707 3302 1790 3350 93.
1818 3298 2090 3347 memoriae

448 3465 500 3520 *J
531 3466 677 3524 Vulgo
706 3465 765 3524 τῇ
794 3465 1042 3524 τραγῳδίᾳ.
