2170 3866
930 277 1053 338 551

130 426 317 478 laribus
351 426 602 489 exhibeat,
638 433 896 493 postremo
930 423 1300 478 dilacerandum
1335 425 1483 475 matri
1518 428 1572 477 et
1607 425 1834 490 cognatis

176 524 204 557 a
273 511 313 558 t.

127 513 176 559 tr
207 506 317 636 daln
352 585 452 637 hoc
485 590 590 635 toto
626 591 738 637 actu
762 587 1028 647 neminem,
1063 585 1287 650 quamvis
1312 585 1380 636 sit
1406 584 1471 633 ad
1497 583 1831 635 accusandum

129 668 486 742 lmhs*›v„›3.ffff
512 688 582 745 437·
582 684 656 740 vis
690 667 921 755 Euripidi
954 666 1199 731 infensu8‚
1233 666 1456 716 invenire
1490 664 1622 728 quod
1657 681 1832 730 repre-

223 810 229 815 ,
314 742 327 754 ’
362 733 590 761 ”“
763 762 768 772 ’-
799 747 802 749 ’
854 742 1172 798 'incendium
1224 748 1422 798 aedium
1471 751 1522 794 et
1567 745 1834 795 concussio

128 818 238 879 tum
266 816 336 870 ‘'²²‘'.'²
359 818 695 877 achi
737 829 868 877 intus
915 828 1168 895 operantis
1209 833 1318 878 tum
1352 825 1687 892 trepidatione
1721 842 1832 875 mu-

130 908 307 958 lierum
344 924 505 973 prope
538 909 840 959 adstantium
876 913 955 972 et,
1002 915 1056 958 ut
1103 926 1329 974 quaeque
1366 908 1452 958 ille
1486 907 1698 956 minatus
1734 911 1833 966 est,

132 988 314 1038 effecta
350 989 765 1051 significantium,
799 990 1048 1049 tumultu,
1081 1006 1294 1054 pavore,
1332 989 1552 1038 clamore
1585 993 1685 1036 tam
1718 1003 1833 1053 gra-

128 1069 258 1119 viter
294 1069 499 1118 auribus
550 1076 1020 1134 repraesentantur,
1068 1075 1126 1119 ut
1159 1070 1307 1119 etiam
1343 1085 1525 1118 scenae
1557 1067 1835 1116 imitatione

128 1149 263 1199 oculi
310 1166 483 1199 carere
526 1165 681 1214 posse
725 1150 1003 1200 videantur.
1073 1150 1214 1213 Quae
1260 1155 1426 1200 autem
1461 1148 1710 1198 narrando
1744 1162 1834 1196 ex-

127 1234 406 1294 ponuntur,
452 1234 554 1279 tam
605 1235 724 1296 apte
757 1231 957 1281 inventa
1002 1236 1116 1280 sunt
1163 1235 1368 1294 tamque
1400 1229 1603 1277 veritati
1636 1227 1834 1289 similia,

126 1315 185 1359 ut
208 1315 317 1359 acta
341 1310 428 1359 illa
461 1309 535 1358 sic
570 1325 700 1371 esse,
734 1315 789 1360 ut
822 1315 1115 1382 narrantur-‚y
1139 1311 1362 1382 quamvis
1397 1308 1496 1357 sint
1530 1324 1654 1357 nova
1679 1313 1833 1372 atque

124 1389 364 1451 inaudita,
397 1389 550 1438 facile
583 1390 863 1441 credamus
932 1387 1306 1456 Egregiesvero
1339 1389 1591 1454 ingenium
1623 1387 1833 1438 Penthei

125 1468 434 1533 descriptum
471 1473 566 1532 est,
602 1470 684 1519 cui
718 1487 847 1534 quae
877 1471 1011 1520 inest
1039 1471 1308 1518 alienorum
1337 1470 1638 1535 flagitiorum
1668 1468 1830 1532 suspi-

126 1550 204 1598 cio
240 1565 352 1598 cum
387 1549 653 1599 libidinosa
688 1552 1071 1614 spectandorum
1107 1555 1416 1599 secretorum
1451 1549 1683 1614 cupidine
1710 1564 1831 1598 con-

127 1629 297 1678 iuncta
340 1629 491 1678 facile
526 1630 716 1693 efficit,
767 1636 824 1680 ut
857 1631 1092 1681 muliebri
1122 1631 1294 1680 habitu
1326 1630 1527 1680 indutus
1561 1629 1712 1678 homo
1747 1643 1829 1677 se-

127 1724 275 1759 verus
321 1709 671 1775 superbusque
716 1726 773 1760 se
822 1712 1084 1761 ridendum
1130 1711 1318 1760 civibus
1353 1713 1602 1775 exponat3
1654 1713 1831 1758 contu-

127 1790 284 1838 macia
309 1795 478 1839 autem
513 1796 567 1839 et
600 1791 877 1855 pervicacia
912 1792 1140 1841 eiusdem
1173 1791 1371 1856 saepius
1397 1791 1536 1840 elusa
1562 1790 1613 1840 in
1640 1788 1830 1840 rabiem

125 1871 303 1931 vertit,
353 1875 407 1918 ut
438 1870 629 1920 insania
667 1872 820 1921 etiam
855 1873 963 1922 sine
997 1872 1077 1922 dei
1111 1872 1292 1921 auxilio
1326 1871 1460 1936 gigni
1493 1871 1725 1938 potuisse
1757 1869 1831 1918 vi-

127 1949 324 2003 dentur.

259 2030 448 2080 Bacchi
496 2046 754 2081 sacrorum
813 2049 912 2083 non
957 2033 1174 2083 alienum
1219 2048 1334 2082 esse
1379 2031 1578 2082 videtur
1626 2044 1833 2079 monere

128 2126 369 2175 quaenam
416 2112 493 2160 vis
526 2113 680 2162 fuerit
716 2119 768 2162 et
801 2130 931 2179 quae
965 2120 1154 2165 natura.
1224 2113 1426 2163 Omissa
1457 2112 1668 2174 ratione,
1704 2125 1832 2173 quae

127 2206 225 2240 non
282 2192 447 2241 minus
505 2193 751 2242 scelerum
801 2209 860 2242 ac
902 2194 1138 2244 vitiorum
1181 2207 1330 2258 quam
1374 2192 1618 2242 virtutum
1671 2194 1832 2240 mater

126 2277 223 2334 est,
259 2271 320 2319 ad
354 2276 561 2320 naturae
595 2273 928 2336 integritatem
967 2275 1350 2338 castitatemque
1384 2277 1438 2322 et
1471 2272 1609 2322 aurei
1642 2269 1832 2320 saeculi

123 2351 418 2401 felicitatem
453 2351 622 2402 redire
655 2353 949 2402 videbantur
982 2353 1068 2416 qui
1106 2353 1191 2402 illa
1235 2354 1582 2413 celebrabant,
1630 2356 1684 2400 et
1717 2366 1831 2399 cum

128 2430 254 2480 feris
289 2433 534 2495 quandam
569 2433 973 2482 communitatem
1009 2433 1216 2495 inibant,
1247 2434 1463 2498 pellibus
1498 2431 1619 2480 tecti
1648 2430 1831 2479 hinnu-

129 2509 322 2571 lorum,
357 2512 601 2576 anguibus
637 2513 789 2561 cincti
826 2528 1170 2576 mammasque
1203 2512 1384 2561 catulis
1417 2513 1649 2576 luporum
1683 2525 1830 2575 prae-

130 2591 331 2651 bentes3
364 2591 484 2639 item
519 2592 652 2641 victu
684 2592 850 2641 ferino
886 2592 1176 2651 utebantur,
1215 2593 1383 2641 crudis
1417 2595 1679 2641 vescentes
1715 2605 1831 2639 car-

129 2670 274 2719 nibus
309 2676 361 2718 et
395 2670 632 2735 quidquid
669 2673 891 2722 ciborum
929 2672 1126 2721 obvium
1163 2672 1214 2721 iu
1250 2672 1388 2722 silvis
1429 2675 1565 2732 erat,
1614 2669 1831 2733 denique

128 2750 354 2799 ferarum
388 2766 531 2800 more
564 2768 654 2816 per
689 2752 838 2802 silvas
885 2767 1036 2801 cursu
1075 2754 1391 2817 vagabantur.
1458 2751 1699 2800 Eiusdem
1741 2765 1829 2814 ge-

126 2830 261 2879 neris
302 2830 495 2894 reliqua
539 2847 710 2881 eorum
754 2833 887 2882 facta
933 2837 1102 2892 erant3
1163 2833 1468 2898 respuebant
1509 2831 1641 2880 enim
1688 2828 1828 2895 quid-

125 2910 244 2974 quid
280 2916 357 2959 est
393 2910 622 2960 culturae
655 2929 714 2962 ac
748 2912 1042 2978 disciplinae
1074 2913 1332 2978 proprium
1367 2917 1421 2963 et
1449 2911 1692 2963 rationem
1714 2926 1828 2975 pru-

121 2989 445 3054 dentiamque
480 2991 599 3039 ficta
619 2991 810 3042 insania
832 2994 1102 3055 exuebant,
1138 2993 1229 3043 sed
1258 2993 1595 3058 ingeneratum
1620 2995 1830 3041 naturae

120 3070 425 3119 modestiam
462 3073 743 3121 tuebantur.

255 3150 420 3199 Huius
457 3150 616 3214 igitur
650 3153 970 3203 iucunditatis
1005 3168 1178 3204 rursus
1217 3169 1276 3205 se
1309 3154 1576 3220 participes
1610 3152 1724 3201 fore
1759 3152 1830 3199 vi-

125 3235 209 3281 cto
261 3229 491 3279 Pentheo
538 3230 813 3283 Maenades
854 3234 1090 3300 gaudent.
1160 3234 1462 3293 „Rursusne
1494 3235 1544 3283 in
1577 3231 1834 3283 nocturnis

133 3311 332 3360 choreis
375 3311 559 3374 pedem
608 3312 794 3363 nudum
839 3316 1053 3364 movebo
1099 3314 1445 3379 cervicemque
1490 3313 1687 3362 iactabo
1720 3315 1833 3360 tan-

132 3404 280 3452 quam
315 3390 521 3440 hinnula
568 3389 619 3441 in
654 3392 800 3442 viridi
847 3399 991 3458 prato
1025 3393 1220 3456 ludens,
1253 3402 1520 3460 postquam
1551 3389 1832 3456 indaginem

134 3472 386 3536 superatis
419 3470 580 3536 plagis
613 3471 818 3524 nodosis
843 3473 1037 3539 effugit,
1070 3488 1130 3524 ac
1152 3473 1269 3525 dnm
1300 3479 1504 3524 venator
1525 3480 1680 3526 canen
1707 3483 1836 3519 Voce
