2170 3848
1207 259 1288 315 82

415 410 543 459 Tum
568 406 698 471 quod
729 421 824 455 non
852 410 985 466 ante,
1020 420 1164 468 quam
1188 405 1487 456 necessitate
1503 412 1817 473 cogerentur,
1853 406 1916 456 ad
1933 395 2087 457 A'the-

414 491 608 538 nienses
643 486 967 552 confugerunt
999 484 1192 550 Argivi,
1241 486 1375 550 prius
1410 487 1734 551 perniciosam
1768 488 1971 536 aliorum
2007 503 2087 537 so-

416 569 647 616 cietatem
695 568 883 631 experti
929 566 1139 629 (quippe
1186 581 1296 613 cum
1341 565 1593 616 Thebanis
1641 572 1692 617 et
1723 567 1974 632 Spartanis
2023 568 2088 616 de

414 647 619 696 foedere
653 646 894 712 egerant),
928 645 1141 709 graviter
1174 645 1538 710 vituperantur:

543 721 789 791 λαμπρὸν
825 722 881 776 δὲ
915 725 1120 792 θολερῷ
1156 723 1307 789 δῶμα
1342 722 1602 790 συμμίξας
1634 723 1694 775 τὸ
1729 723 1827 776 σὸν

542 804 785 872 ἥλκωσας
821 806 1004 864 οἴκους
1038 806 1145 857 κτλ.

412 886 687 936 Excusatur
721 888 997 951 Polynices,
1035 886 1198 935 socius
1232 886 1548 951 Argivorum:
1584 901 1698 934 uam
1731 889 1784 934 et
1810 884 1990 935 iniuria
2013 882 2086 931 af·
2139 928 2142 932 .

411 967 572 1015 fectus
617 972 794 1032 sponte
840 968 1000 1032 patria
1047 967 1355 1021 excessisse,
1407 982 1468 1014 ne
1511 964 1716 1014 fratrem
1763 953 2083 1024 interficeret,

412 1047 643 1112 fingitur,
681 1053 733 1096 et
766 1048 1077 1112 praedicatur
1112 1045 1438 1109 laudaturque
1474 1050 1696 1094 mortuus
1732 1043 1802 1106 (v.
1835 1046 1948 1092 149.
1973 1046 2084 1092 150.

409 1126 580 1188 930.);
630 1128 693 1176 cf.
729 1127 919 1177 Welck.
959 1145 1006 1191 p.
1028 1128 1140 1175 573.
1218 1125 1483 1174 Thebanos
1531 1140 1677 1184 vero,
1730 1124 2082 1188 Spartanorum

411 1207 591 1268 socios,
627 1206 881 1272 popularis
916 1206 1169 1270 potentiae
1219 1205 1524 1253 adversarios
1561 1204 1925 1266 multarumque
1958 1202 2084 1250 iniu-

352 1352 354 1354 Υ
409 1286 591 1335 riarum
628 1287 1012 1336 Atheniensibus
1050 1293 1294 1342 auctores,
1330 1285 1499 1333 multis
1525 1283 1800 1348 opprobriis
1823 1281 2082 1346 prosequi—

411 1371 492 1414 tur
527 1366 755 1415 Theseus
791 1367 894 1415 sive
928 1365 1208 1429 Euripides,
1279 1365 1375 1426 Qui
1410 1364 1538 1427 quod
1573 1368 1879 1412 mortuorum
1915 1360 2082 1425 sepul-

407 1451 565 1495 turam
618 1446 936 1510 prohibentes
984 1444 1338 1504 osteuduntur,
1392 1448 1664 1509 arguuntur
1707 1442 1900 1508 probri,
1949 1439 2081 1504 quod

330 1520 340 1535 '
407 1527 577 1590 paucis
612 1532 724 1572 aute
760 1527 898 1572 anuis
934 1524 1037 1587 (01.
1062 1528 1144 1581 89,
1173 1526 1235 1583 1.,
1270 1540 1312 1571 a.
1345 1525 1462 1574 Chr.
1478 1540 1523 1573 n.
1549 1523 1688 1585 424.)
1723 1527 1838 1586 post
1868 1536 2082 1586 pugnam

408 1605 535 1669 apud
571 1603 765 1652 Delium
799 1604 980 1651 factam
1015 1604 1361 1651 commiserunt
1386 1601 1455 1666 *).
1526 1603 1650 1651 Belli
1683 1605 1847 1650 autem
1881 1606 2082 1650 strenue

405 1683 687 1733 resumendi
732 1684 1095 1731 adhortationes
1139 1699 1287 1746 quum
1332 1682 1540 1747 legimus
1586 1682 1850 1746 (imprimis
1882 1695 1928 1732 v.
1965 1681 2080 1731 320.

408 1763 595 1827 seqq.)‚
630 1762 938 1811 Alcibiadem
976 1778 1085 1809 cum
1119 1763 1207 1823 iis,
1243 1762 1328 1825 qui
1362 1754 1584 1811 eiusdem
1619 1766 1759 1810 erant
1792 1760 2080 1822 sententiae,

408 1843 581 1892 audire
616 1842 755 1891 nobis
789 1841 1028 1890 videmur.

538 1920 868 1985 Temporibus
926 1921 974 1968 id
1031 1936 1226 1983 quoque
1271 1921 1538 1986 Euripides
1585 1921 1822 1970 tribuisse
1865 1919 2078 1981 videtur,

407 2001 540 2066 quod
586 2000 706 2048 fecit
752 2000 1034 2057 Theseum,
1082 2000 1352 2064 principem
1389 2001 1601 2048 civitatis
1636 2000 1946 2064 eundemque
1980 2001 2079 2048 rei-

405 2080 635 2146 publicae
669 2079 1039 2128 constituendae
1074 2078 1282 2142 primum
1319 2084 1597 2140 auctorem,
1648 2079 1711 2128 de
1744 2079 2076 2128 fundamentis

407 2161 676 2219 civitatum,
712 2160 776 2208 de
809 2159 1028 2207 fontibus
1063 2158 1318 2218 malorum,
1355 2159 1418 2207 de
1443 2159 1703 2208 virtutibus
1731 2159 1967 2222 vitiisque
1992 2175 2075 2207 ac—

408 2239 622 2288 curatius
659 2238 969 2301 doctiusque,
1005 2254 1147 2302 quam
1183 2238 1455 2287 dramatum
1482 2243 1688 2288 naturae
1716 2239 1976 2288 convenire
2004 2239 2076 2286 vi·

406 2319 580 2379 detur,
629 2319 781 2368 multa
823 2319 1167 2368 disserentem.
1237 2318 1428 2366 Etenim
1464 2319 1515 2366 iu
1547 2335 1721 2382 magna
1753 2319 1917 2368 iurum
1952 2318 2076 2367 divi-

406 2414 581 2447 norum
594 2397 1016 2462 humanorumque
1043 2397 1348 2455 confusione,
1382 2413 1574 2446 morum
1599 2398 2074 2464 corruptione,2opi-

406 2478 604 2525 niouum
639 2478 985 2543 discrepantia,
1022 2478 1368 2547 superantibus
1403 2478 1550 2538 vitiis,
1586 2478 1776 2528 iacente
1809 2478 2074 2543 probitate,

406 2558 780 2622 ingravescente
829 2558 1032 2607 deorum
1066 2558 1139 2605 ira
1173 2573 1230 2605 ac
1264 2557 1394 2605 bello
1430 2557 1805 2622 pestilentiaque
1838 2557 2074 2608 mortales

406 2643 628 2697 vexante,
664 2637 856 2701 vulgus,
890 2654 918 2685 a
951 2637 1269 2703 pristinorum
1304 2637 1639 2686 institutorum
1672 2637 1951 2687 reverentia
1982 2639 2073 2687 de-

403 2715 598 2780 pulsum
645 2722 695 2765 et
727 2734 882 2781 paene
927 2719 990 2766 ad
1025 2717 1417 2781 desperationem
1450 2717 1702 2778 adactum,
1757 2717 1937 2781 cupide
1969 2734 2072 2766 am·-

405 2794 713 2858 plectebatur
759 2797 1166 2861 philosophorum
1211 2796 1392 2860 placita
1427 2812 1593 2845 secum
1631 2799 1988 2845 communicata
2020 2802 2073 2846 et

404 2880 631 2937 tanquam
693 2877 982 2925 medicinam
1032 2876 1272 2941 quandam
1319 2876 1557 2924 malorum
1614 2877 1755 2925 avide
1797 2876 2068 2926 hauriebat.

401 2952 571 3001 Testis
618 2959 696 3003 est
740 2956 1135 3022 Bellerophontis
1182 2955 1375 3004 fabulae
1419 2956 1599 3021 gloria,
1653 2956 1731 3004 cui
1766 2971 1893 3019 quae
1924 2955 2071 3004 infuit:

401 3032 689 3097 disputatio,
726 3035 772 3082 ei
806 3034 995 3085 Thesei
1029 3035 1183 3083 oratio
1217 3040 1445 3099 tanquam
1480 3036 1875 3100 supplementum
1911 3035 2069 3098 quod-

398 3112 512 3160 dam
546 3112 844 3178 adiungitnr,
879 3132 973 3180 qua
1005 3116 1070 3164 ad
1102 3114 1322 3163 homines
1356 3131 1390 3163 av
1411 3115 1506 3163 diis
1534 3114 1697 3164 fontes
1725 3114 1964 3163 malorum
1988 3130 2066 3163 re-

399 3195 478 3239 cte
512 3191 902 3256 transferuntur,
936 3195 1070 3261 iique
1106 3193 1326 3258 duplices
1362 3196 1716 3255 ostenduntur,
1752 3194 1893 3243 alteri
1927 3197 2066 3242 natu-

451 3357 498 3412 *)
529 3358 597 3400 Cf.
627 3358 875 3403 Soethbeer
905 3362 959 3404 de
987 3361 1130 3419 myth.
1161 3373 1335 3418 argum.
1364 3362 1590 3418 Euripidis
1616 3361 1891 3418 supplicum.
1950 3359 2063 3404 Got-

529 3427 679 3485 tingae
707 3429 832 3475 1837.
