2170 3848
1137 277 1218 332 46

358 421 459 470 isse
504 421 762 482 simulans,
823 426 1038 470 armatus
1085 422 1136 469 in
1181 422 1292 470 loco
1339 420 1548 486 quodam
1596 439 1737 473 sacro
1782 423 2022 475 consedit.

357 500 527 549 Prodit
560 500 892 566 Cresphontes
926 501 990 550 de
1015 502 1223 566 perfidia
1257 507 1307 550 et
1331 501 1694 566 conspiratione
1719 503 2024 552 inimicorum

356 579 523 628 iratus,
602 578 909 629 Testimonia
956 587 1151 630 exstant
1195 583 1324 647 apud
1381 587 1510 629 auct.
1554 582 1680 632 rhet.
1726 584 1786 631 ad
1831 583 2023 631 Heren-

356 659 487 708 nium
510 658 590 725 *):
659 660 823 721 „Item
871 662 1097 710 vitiosum
1146 668 1250 718 est,
1302 679 1450 726 quum
1498 677 1590 724 pro
1627 666 1765 710 certo
1800 662 2023 721 sumitur,

355 740 494 802 qnasi
528 741 655 804 inter
688 757 859 790 omnes
895 747 1104 799 constet,
1139 743 1271 805 quod
1307 742 1456 791 etiam
1492 757 1620 790 nunc
1654 741 1705 789 in
1739 745 2024 791 controver-

355 819 427 868 sia
462 827 554 882 est,
590 822 685 868 hoc
718 822 897 870 modo:

485 901 836 962 „Ehodum
864 899 974 965 **),
1009 901 1124 961 Di,
1159 902 1391 967 quibus
1427 907 1525 951 est
1558 907 1881 968 potestas
1907 917 2023 950 mo-

1011 989 1118 1031 tus
1139 999 1445 1048 superum
1472 988 1670 1048 atque
1700 983 2024 1050 inferum!

487 1059 717 1109 Pacem
767 1063 952 1110 inter
993 1079 1140 1110 sese
1187 1064 1609 1118 conciliant,
1661 1064 2023 1127 conserunt

1014 1139 1498 1191 concordiam?

353 1221 476 1270 Nam
512 1222 580 1269 ita
613 1237 704 1286 pro
740 1237 827 1270 suo
862 1222 969 1271 iure
1004 1223 1099 1271 hoc
1127 1222 1352 1286 exemplo
1379 1239 1517 1270 nsum
1542 1221 2023 1287 Cresphontem

351 1303 538 1351 Ennius
583 1302 799 1360 induxit,
845 1303 982 1366 quasi
1027 1304 1121 1350 iam
1157 1303 1275 1350 satis
1312 1303 1460 1350 certis
1495 1303 1765 1351 rationibus
1808 1303 1878 1350 ita
1912 1317 2025 1350 esse

351 1379 786 1430 demonstrasset.’'
852 1383 993 1430 Adde
1031 1382 1135 1432 Cic.
1168 1381 1304 1430 Orat.
1339 1381 1420 1442 111,
1454 1384 1533 1442 ⁶26,
1570 1385 1692 1431 102:
1729 1381 2022 1446 „Nunquam

350 1464 450 1529 agit
485 1462 616 1510 hunc
648 1479 841 1510 versum
876 1462 1088 1511 Roscius
1123 1478 1183 1510 eo
1218 1467 1379 1525 gestu,
1415 1478 1511 1526 quo
1547 1467 1730 1527 potest,

484 1541 683 1604 „Nam
716 1543 992 1608 sapiens
1014 1543 1277 1591 virtuti
1296 1542 1604 1591 honorem
1625 1542 2022 1607 praemium,

1010 1622 1187 1671 haud
1213 1622 1541 1688 praedam
1576 1619 1983 1689 expetit„—

350 1703 439 1753 sed
472 1702 641 1751 abiicit
673 1717 893 1766 prorsus,
929 1710 984 1751 ut
1016 1705 1066 1752 in
1100 1705 1349 1766 proximos

481 1780 664 1844 „Sed
705 1781 863 1848 quid
911 1782 1146 1832 video?
1194 1784 1394 1848 ferro
1436 1790 1668 1849 septus
1707 1781 2021 1849 possidet

1007 1863 1198 1912 sedes
1231 1861 1544 1913 sacras!’'

348 1941 559 2002 incidat,
613 1940 876 2005 adspiciat,
926 1943 1224 2004 admiretur,
1273 1944 1577 2006 stupescat.''
1654 1942 1890 1992 Eiusdem
1926 1942 2024 1991 loci

347 2023 506 2072 fuisse
534 2026 701 2086 potest
730 2022 907 2070 lemma
923 2022 1189 2086 Hesychii:
1221 2022 1545 2087 ἄπυργος,
1580 2019 1890 2087 ἀτείχιστος·
1912 2021 2023 2072 Εὐ-

348 2101 556 2168 ριπίδης
586 2099 820 2167 Τημένῳ.

481 2186 558 2233 Ad
588 2183 873 2241 Herculem,
910 2197 1219 2230 communem
1248 2198 1503 2246 proavum,
1539 2182 1876 2246 Polyphontes
1904 2199 2020 2247 pro-

348 2265 559 2325 vocavit,
597 2264 735 2311 cuius
773 2278 828 2310 se
862 2263 1236 2323 auctoritatem,
1271 2267 1327 2310 ut
1361 2262 1600 2323 defuncti,
1637 2278 1874 2327 spernere
1905 2278 2020 2328 pro-

347 2346 519 2395 fitetur
554 2343 918 2407 Cresphontes:

482 2423 525 2474 εἰ
559 2420 654 2489 μὲν
686 2420 788 2487 γὰρ
825 2419 959 2472 οἰκεῖ
987 2420 1233 2487 νερτέρας
1267 2418 1373 2471 ὑπὸ
1406 2421 1608 2487 χθονὸς

479 2501 536 2554 ἐν
568 2506 735 2555 τοῖσιν
769 2500 938 2553 οὐκέτ’
974 2496 1144 2564 οὖσιν,
1180 2500 1338 2554 οὐδὲν
1371 2500 1438 2552 ἂν
1472 2501 1671 2553 σθένοι.

352 2585 432 2637 Cf.
467 2586 594 2635 Plut.
633 2585 831 2634 Consul.
869 2585 1031 2649 Apoll.
1069 2602 1117 2649 p.
1154 2587 1265 2632 110.
1305 2585 1357 2632 B.

480 2667 688 2729 Reliqua
704 2666 862 2730 qualia
875 2666 1077 2723 fuerint,
1091 2681 1186 2714 non
1201 2665 1372 2728 liquet.
1399 2663 1719 2713 Interfectum
1735 2662 2019 2728 Cresphon-

350 2754 451 2798 tem
487 2747 608 2795 luxit
643 2745 867 2811 Merope,
904 2746 1190 2794 consolante
1225 2761 1330 2792 eam
1369 2745 1548 2792 choro:

479 2828 590 2885 τοῖς
623 2830 783 2876 πᾶσιν
817 2823 1152 2891 ἀνθρώποισι
1183 2826 1473 2875 κατθανεῖν
1506 2821 1673 2890 μένει·

479 2905 647 2959 κακὸν
681 2905 729 2957 δ’
767 2905 969 2972 ἔχοντες
1003 2903 1131 2957 αὐτὸ
1171 2903 1326 2956 κοινὰ
1358 2905 1626 2971 πάσχομεν

480 2988 698 3047 πάντες·
734 2988 791 3038 τὸ
827 2987 927 3053 γὰρ
962 2986 1127 3053 χρεὼν
1161 2989 1338 3052 μεῖζον
1371 2985 1404 3052 ἢ
1438 2986 1497 3037 τὸ
1533 2984 1604 3052 μὴ
1637 2984 1819 3052 χρεών.

479 3069 784 3133 Respexisse
835 3071 895 3116 ad
940 3071 1066 3118 hanc
1109 3070 1409 3132 tragoediam
1444 3069 1801 3132 Aristophanes
1836 3067 1885 3116 in
1918 3065 2016 3115 Ra-

349 3149 425 3198 nis
461 3148 528 3213 (v.
552 3146 720 3211 1376.)
756 3149 948 3198 videtur
966 3147 1092 3216 ***).
1160 3149 1365 3199 Praeter
1398 3142 1782 3200 huncAelianun
1815 3146 1864 3196 in
1887 3146 2015 3198 Hist.

406 3310 456 3363 ἢ)
485 3309 608 3351 Adde
639 3309 728 3350 Cic.
763 3308 930 3350 Invent.
961 3309 997 3361 Ι,
1026 3307 1096 3361 49,
1122 3306 1192 3350 91.

380 3379 456 3432 **)
485 3380 629 3435 Vulgo
660 3380 790 3430 „Eho
820 3379 909 3421 tu'⁷.

350 3449 453 3502 *⁹⁶³5
485 3449 554 3492 cf.
585 3449 758 3492 Welck.
786 3464 830 3503 p.
860 3448 956 3492 698.
