2170 3866
1079 294 1200 351 412

322 440 524 499 locutio,
558 439 608 488 in
633 455 729 504 qua
751 454 865 489 cum
895 438 988 489 alia
1015 445 1119 489 tum
1146 441 1273 490 haec
1294 439 1621 491 Barbarorum
1645 441 1983 507 probra-com·

320 525 685 571 memorantur:

455 596 714 663 Φρυγίοις
747 596 935 664 ἔτυχον
970 597 1255 663 Φρυγίοισι
1291 599 1476 665 νόμοις

448 678 594 745 παρὰ
628 678 925 745 βόστρυχον
958 681 1129 743 αὔραν
1163 682 1336 743 αὔραν

437 752 655 820 Ἑλένας
678 754 890 820 Ἑλένας
923 759 1110 825 εὐπᾶγι
1142 760 1317 827 κύκλῳ

447 839 672 906 πτερίνῳ
706 840 809 904 πρὸ
842 840 1105 907 παρηΐὸος
1138 843 1317 908 ᾄσσων

450 920 740 987 βαρβάροις
772 920 1031 986 νόμοισιν.

945 1000 972 1030 *
1329 1000 1355 1032 *

1138 1036 1166 1068 *

450 1080 566 1132 τότε
598 1080 664 1147 δὴ
698 1080 813 1132 τότε
849 1080 1147 1145 διαπρεπεῖς

450 1158 695 1226 ἐγένοντο
737 1162 960 1227 Φρύγες,
995 1160 1126 1212 ὅσον
1144 1154 1343 1225 ’Ἀρεως
1375 1159 1541 1214 άλκὰν

448 1240 670 1309 ἥσσονες
693 1235 944 1302 Ἑλλάδος
978 1240 1244 1308 ἐγενόμεθ’
1281 1241 1485 1307 αἰχμᾶς.

945 1322 973 1354 *
1334 1323 1362 1354 *

1139 1356 1167 1385 ²4»

450 1403 731 1465 προςκυνῶ
766 1404 829 1466 σ’,
865 1401 1011 1464 ἄναξ,
1045 1402 1255 1467 νόμοισι
1289 1402 1611 1467 βαρβάροισι
1632 1405 1987 1468 προςπιτνῶν,

322 1486 374 1532 et
405 1482 504 1531 iam
540 1487 681 1532 antea
717 1500 862 1532 versu
899 1486 1040 1531 1114.
1076 1483 1260 1532 dictum
1297 1489 1395 1532 est:

386 1558 391 1563 “
450 1561 628 1622 τίνας,·
665 1563 899 1627 Φρυγῶν
929 1560 1032 1628 γὰρ
1069 1559 1243 1612 οὐδέν’
1277 1559 1343 1611 ἂν
1375 1559 1606 1627 τρέσαιμ’
1642 1559 1760 1627 ἐγώ.

451 1641 550 1691 Sed
586 1660 681 1692 non
716 1644 881 1692 Persis
916 1645 1053 1700 solis,
1088 1659 1256 1692 verum
1286 1645 1433 1691 etiam
1460 1643 1731 1706 Spartanis,
1763 1645 1846 1707 qui
1878 1660 1990 1692 cum

319 1722 400 1771 his
433 1722 678 1771 foederati
713 1732 868 1786 erant,
905 1724 952 1771 in
990 1723 1183 1771 Orestis
1205 1722 1372 1771 fabula
1395 1723 1626 1771 maledici
1653 1723 1986 1789 intelligimus.

319 1802 604 1852 Menelaum
640 1805 769 1852 enim
804 1804 957 1865 illum,
995 1805 1078 1867 qui

453 1880 876 1947 βεβαρβάρωται,
917 1883 1124 1948 χρόνιος
1158 1879 1233 1932 ὢν
1266 1881 1324 1933 ἐν
1359 1882 1665 1948 βαρβάροις,

320 1960 584 2025 intuentes,
619 1980 778 2014 nonne
813 1966 1064 2030 exemplar
1097 1966 1276 2013 ducum
1310 1963 1827 2020 Lacedaemoniorum,
1859 1962 1994 2011 velut

321 2039 599 2092 Pausaniae
645 2046 848 2093 alicuius
885 2049 970 2093 aut
1004 2045 1276 2110 Lysandri,
1328 2061 1492 2092 coram
1529 2042 1816 2108 conspicere
1850 2041 1993 2090 nobis

320 2120 581 2171 videmur?
639 2122 834 2173 Pridem
884 2126 1043 2184 enim,
1090 2133 1350 2187 antequam
1393 2125 1476 2172 hic
1518 2123 1763 2186 vulpinam
1812 2120 1994 2186 pellem

322 2201 615 2249 assuendam
643 2219 757 2251 esse
784 2221 838 2251 ea
863 2212 1019 2269 parte,
1057 2221 1150 2268 qua
1182 2204 1371 2252 leonina
1398 2219 1491 2250 non
1516 2203 1806 2265 pertineret,
1833 2201 1993 2264 palam

323 2279 463 2339 dixit,
499 2280 630 2328 idem
668 2287 720 2328 et
753 2290 1006 2330 senserant
1040 2290 1092 2330 et
1124 2283 1345 2329 fecerant
1367 2280 1681 2335 Clialcideus,
1718 2278 1990 2327 Therame-

324 2375 430 2419 neS,
466 2361 776 2423 Astyochus,
822 2360 1079 2409 Mindarus
1112 2361 1318 2423 aliique,
1354 2358 1544 2421 quidvis
1579 2357 1848 2421 patientes,
1885 2357 1989 2405 cui-

321 2439 397 2487 vis
433 2439 796 2501 deservientes,
840 2441 986 2498 dum,
1032 2439 1161 2503 quod
1197 2438 1399 2496 vellent,
1446 2442 1894 2499 consequerentur,
1935 2453 1993 2486 ac

323 2519 618 2584 turpissimis
664 2520 925 2568 foederum
968 2519 1162 2585 legibus
1211 2517 1467 2565 Graeciam
1517 2517 1737 2564 barbaris
1782 2518 1994 2565 emanci-

324 2607 517 2664 pauteS.
586 2598 1085 2649 Lacedaemoniorum
1120 2600 1268 2664 igitur
1303 2597 1496 2663 ingenia
1530 2595 1746 2644 Menelai
1778 2612 1994 2662 persona

327 2678 534 2727 subdola
598 2695 656 2727 ac
705 2680 1011 2728 fraudulenta
1054 2680 1302 2737 imitatur,
1364 2676 1413 2724 id
1465 2677 1594 2739 quod
1653 2679 1847 2724 veteres
1898 2677 1993 2724 iam

326 2759 622 2823 interpretes
668 2759 1084 2823 observarunt*);
1131 2758 1310 2806 etenim
1360 2764 1531 2819 aperte
1576 2755 1841 2819 Euripides
1886 2756 1996 2820 ipse

328 2838 597 2886 declaravit
629 2839 677 2886 in
710 2840 1085 2888 Andromachae
1119 2855 1159 2886 v.
1193 2839 1289 2885 445
1326 2852 1462 2899 seqq.

458 2917 695 2966 Exhibuit
729 2919 939 2982 denique
968 2918 1228 2983 Euripides
1263 2903 1408 2963 εῑίεηι
1445 2915 1725 2963 universum
1750 2912 1995 2976 Pelopon-

328 2997 579 3045 nesiorum
625 2997 995 3046 foederatorum
1045 2997 1310 3045 exercitum
1363 2997 1412 3043 in
1459 2994 1622 3041 fabula
1667 2992 1993 3056 Hypsipylae,

331 3081 381 3125 et
414 3076 614 3139 quidem
659 3077 844 3125 bellum
889 3078 1120 3126 iniustlun
1169 3076 1472 3139 impiumque
1515 3078 1797 3138 gerentem,
1845 3087 1993 3135 quum

385 3271 435 3326 ᾖς)
464 3271 616 3315 Schol.
646 3270 705 3312 ad
731 3285 774 3313 v.
804 3269 908 3312 361:
938 3266 1120 3313 ὕπουλα
1147 3266 1298 3312 πάντα
1327 3266 1386 3312 τὰ
1415 3266 1594 3325 ῥήματα
1624 3260 1882 3316 Μενελάου,
1911 3260 1995 3316 ἀφ’

469 3333 536 3386 οἷν
565 3337 589 3384 ὁ
622 3337 813 3396 ποιητὴς
841 3337 891 3384 τὸ
923 3337 1122 3384 ἄστατον
1159 3339 1241 3394 τῆς
1276 3339 1649 3393 Δακεδαιμονίων
1685 3331 1865 3390 γνώμης
1901 3348 1994 3375 κω-

475 3411 635 3469 μῳδεῖ,
662 3409 724 3460 (ὅς
753 3409 830 3453 καὶ
862 3408 910 3453 ἐν
938 3406 1233 3468 Ἀνδρομάχῃ·
1267 3403 1334 3463 „03
1362 3410 1503 3452 πᾶσιν
1532 3403 1848 3464 ἀνθρώποισιν
1873 3404 1996 3463 ἔχθι-

473 3495 574 3526 στοι
599 3481 757 3540 βροτοὶ
787 3479 1006 3539 Σπάρτης
1034 3480 1219 3531 ἔνοικοι,
1249 3478 1383 3523 δόλια
1410 3475 1713 3537 βουλευτήρια
1740 3472 1863 3521 nti-’³
