2170 3848
1150 263 1232 320 38

357 431 503 481 quam
537 413 588 460 in
622 411 726 459 suis
758 410 1029 460 habitabat.
1096 408 1270 474 Neque
1308 410 1400 458 has
1435 411 1695 463 damnandi
1726 415 1827 465 ulla
1860 430 2035 466 neces—

357 496 478 545 sitas
513 496 635 553 erat,
671 491 818 539 modo
853 506 949 537 non
972 489 1226 538 veritatem
1258 490 1434 554 ipsam,
1470 491 1557 539 sed
1581 493 1828 544 involucra
1854 497 2034 546 verita-

354 575 419 623 tis
454 573 513 620 iis
546 571 711 620 inesse
742 570 1117 634 intelligeretur.
1195 568 1357 617 Licuit
1389 571 1540 635 igitur
1573 572 1780 623 Herculi
1813 591 1868 624 se
1903 576 2035 624 Iovis

356 653 510 700 filium
544 666 658 699 esse
691 650 928 711 credere,
965 654 1015 697 et
1048 653 1211 697 tamen
1247 650 1656 713 Amphitruonem
1692 660 1919 720 tanquam
1953 671 2038 704 ve-

355 747 463 781 rum
498 737 688 795 patrem
723 729 905 788 colere,
940 734 991 777 et
1024 728 1264 777 adulteria
1297 730 1347 778 in
1371 730 1575 779 deorum
1601 737 1827 782 naturam
1853 735 2036 783 cadere

355 826 564 875 negare3
611 826 772 873 neque
816 809 978 857 minus
1012 815 1152 857 recte
1189 809 1303 857 odio
1340 809 1535 859 lunonis
1569 812 1619 860 in
1655 813 1782 862 mala
1817 817 1870 862 et
1901 813 2038 863 labo-

355 907 437 940 res
474 906 529 939 se
563 889 941 954 praecipitatum
978 904 1091 936 esse
1125 896 1422 952 conquestus
1448 898 1540 953 est,
1578 893 1771 941 etiamsi
1793 908 1910 942 suos
1935 893 2038 942 cni-

356 987 452 1035 que
496 985 660 1018 mores
707 969 898 1034 fingere
940 967 1189 1016 fortunam
1234 976 1509 1032 constaret3
1557 972 1770 1036 denique
1817 974 2037 1035 Furiam,

355 1065 482 1114 quae
527 1049 747 1098 furorem
791 1048 1107 1107 immitteret,
1141 1048 1305 1097 induci
1340 1066 1548 1101 necesse
1581 1052 1709 1111 fuit,
1756 1053 1852 1101 etsi
1886 1053 2037 1102 bilem

353 1135 507 1179 atram
545 1130 649 1178 eius
684 1128 844 1177 morbi
878 1143 1100 1176 caussam
1137 1143 1251 1177 esse
1286 1130 1523 1180 docerent
1556 1131 1911 1197 intelligentes.
1954 1132 2038 1180 Li-

355 1211 458 1260 cuit
510 1211 656 1258 etiam
702 1207 956 1256 Phaedrae
1002 1224 1057 1256 se
1105 1206 1317 1257 Veneris
1366 1210 1440 1259 ira
1488 1210 1802 1277 pessumdari
1848 1211 2035 1271 dicere,

357 1290 579 1354 quamvis
614 1304 729 1336 vere
761 1288 970 1336 Hecuba
1007 1294 1202 1351 arguat:
1576 1348 1587 1359 ⁸

487 1365 518 1419 ὁ
553 1366 645 1427 σὸς
680 1365 726 1418 δ’
765 1365 893 1417 ἰδών
927 1383 1015 1417 νιν
1047 1369 1180 1425 νοῦς
1214 1363 1443 1434 ἐποιήθη
1481 1367 1706 1435 Κύπρις.

355 1448 690 1512 Quaecunque
724 1450 850 1496 enim
888 1463 981 1496 non
1015 1447 1339 1512 prudentibus
1374 1452 1636 1515 gnatisque
1665 1450 1912 1508 accidunt,
1945 1451 2036 1500 sed

353 1530 521 1578 insciis
556 1536 702 1592 atque
735 1528 902 1576 invitis
938 1528 1184 1592 obrepunt
1226 1545 1531 1593 quorumque
1565 1546 1769 1580 caussae
1802 1531 2038 1596 ignorau—

353 1615 452 1667 tur,
489 1609 666 1657 horum
702 1609 823 1656 deos
859 1614 1083 1656 auctores
1120 1624 1232 1656 esse
1268 1611 1426 1658 credit
1459 1612 1650 1673 vulgus·

485 1688 620 1737 Inter
654 1688 875 1735 ultimam
908 1687 1173 1736 iacentium
1208 1674 1474 1753 ’corporum
1499 1690 1840 1739 salutationem
1865 1705 2037 1738 rursus

353 1769 405 1819 in
438 1783 717 1816 moerorem
753 1768 988 1816 relabitur
1025 1767 1267 1816 Hercules
1295 1785 1566 1834 rursusque
1593 1770 1770 1818 sedens
1795 1768 1843 1815 in
1874 1769 2038 1817 media

355 1854 519 1912 strage
554 1847 912 1910 lacrimansque
946 1848 1160 1896 animum
1196 1848 1492 1914 despondet,
1528 1849 1618 1898 sed
1647 1865 1675 1897 a
1701 1847 1919 1907 Theseo,
1953 1848 2037 1912 qui

355 1929 570 1977 filiorum
615 1928 666 1974 in
711 1927 871 1973 locum
910 1928 1212 1975 successisse
1247 1929 1341 1990 ipsi
1377 1929 1600 1989 videtur,
1647 1944 1820 1977 rursus
1857 1927 2037 1976 conflr-

354 2011 530 2056 matur.
598 2005 727 2054 Tum
763 2004 1017 2069 amplexus
1052 2010 1243 2068 patrem
1281 2007 1628 2072 pollicitusque
1667 2025 1723 2056 se
1750 2024 1863 2056 eum
1895 2012 2036 2071 post-

355 2088 502 2136 modo
537 2086 753 2135 Athenas
788 2083 1149 2144 deducturum,
1198 2086 1418 2134 humeris
1462 2086 1651 2135 Thesei
1697 2086 1898 2136 brachio
1941 2087 2036 2134 cir-

357 2167 618 2225 cumdato,
679 2165 1002 2226 eiusdemque
1059 2167 1368 2214 sermonibus
1419 2167 1765 2226 confirmatus,
1821 2166 2036 2214 amicum

355 2247 572 2296 omnium
609 2246 848 2293 bonorum
883 2242 1360 2307 praestantissimum
1396 2262 1510 2294 esse
1535 2247 1831 2309 intelligens,
1865 2262 1894 2294 e
1919 2262 2038 2296 con-

356 2332 532 2392 spectu
577 2325 815 2381 discedit,
864 2323 1045 2383 choro,
1095 2325 1224 2388 quod
1261 2326 1448 2390 optimo
1483 2327 1589 2374 viro
1622 2327 1781 2390 patria
1816 2326 2036 2388 orbetur,

355 2406 570 2456 dolente.
1979 2460 1983 2461 ⁷

487 2487 834 2551 Respexerunt
882 2485 942 2534 ad
989 2485 1086 2533 hoc
1130 2485 1300 2534 drama
1348 2486 1526 2534 Cicero
1560 2485 1674 2535 Seu.
1703 2502 1746 2534 c.
1774 2488 1822 2536 2.
1847 2502 1892 2534 v.
1920 2487 2034 2535 6:32.

355 2567 456 2617 Off.
482 2567 523 2624 Ι,
546 2569 622 2615 33.
652 2582 694 2615 v.
720 2568 861 2617 1342.
900 2567 1050 2615 Acad.
1077 2564 1135 2625 Π,
1158 2568 1239 2625 28,
1267 2569 1345 2614 89.
1373 2583 1417 2615 v.
1434 2570 1532 2613 950
1549 2582 1705 2630 seqq..
1742 2565 2037 2614 Plutarchus

354 2648 494 2705 locis,
532 2662 655 2711 quos
691 2646 992 2694 Matthiaeus
1017 2645 1270 2705 indicavit,
1304 2662 1347 2694 v.
1365 2648 1475 2694 171.
1491 2649 1603 2694 266.
1623 2649 1717 2693 661
1737 2659 1875 2710 seqq.
1897 2648 2037 2694 1057.

353 2730 500 2778 1216.
532 2729 678 2775 1317.
708 2728 880 2786 1320,
917 2725 1244 2773 Philochorus
1280 2728 1410 2790 apud
1437 2726 1570 2775 Plut.
1597 2727 1682 2774 vit.
1700 2725 1855 2776 Thes,
1878 2742 1920 2775 c.
1939 2728 2037 2786 35„

357 2807 604 2857 Aristides
624 2805 734 2855 Vol.
765 2806 802 2853 Ι.
839 2823 886 2870 p.
912 2809 976 2855 58
1003 2821 1124 2868 seq.,
1162 2805 1340 2854 Sextus
1366 2806 1511 2870 Emp.
1536 2805 1575 2866 Ι,
1606 2809 1682 2854 19.
1719 2823 1765 2870 p.
1791 2807 1873 2856 47.
1892 2857 1895 2863 ,
1913 2805 2036 2855 Vlll.

354 2904 404 2952 p.
434 2889 546 2935 450.
566 2893 616 2935 et
630 2888 761 2945 470..
798 2887 1082 2934 Athenaeus
1098 2884 1252 2948 (XlV.
1265 2903 1314 2950 p.
1330 2888 1441 2933 619.
1457 2883 1534 2949 C.)
1563 2902 1605 2933 v.
1627 2888 1738 2934 345.
1761 2891 1814 2934 et
1844 2887 2036 2943 v.909.‚

355 2968 603 3032 Longinus
635 2966 683 3031 ἓ.
710 2968 790 3016 40.
817 2983 860 3015 v.
882 2968 1043 3028 1216„
1079 2965 1170 3013 Dio
1201 2966 1582 3030 chrysostomus
1611 2982 1655 3016 v.
1682 2969 1795 3015 660.
1826 2970 1878 3013 et
1901 2968 2036 3024 929..

357 3048 588 3096 Clemens
616 3048 756 3097 Alex.
784 3063 828 3094 v.
859 3049 1022 3105 1316..
1056 3046 1386 3095 Philostratus
1416 3061 1458 3094 v.
1487 3047 1598 3093 387.
1624 3050 1676 3094 et
1693 3049 1823 3104 927..
1857 3044 2038 3094 Ascle-

347 3127 531 3193 piades
565 3128 613 3175 in
650 3127 849 3175 scholiis
885 3127 946 3174 ad
983 3125 1162 3191 Odyss.
1193 3127 1400 3191 scriptis
1434 3125 1481 3187 λ,
1516 3128 1649 3186 269.,
1681 3124 1911 3176 Nicolaus
1940 3124 2036 3173 Da-

357 3223 620 3256 mascenus
667 3211 719 3255 et
751 3206 980 3272 Hyginus
1015 3208 1206 3273 ‘²⁴32’
1266 3207 1351 3270 qui
1397 3211 1561 3255 tamen
1607 3210 1855 3254 mutarunt
1889 3219 2036 3268 argu-

355 3287 513 3335 menti
540 3287 741 3346 exitum,
778 3291 884 3335 tum
912 3286 1113 3335 Servius
1140 3287 1261 3334 Aen.
1293 3285 1402 3344 VII,
1420 3289 1500 3338 21.
1547 3285 1882 3342 Eustathium‚
1918 3283 2036 3332 Pol·

360 3367 521 3415 lucem
556 3372 606 3415 et
633 3367 980 3430 grammaticos
1016 3367 1207 3416 omitto.
1274 3367 1471 3415 Abusus
1506 3371 1585 3415 est
1607 3365 1849 3414 Lucianus
1882 3364 2037 3413 versi-

356 3447 450 3495 bus
481 3448 595 3498 517.
623 3448 735 3496 518.
806 3447 1018 3496 Cantare
1065 3446 1335 3496 Herculem
1369 3447 1615 3496 furentem
1659 3445 1855 3494 amabat
1886 3442 2039 3505 Nero,
