2124 3860
1040 273 1166 332 378

385 413 427 490 ᾧ
459 420 561 489 γὰρ
594 419 719 480 θεὸς
753 412 939 472 δίδωσι
969 418 1042 487 μὴ
1076 421 1249 484 φῦναι
1278 417 1453 480 τέκνα,

381 503 448 555 οὐ
480 500 578 569 χρὴ
611 503 939 568 ’γκαλεῖσθαι
970 500 1104 566 πρὸς
1135 499 1195 552 τὸ
1228 502 1409 562 θεῖον,
1440 497 1550 551 ἀλλ’
1584 498 1692 553 ἐᾶν.

249 585 342 634 His
376 585 614 650 expositis
649 601 800 648 quum
832 584 1092 633 ferendum
1127 598 1240 631 esse
1274 587 1449 646 neget,
1483 586 1571 642 ut,
1603 582 1709 632 iura
1743 588 1796 632 et
1826 600 1915 649 pa-

247 666 528 714 trimonium
576 664 856 712 tenentibus
903 663 1102 720 alienis,
1155 663 1343 727 proprii
1391 662 1531 711 liberi
1578 662 1917 726 excludantur,

247 745 377 794 filios
413 750 603 802 monet,
649 749 704 792 ut
737 744 941 792 consilio
986 743 1183 807 quidem
1219 742 1393 791 matris
1429 747 1653 801 utentes,
1688 741 1776 790 sed
1811 758 1918 792 cor-

247 841 422 889 porum
455 825 639 873 viribus
675 829 726 872 et
760 823 963 872 audacia
997 824 1217 887 ipsorum
1250 837 1452 887 regnum
1488 827 1748 886 paternum
1786 825 1918 871 stre-

248 920 345 954 nue
379 905 469 952 sibi
503 903 764 952 vindicent.
833 903 976 965 Quod
1014 919 1106 967 qua
1140 902 1335 951 ratione
1370 903 1506 951 effici
1542 902 1674 964 velit,
1708 903 1918 952 obscure

247 984 520 1050 significat,
570 984 985 1049 opportunitatem
1020 983 1092 1031 rei
1126 982 1460 1048 perficiendae
1493 983 1656 1031 datam
1693 999 1806 1032 esse
1839 982 1915 1031 di-

248 1078 390 1112 cens:
439 1064 612 1112 abesse
646 1064 774 1113 enim
822 1069 1010 1128 patrem
1060 1079 1173 1113 cum
1222 1063 1478 1112 iuventute
1511 1063 1749 1125 civitam,
1793 1078 1916 1127 quos

246 1148 404 1204 antea,
441 1144 732 1208 quominus
768 1160 848 1192 res
884 1147 1230 1202 maturaretur,
1267 1143 1549 1192 obstitisse:

378 1224 554 1287 „Est
575 1240 681 1272 res
708 1224 976 1289 aliqua,
1002 1239 1190 1289 quam
1209 1228 1573 1288 praesente
1596 1222 1917 1289 hisprius

1069 1308 1406 1350 maturare
1440 1300 1787 1366 institi*).”

244 1384 385 1447 Quae
418 1382 630 1432 obscure
662 1382 936 1446 significata
970 1397 1067 1445 quo
1099 1382 1322 1440 tendant,
1353 1382 1432 1430 vel
1459 1383 1574 1446 quid
1609 1383 1682 1435 rei
1713 1383 1790 1446 agi
1818 1399 1917 1432 ma-

243 1469 324 1513 ter
353 1463 537 1521 iubeat,
572 1462 731 1510 minus
766 1478 822 1510 se
856 1463 1142 1526 perspicere
1175 1461 1302 1509 aiter
1332 1461 1544 1511 fratrum
1580 1461 1828 1511 declarata

378 1541 665 1609 „Neque
715 1547 935 1591 ratum
994 1547 1121 1600 est,
1182 1539 1350 1614 quod
1401 1540 1614 1602 dicas,
1675 1558 1913 1609 neque,

1066 1636 1237 1688 quae
1290 1621 1549 1685 agitas,
1606 1620 1918 1672 discendi

1077 1707 1180 1749 est
1228 1700 1467 1750 locus.”

243 1783 431 1849 Aperte
477 1779 658 1831 deinde
709 1784 866 1829 matre
927 1779 1146 1830 aemulos
1190 1779 1255 1828 de
1299 1780 1463 1829 medio
1505 1779 1755 1830 toilendos
1801 1795 1917 1830 esse

245 1863 458 1925 dicente,
494 1861 659 1910 scelus
692 1861 888 1909 horret:

377 1941 529 2006 „Ne
563 1940 866 1998 credite,
904 1939 1109 1989 amici
1141 1946 1350 1988 morte
1382 1956 1476 1989 me
1510 1938 1916 1990 imbuturum

1061 2036 1110 2068 m
1127 2036 1159 2068 a
1170 2036 1206 2068 n
1220 2017 1343 2068 us.”

245 2103 432 2153 Caussa
476 2099 799 2151 dubitationis
842 2114 940 2148 non
985 2098 1150 2164 pietas
1196 2104 1302 2159 est,
1351 2099 1441 2148 sed
1474 2099 1712 2149 timiditas
1746 2099 1916 2150 adole-

243 2183 443 2240 scentis,
479 2197 624 2245 quem
658 2180 836 2228 merito
868 2184 1013 2243 pater
1046 2179 1226 2242 spuriis
1261 2180 1541 2243 postponit:
1587 2195 1750 2243 neque
1783 2181 1916 2229 enim

243 2263 364 2312 satis
410 2264 571 2310 tutum
604 2275 717 2308 esse
750 2262 920 2323 putat,
968 2258 1103 2305 hosti
1137 2259 1341 2306 robusto
1386 2264 1534 2320 atque
1583 2259 1802 2308 animoso
1835 2275 1914 2309 so-

244 2343 365 2400 lum,
399 2340 688 2389 destitutum
725 2337 922 2399 auxilio,
957 2336 1147 2385 obviam
1182 2351 1237 2384 se
1271 2335 1434 2384 ferre:

376 2421 683 2486 „Egone‚
743 2418 1010 2469 auxilio
1055 2414 1326 2476 nudum,
1386 2422 1636 2467 temere
1682 2425 1754 2468 ut
1799 2420 1911 2469 Ιιο-

1065 2495 1163 2544 sti
1205 2512 1300 2544 me
1363 2497 1666 2547 animato
1719 2499 1914 2565 obse-

1071 2592 1098 2624 r
1113 2593 1146 2625 a
1159 2592 1209 2624 m
1221 2572 1301 2639 **)
1319 2575 1378 2624 ?''

245 2662 416 2723 ltaque
449 2662 637 2718 mater,
671 2663 757 2717 ut,
802 2657 946 2723 pulso
988 2672 1201 2721 pavore,
1245 2656 1306 2704 ad
1355 2657 1720 2722 suscipiendum
1764 2673 1914 2722 nego-

245 2741 371 2790 tium
405 2738 536 2786 fiiios
570 2743 868 2802 permoveat,
901 2738 1066 2794 docet,
1102 2736 1348 2798 quomodo
1374 2753 1436 2785 ex
1457 2738 1644 2788 insidiis
1670 2738 1778 2788 sine
1796 2754 1914 2804 pro-

245 2821 354 2885 prio
390 2819 612 2883 periculo
646 2818 827 2868 aemuli
861 2815 1183 2884 aggrediendi
1213 2814 1338 2864 sint:

376 2897 600 2956 παλαιὸς
634 2891 807 2957 αἶνος·
843 2896 969 2963 ἔργα
1002 2894 1098 2961 μὲν
1129 2892 1418 2960 νεωτέρων,

377 2976 568 3041 βουλαὶ
603 2976 650 3027 δ’
686 2974 863 3044 ἔχουσι
896 2979 1004 3028 τῶν
1036 2976 1349 3043 γεραιτέρων
1381 2974 1587 3040 κράτος.

301 3257 351 3310 *J
379 3255 548 3310 Vulgo:
589 3267 697 3309 quae
719 3261 948 3310 praesente
976 3254 1044 3296 his
1076 3253 1200 3309 prius
1236 3258 1407 3295 matura
1445 3251 1616 3295 institit.
1674 3248 1783 3292 Vide
1818 3249 1911 3293 Bo-

401 3325 478 3367 hiu
529 3359 539 3370 .

273 3396 356 3451 **)
381 3331 531 3453 ιἱῖιιιὲςιιι)
560 3393 722 3437 auxilio
749 3399 909 3438 motum
935 3406 1016 3450 pro
1045 3392 1206 3436 auxilio
1234 3392 1405 3435 nudum.
