2170 3866
909 256 1032 312 427

263 402 461 469 κόσμος
495 401 552 455 δὲ
586 405 742 471 σιγῆς
769 400 1030 469 στέφανος
1061 395 1256 466 ἀνδρὸς
1289 397 1355 450 οὐ
1388 400 1581 450 κακοῦ·

205 516 212 523 -
269 484 330 536 τὸ
367 483 414 536 δ’
450 482 709 537 ἐκλαλοῦν
741 486 896 536 τοῦθ’
932 483 1130 551 ἡδονῆς
1163 479 1258 548 μὲν
1290 478 1518 542 ἅπτεται,

263 564 432 618 κακὸν
465 565 513 617 δ’
549 566 779 632 ὁμίλημ’,
814 564 1034 624 ἀσθενὲς
1068 561 1125 614 δὲ
1157 558 1246 613 καὶ
1277 562 1438 612 πόλει.

129 647 334 698 Iuvenes
398 650 526 698 duce
589 650 873 713 paedagogo
927 648 988 695 ad
1040 644 1377 694 vindicandam
1431 645 1641 691 matrem
1689 656 1798 689 cum

128 743 279 794 grege
324 728 561 777 sodalium
610 729 989 793 proficiscuntur
1004 729 1068 791 ³²²).
1150 724 1347 774 interim
1394 723 1574 771 chorus
1619 721 1800 770 haecce

130 810 260 858 inter
291 809 385 858 alia
421 809 672 856 cantabat:

390 887 532 938 Δίκα
565 904 646 938 τοι
682 885 825 937 Δίκα
859 885 1085 950 χρόνιος,
1120 883 1231 935 ἀλλ’
1266 882 1407 950 ὅμως

391 966 583 1019 ἔλαθεν
615 966 938 1018 ὑποπεσοῦσ’
975 965 1166 1017 ἔλαθεν
1180 966 1288 1031 **),
1323 964 1452 1017 ὅταν
1487 964 1574 1032 ἔχῃ

396 1048 492 1100 τιν’
526 1048 688 1115 ἀσεβῆ
725 1049 949 1114 βροτῶν.

132 1126 281 1177 Redit
325 1131 522 1180 nuntius
570 1131 634 1178 de
681 1146 735 1178 re
786 1138 928 1193 gesta
973 1128 1285 1193 expositurus
1331 1144 1501 1176 secum
1543 1128 1802 1193 Antiopam

130 1207 386 1257 liberatam
433 1211 689 1260 reducens.
772 1210 865 1258 Cui
914 1226 1022 1258 cum
1070 1224 1203 1256 mors
1254 1215 1537 1272 pararetur,
1589 1225 1648 1256 eo
1693 1210 1803 1273 ipso

133 1290 372 1352 temporis
417 1296 667 1338 momento
715 1291 894 1355 gemini
941 1288 1342 1352 supervenientes
1383 1293 1588 1336 matrem
1626 1289 1806 1338 libera-

133 1372 278 1428 runt,
329 1368 507 1418 Dircen
556 1376 723 1418 autem
770 1376 1016 1433 arreptam
1053 1367 1228 1415 eodem
1264 1366 1533 1430 supplicio,
1579 1369 1709 1432 qnod
1758 1370 1807 1420 in

131 1446 264 1495 illam
311 1451 629 1497 constitutum
679 1457 811 1507 erat,
857 1448 1145 1497 affecerunt.
1217 1446 1291 1495 Ad
1336 1447 1464 1495 tauri
1499 1449 1626 1496 enim
1662 1451 1808 1500 silve-

133 1528 248 1576 stris
283 1544 464 1578 cornua
498 1530 582 1577 illa
615 1530 860 1593 Antiopen
897 1529 1087 1593 alligari
1120 1528 1356 1588 iusserat,
1404 1532 1459 1575 ut
1494 1535 1684 1592 raptata
1718 1547 1809 1594 per

134 1612 337 1667 cautes,
386 1625 475 1673 per
523 1625 664 1670 saxa,
714 1625 804 1674 per
851 1609 1060 1658 frutices
1108 1607 1386 1655 miserrime
1431 1608 1638 1671 periret3
1697 1611 1810 1661 vide

134 1685 301 1737 Malal.
359 1693 412 1737 et
471 1689 778 1746 Cedrenum,
835 1705 945 1737 cum
1003 1689 1178 1751 quibus
1235 1687 1488 1751 conspirat
1545 1690 1699 1740 schol.
1746 1691 1808 1739 ad

136 1766 325 1819 Phoen.
363 1785 407 1816 v.
451 1771 588 1829 102.;
638 1770 702 1817 cf.
751 1769 943 1818 Welck.
981 1786 1028 1833 p.
1072 1771 1184 1818 825.
1266 1767 1364 1814 lam
1402 1768 1508 1832 ipsa
1551 1769 1599 1817 in
1647 1770 1810 1820 locum

137 1847 380 1912 Antiopae
443 1849 643 1898 detrusa
710 1851 1016 1915 supplicibus
1073 1848 1302 1914 precibus
1362 1848 1572 1896 multum
1628 1849 1810 1901 frustra

139 1931 340 1990 precata
375 1933 480 1987 est;
518 1929 583 1977 cf.
619 1930 774 1995 epigr.
801 1930 965 1994 Cyzic.
1000 1931 1049 1978 in
1083 1928 1292 1978 lacobsii
1325 1928 1509 1977 anthol.
1543 1930 1746 1996 paralip.
1781 1947 1810 1980 e

139 2006 250 2057 cod.
288 2005 450 2058 Vatic.
488 2025 536 2072 p.
572 2012 696 2058 628:

402 2091 507 2139 νῦν
542 2087 589 2138 δ’
626 2085 781 2149 ἱκέτις
816 2087 948 2155 αὐτὴ
984 2087 1170 2139 λίσσετ’
1204 2085 1539 2154 ὀδυραμένη·

268 2169 362 2233 ἄγε
395 2167 484 2219 καὶ
520 2165 576 2219 ἐκ
608 2170 828 2236 ταύροιο
864 2171 1156 2222 καθάπτετε
1192 2168 1418 2220 δίπλακα
1453 2167 1649 2235 σειρήν,

398 2251 544 2313 ὄφρα
580 2249 741 2315 δέμας
775 2251 912 2318 σύρῃ
957 2250 1107 2319 τῆςδε
1141 2248 1275 2300 κατὰ
1309 2249 1550 2314 ξυλόχου.

137 2326 326 2389 Quibus
363 2331 491 2380 adde
527 2331 770 2397 Propertii
804 2349 1031 2381 carmen:

269 2408 389 2469 „Tu
423 2411 599 2460 reddis
626 2415 809 2478 pueris
841 2420 1078 2472 matrem,
1110 2413 1365 2479 puerique
1396 2414 1706 2466 trahendam

399 2489 688 2541 Vinxerunt
722 2493 919 2542 Dircen
952 2493 1045 2541 sub
1079 2493 1238 2542 trucis
1274 2509 1366 2540 ora
1401 2494 1554 2546 bovis,

269 2568 516 2635 Antiope,
554 2587 798 2637 cognosce
834 2573 1042 2631 Iovem;
1076 2572 1174 2620 tibi
1203 2573 1373 2636 gloria
1406 2574 1568 2623 Dirce

390 2649 631 2711 Ducitur,
667 2654 723 2701 in
757 2654 935 2702 multis
967 2658 1182 2702 mortem
1216 2652 1458 2702 habitura
1493 2656 1631 2703 locis.

270 2726 435 2778 Prata
470 2739 807 2783 cruentantur
845 2733 1027 2793 Zethi,
1065 2734 1327 2799 victorque
1363 2735 1583 2784 canebat
1617 2741 1749 2784 etc.”

142 2805 464 2867 Narrationis,
500 2827 561 2859 ex
595 2830 688 2877 qua
722 2816 848 2864 haec
883 2814 1042 2863 omnia
1075 2820 1411 2874 manaverunt,
1445 2816 1537 2864 hos
1571 2815 1816 2881 Longinus

145 2887 312 2936 attulit
347 2905 515 2938 versus
552 2895 1030 2954 praestantissimos:
1642 2882 1645 2886 Ι

275 2995 338 3003 --
508 2998 570 3008 —
735 3001 800 3010 —-
968 2972 1012 3023 εἰ
1045 2969 1100 3022 δέ
1133 2987 1242 3023 που
1277 2973 1427 3040 τύχοι

204 3243 252 3297 ss)
284 3241 353 3284 Cf.
385 3243 605 3286 Malalam
636 3249 679 3287 et
708 3246 985 3299 Cedrenum,
1034 3248 1088 3290 de
1133 3246 1203 3288 his
1246 3246 1428 3289 uberius
1468 3248 1649 3302 reliquis
1684 3263 1818 3303 expo-

283 3318 449 3355 nentes.

180 3383 262 3437 **)
291 3385 501 3426 Monente
533 3385 730 3442 Bergkio
766 3400 839 3441 ap.
871 3388 1039 3431 Welck.
1073 3404 1115 3443 p.
1147 3387 1270 3431 1603.
1310 3389 1499 3431 verbum
1540 3387 1704 3432 ἔλαθεν
1739 3390 1819 3431 du-

289 3454 469 3508 plicavi.
