2170 3866
920 284 1047 342 489

127 437 364 508 prodiens
398 452 456 497 se
491 435 672 485 civium
706 448 802 483 non
836 433 999 483 minus
1035 448 1181 496 quam
1219 446 1358 480 suam
1405 430 1634 481 iniuriam
1667 429 1830 481 ultum

129 536 245 570 esse
305 517 603 567 affirmavit:
660 532 774 564 nam
833 515 875 563 si
926 515 1058 563 viros
1106 511 1394 560 interficere
1441 513 1644 577 impune
1691 516 1833 561 esset

131 600 401 656 uxoribus,
453 603 668 646 mortem
708 594 934 643 omnibus
983 594 1255 641 timendam
1299 593 1440 651 fore,
1490 594 1574 666 qui
1626 592 1832 641 feminis

131 681 323 730 servire
359 679 559 727 nollent.
628 676 804 739 Neque
839 681 1004 723 tamen
1041 674 1316 738 persuasit,
1367 673 1456 720 sed
1490 675 1610 721 vicit
1641 673 1833 738 impro-

133 763 228 811 bus
278 760 393 819 ille,
445 760 529 823 qui
573 756 786 806 interfici
823 771 935 803 reos
970 755 1196 812 iubebat3
1250 753 1599 817 lapidationem
1651 755 1834 818 depre-

136 856 253 890 cans
301 840 381 888 vix
415 839 728 903 impetravit,
775 844 832 885 ut
867 851 956 883 sua
990 851 1141 882 manu
1176 843 1391 883 mortem
1426 834 1617 883 inferre
1651 836 1746 882 sibi
1782 839 1835 884 et

136 921 295 970 sorori
353 921 541 968 liceret.
638 919 914 967 Abeuntem
977 933 1006 965 e
1051 917 1288 964 concione
1342 920 1548 979 praeter
1595 915 1835 979 Pyladem

137 1001 286 1051 etiam
320 1000 500 1064 reliqui
533 999 680 1048 amici
714 998 1013 1062 sodalesque
1049 1013 1161 1047 cum
1192 996 1410 1045 lacrimis
1439 1001 1493 1044 et
1515 996 1837 1048 miseratione

136 1081 451 1130 comitantur.

274 1161 591 1212 Moriendum
637 1159 788 1224 igitur
822 1165 902 1209 est
937 1157 1322 1225 Agamemnonis
1359 1157 1564 1215 liberis,
1601 1162 1652 1205 et
1685 1156 1841 1207 hodie

139 1241 374 1307 quidem,
424 1257 587 1304 neque
622 1257 709 1289 eos
743 1241 866 1288 iuvit
902 1240 1144 1303 Apollinis
1183 1238 1453 1286 oraculum.
1523 1237 1618 1285 His
1655 1239 1842 1287 auditis

139 1322 369 1382 Electra,
420 1337 570 1383 quum
620 1320 922 1383 aliquamdiu
967 1325 1103 1366 muta
1139 1317 1312 1366 oculos
1347 1318 1635 1380 defixisset,
1683 1318 1734 1367 in
1769 1319 1842 1367 la-

135 1410 306 1450 menta
337 1401 578 1453 ,dolorem
627 1417 740 1449 cum
774 1399 1054 1464 planctibus
1094 1403 1146 1446 et
1180 1399 1368 1447 laniatu
1402 1415 1642 1462 genarum
1679 1397 1842 1449 effun-

137 1481 230 1540 dit,
267 1495 363 1528 non
398 1481 632 1529 mollibus
669 1487 813 1529 utens
849 1478 1085 1543 querelis,
1122 1480 1212 1527 sed
1246 1479 1323 1538 iis,
1364 1496 1492 1543 quae
1529 1479 1708 1543 dignae
1743 1481 1845 1532 sint

136 1560 337 1610 Tantali
373 1561 530 1627 prole.
602 1560 790 1609 Domus
828 1560 960 1609 enim
990 1558 1341 1624 Pelopidarum
1378 1560 1625 1623 quondam
1661 1561 1844 1612 beatae

139 1658 199 1691 ac
244 1643 463 1707 potentis
510 1643 794 1700 interitum,
841 1640 1023 1688 invidia
1060 1641 1237 1688 civium
1276 1639 1547 1700 effectum,
1587 1646 1637 1690 et
1670 1658 1844 1693 rerum

136 1722 465 1771 humanarum
508 1722 904 1770 vicissitudinem
939 1720 1195 1784 deploratg
1243 1726 1410 1785 optat,
1457 1727 1513 1770 ut
1547 1722 1610 1771 ad
1646 1727 1844 1788 petram

138 1802 276 1850 illam
323 1803 451 1850 inter
487 1802 682 1850 coelum
715 1806 1006 1864 terramque
1042 1816 1332 1864 suspensam
1383 1802 1614 1865 tollatur,
1663 1810 1720 1852 ut
1755 1819 1844 1854 co·

140 1899 247 1932 ram
294 1881 505 1930 Tantalo
558 1897 745 1946 proavo
794 1881 1099 1929 vociferetur
1148 1882 1452 1931 calamitates
1502 1885 1664 1948 gentis
1698 1885 1847 1934 aliam

143 1978 298 2028 super
341 1963 486 2011 aliam
532 1963 755 2010 invectas
790 1977 1214 2022 commemorans,
1262 1963 1400 2011 aurei
1436 1965 1549 2030 agni
1583 1964 1846 2014 funestum

142 2044 425 2108 prodigium
475 2049 528 2091 et
574 2042 707 2090 diras
758 2042 962 2106 epulas,
1018 2043 1196 2106 quibus
1246 2046 1530 2106 conspectis
1583 2046 1659 2093 sol
1705 2051 1847 2094 retro

143 2139 344 2173 currum
381 2124 444 2172 ad
480 2123 721 2171 Auroram
758 2123 947 2187 egerit,
999 2130 1050 2170 et
1096 2123 1281 2171 seriem
1331 2124 1527 2173 cladum
1572 2142 1599 2173 a
1647 2125 1848 2190 Myrtili

143 2205 300 2252 caede
347 2204 410 2252 ad
461 2204 846 2267 Agamemnonis
897 2208 949 2251 et
983 2202 1252 2252 liberorum
1289 2204 1398 2252 eius
1432 2205 1689 2255 interitum
1726 2222 1847 2256 con-

142 2285 400 2333 tinuatam.

275 2363 564 2413 Revertitnr
611 2364 710 2412 iam
756 2380 785 2412 e
818 2362 931 2412 foro
968 2362 1203 2426 OresteS‚
1250 2364 1437 2431 Pylade
1485 2383 1690 2432 gressus
1737 2369 1848 2418 eius

146 2448 477 2507 sustentante,
514 2451 567 2493 et
599 2461 777 2508 magno
811 2445 974 2493 animo
1011 2445 1071 2493 ad
1108 2452 1322 2495 mortem
1356 2463 1412 2494 se
1443 2449 1723 2496 obeundam
1756 2465 1849 2513 pa-

144 2529 242 2585 rat,
280 2526 533 2573 abstinens
571 2526 788 2588 querelis
823 2526 935 2590 ipse
973 2530 1025 2573 et
1060 2525 1246 2573 luctum
1284 2529 1472 2575 sororis
1499 2544 1846 2594 compescens.

147 2604 457 2653 Generosam
494 2605 709 2654 indolem
746 2606 892 2653 ambo
928 2605 1180 2653 declarant
1210 2608 1588 2666 constituentes,
1625 2615 1678 2658 ut
1711 2611 1849 2674 prior

147 2685 359 2734 Orestes
410 2686 573 2751 gladio
622 2702 677 2734 se
728 2687 1002 2750 percutiat,
1065 2694 1170 2734 tum
1219 2686 1426 2736 Electra
1475 2691 1654 2738 eodem
1701 2695 1849 2741 utens

143 2766 281 2815 ferro
317 2766 599 2830 exemplum
635 2768 744 2815 eius
779 2767 1019 2818 imitetur.
1092 2767 1204 2816 Hoc
1241 2771 1542 2827 constituto,
1585 2772 1702 2819 dum
1738 2771 1850 2821 fra-

145 2846 238 2895 tris
290 2847 418 2894 collo
463 2847 662 2894 brachia
697 2863 841 2895 soror
876 2848 1180 2902 circumdat,
1217 2849 1462 2915 frangitur
1496 2850 1691 2899 Orestis
1728 2868 1852 2917 quo-

148 2943 246 2992 que
280 2927 490 2975 animus.
559 2927 748 2976 Mutuis
782 2929 934 2990 igitur
968 2929 1279 2992 amplexibus
1326 2931 1593 2979 haerentes
1643 2934 1852 2998 cupiunt

150 3023 207 3056 se
253 3024 351 3055 una
400 3007 614 3055 interfici
650 3012 703 3055 et
739 3024 833 3055 uno
868 3010 1062 3057 tumulo
1099 3010 1361 3073 componi3
1415 3011 1645 3060 desertos
1682 3021 1851 3064 autem

148 3103 206 3137 se
241 3104 268 3135 a
304 3089 525 3152 cognatis
562 3104 675 3135 esse
710 3089 882 3138 videns
922 3090 1157 3150 Orestes,
1194 3090 1370 3155 Pyladi
1406 3093 1641 3150 mandat,
1695 3100 1750 3143 ut
1798 3096 1850 3144 in

146 3170 302 3234 patris
349 3168 579 3231 sepulcro
629 3185 838 3237 corpora
884 3172 1091 3231 condat,
1141 3178 1192 3220 et
1236 3172 1404 3220 valere
1453 3189 1566 3221 eum
1610 3174 1752 3222 iubet
1786 3174 1851 3224 ad

146 3257 357 3297 mortem
395 3229 735 3312 proficiffcenS.
805 3250 851 3299 Is
890 3266 1006 3299 vero
1043 3259 1188 3314 negat
1233 3268 1289 3300 se
1332 3254 1411 3300 vel
1447 3255 1605 3302 amico
1640 3254 1716 3302 vel
1752 3256 1851 3303 vir-

149 3330 251 3391 gini
286 3330 377 3377 sibi
414 3330 691 3392 desponsae
725 3333 1047 3395 superstitem
1083 3331 1222 3394 fore3
1261 3333 1368 3393 sed,
1407 3350 1520 3381 cum
1546 3335 1710 3382 socius
1737 3334 1851 3384 fue-

149 3409 215 3457 rit
250 3411 447 3468 caedis,
485 3411 674 3459 socium
711 3427 766 3459 se
800 3411 912 3460 fore
947 3413 1095 3460 etiam
1124 3414 1299 3461 mortis
1330 3414 1576 3473 affirmat3
1611 3413 1853 3464 suadente

151 3496 316 3540 autem
362 3490 571 3554 Oreste,
627 3496 682 3540 ut
740 3494 868 3557 patri
902 3509 959 3542 ue
991 3492 1202 3555 reddat,
1249 3499 1303 3542 ut
1348 3494 1511 3559 patria
1557 3500 1610 3543 et
1651 3495 1851 3559 opibuS,
