2170 3848
1134 266 1213 323 76

331 430 484 473 „sumt
522 429 631 462 uam
665 427 788 476 quae
814 427 934 477 ‘para
969 410 1073 460 sive
1108 410 1271 459 addita
1305 411 1409 460 sive
1443 412 1607 463 demta
1639 414 1709 464 nil
1741 414 1863 464 facit
1897 430 2002 463 mo-

348 494 515 554 menti,
550 507 612 540 ne
643 508 754 556 pars
789 492 986 556 quidem
1023 491 1238 553 corporis
1275 491 1488 541 universi
1511 493 1732 542 habenda
1751 501 1842 544 est.
1890 494 2000 543 Ma-

348 574 579 623 nifestum
614 571 707 618 iam
743 586 803 618 ex
837 569 941 629 his,
977 585 1103 632 quae
1136 569 1482 630 disseruimus,
1520 577 1611 634 est,
1645 588 1738 622 non
1771 561 1852 622 res
1885 589 2001 623 vere

344 657 509 717 gestas
542 665 787 714 exponere
819 656 1071 712 poetarum
1106 648 1320 697 officium
1357 666 1483 710 esse,
1521 651 1608 700 sed
1636 667 1758 714 quae
1780 654 1887 717 geri
1910 668 1999 718 po-

345 731 528 781 tuerint
561 735 610 778 et
641 729 910 794 probabilia
945 729 1043 776 sint
1076 734 1159 777 aut
1192 729 1507 778 similitudine
1541 731 1643 778 veri
1678 735 1762 779 aut
1787 732 1999 780 necessi-

345 815 463 862 tate.
530 808 640 857 Hoc
675 809 798 856 enim
834 813 976 871 poeta
1013 809 1071 857 ab
1105 807 1342 856 historico
1378 808 1569 869 differt,
1603 825 1701 857 non
1747 826 1838 873 eo,
1871 810 2000 874 quod

343 887 560 940 numeris
606 887 872 950 mettisque
915 887 1037 935 alter
1069 887 1245 948 utitur,
1293 888 1415 938 alter
1448 893 1597 937 caret.
1666 888 1834 938 Possis
1869 891 2000 939 euim

344 969 492 1018 etiam
526 965 767 1015 Herodoti
794 967 977 1030 scripta
996 966 1210 1015 numeris
1234 967 1500 1023 includere,
1535 984 1694 1032 neque
1723 973 1886 1018 tamen
1908 971 1999 1018 mi-

342 1064 434 1098 nus
467 1045 721 1095 historiam
754 1045 936 1094 feceris
970 1046 1142 1095 metris
1175 1047 1413 1095 redditam
1449 1063 1591 1111 quam
1619 1049 1792 1097 metris
1827 1065 1998 1098 caren-

342 1134 456 1178 tem.
506 1125 635 1174 Sed
666 1125 784 1173 hoc
818 1124 1163 1186 differunt,
1197 1126 1364 1188 quod
1399 1127 1594 1174 alteri
1629 1133 1998 1192 quaegesta

343 1211 492 1257 sunt
524 1205 761 1267 dicunt,
797 1205 1000 1254 alteri
1035 1221 1193 1268 quae
1227 1206 1360 1269 geri
1394 1207 1746 1270 potuerint.
1781 1206 2009 1267 Quam-,

342 1288 554 1337 obrem
589 1284 780 1333 etiam
813 1285 1008 1350 magis
1044 1300 1176 1332 cum
1209 1284 1632 1350 philosophia
1665 1285 1998 1349 conspirat

342 1371 404 1416 et
452 1364 712 1429 gravior
759 1363 1237 1427 sublimiorque
1284 1368 1388 1412 est
1421 1365 1672 1429 poesis,
1709 1381 1876 1429 quam
1911 1365 1996 1413 hi-

341 1445 562 1496 storia.
611 1442 781 1491 Poesis
815 1443 940 1491 enim
971 1443 1124 1508 magis
1150 1444 1437 1504 communia,
1469 1443 1673 1492 historia
1695 1449 1856 1492 autem
1878 1459 1994 1506 pro-

339 1526 444 1592 pria
477 1521 643 1572 dicit.’'
711 1521 923 1585 Reliqua
956 1522 1068 1571 vide
1101 1520 1161 1570 Τ.
1186 1522 1220 1573 1.
1248 1539 1294 1587 p.
1322 1525 1432 1573 376.
1467 1528 1517 1572 et
1549 1523 1676 1573 adde
1710 1539 1833 1587 quae
1864 1523 1995 1572 idem

339 1621 382 1654 c.
417 1607 496 1654 23.
530 1602 741 1666 scripsit.

465 1683 605 1731 Haec
638 1680 890 1744 praefatus
934 1696 1040 1729 sum
1075 1681 1288 1731 fabulam
1323 1681 1608 1746 Supplicum
1644 1683 1994 1747 explicaturus,

336 1766 387 1814 in
420 1779 513 1829 qua
548 1761 881 1825 componenda
915 1760 1024 1824 plus
1049 1777 1203 1824 aequo
1239 1761 1577 1826 philosophiae
1611 1762 1782 1812 tribuit
1797 1763 1994 1827 Euripi-

337 1845 443 1905 des,
476 1847 530 1890 ut
559 1856 732 1906 parum
768 1839 1076 1888 dissimulato
1109 1840 1317 1888 docendi
1351 1840 1514 1889 studio
1551 1842 1796 1889 oratione·
1824 1857 1995 1906 perso-

336 1925 410 1974 nis
455 1922 612 1970 minus
657 1918 959 1966 necessarias
1004 1919 1263 1982 minusque
1309 1920 1494 1967 caussis
1529 1920 1870 1969 convenientes
1905 1920 1994 1969 tri-

335 2003 519 2061 buerit,
556 2014 652 2063 quo
684 1998 899 2062 partium
933 2002 1124 2045 tumore
1158 1997 1507 2047 detrimentum
1540 1998 1747 2047 affertur
1780 2000 1994 2048 universi

336 2081 501 2148 operis
533 2077 834 2142 simplicitati
869 2082 919 2125 et
952 2076 1285 2140 pulcritudini.
1344 2077 1398 2124 In
1431 2078 1527 2125 hoc
1560 2078 1730 2125 vitium
1764 2093 1994 2126 necessa-

333 2163 411 2212 rio
445 2159 664 2208 incidunt
681 2160 871 2221 poetae,
906 2156 947 2204 si
981 2160 1163 2204 certam
1197 2172 1303 2204 rem
1339 2156 1541 2205 efficere
1576 2158 1828 2206 studentes
1854 2157 1994 2206 utilia

333 2239 553 2291 venustis
596 2240 909 2301 anteponunt.
987 2234 1159 2298 Neque
1208 2236 1336 2284 enim
1384 2236 1577 2285 inscitia
1623 2240 1790 2284 noster
1832 2251 1994 2299 neque

334 2320 500 2385 inopia
531 2317 765 2383 peccavit,
802 2322 856 2364 ut
886 2315 939 2375 ii,
975 2329 1096 2378 quos
1132 2314 1253 2362 dixit
1275 2315 1506 2363 Horatius
1536 2332 1609 2375 ea,
1645 2331 1768 2379 quae
1792 2315 1992 2377 scirent,

334 2416 426 2468 pro
459 2399 537 2458 iis,
571 2412 696 2460 quae
727 2411 806 2444 res
840 2394 1131 2459 postularet,
1163 2393 1354 2453 imitari,
1390 2395 1478 2442 sed
1503 2395 1707 2444 caritate
1728 2396 1914 2459 patriae
1935 2411 1993 2443 ac

336 2479 501 2530 studio
536 2477 725 2526 utilium
746 2476 794 2523 in
820 2479 1042 2538 tempore
1062 2474 1341 2522 necessario
1369 2474 1735 2536 monendorum,
1771 2479 1828 2523 ut
1850 2473 1991 2536 quid-

335 2559 455 2624 quid
500 2557 591 2607 arti
640 2554 911 2604 detrahitur
955 2552 1159 2601 accedat
1199 2553 1333 2601 laudi
1376 2553 1590 2619 pietatis.
1660 2553 1799 2602 Haec
1842 2553 1993 2617 igitur

334 2646 611 2703 temporum
646 2634 861 2684 conditio
896 2648 1130 2696 quaenam
1164 2633 1343 2691 fucrit,
1391 2647 1536 2696 porro
1571 2633 1708 2681 nobis
1743 2647 1990 2697 exponen-

335 2719 452 2768 dum
486 2721 575 2766 est.
622 2715 732 2763 Una
765 2719 926 2763 autem
961 2712 1328 2761 Andromachae
1352 2712 1566 2761 fabulam
1595 2712 1858 2762 exhibitam
1881 2727 1992 2760 esse

335 2801 385 2847 et
417 2796 593 2848 iisdem
626 2810 790 2843 rerum
826 2787 1010 2842 caussis
1043 2792 1185 2840 inniti
1219 2792 1511 2840 coniicimus.

363 2866 365 2868 ’
466 2875 626 2937 Quum
649 2873 874 2937 Spartani
895 2871 1131 2936 neglectis
1153 2871 1441 2934 quibusdam
1458 2871 1698 2919 sociorum
1721 2870 1991 2919 commodis

332 2971 503 3021 pacem
528 2969 635 3002 cum
654 2952 1032 3001 Atheniensibus
1053 2951 1274 3010 inissent,
1300 2967 1423 3014 quae
1435 2952 1601 3000 Niciae
1626 2966 1719 3016 pax
1734 2951 1793 2999 ab
1811 2965 1885 3010 eo,
1907 2949 1991 3012 qui

334 3033 620 3093 conciliavit,
655 3032 897 3096 appellata
933 3036 1025 3092 est,
1060 3031 1225 3095 plures
1248 3029 1575 3094 Peloponnesi
1604 3031 1840 3089 civitates,
1877 3028 1990 3076 odio

331 3111 830 3164 Lacedaemoniorum
846 3111 981 3169 moti,
997 3110 1313 3158 suadentibus
1329 3109 1613 3170 Corinthiis,
1637 3110 1695 3157 ad
1711 3109 1916 3173 Argivos
1935 3123 1990 3156 se

333 3193 655 3258 applicarunt,
690 3206 896 3253 quorum
921 3190 1137 3254 integrae
1154 3189 1444 3249 erantvireS,
1482 3190 1612 3252 quod
1634 3204 1791 3251 neque
1808 3187 1989 3237 bellum

333 3273 389 3322 hi
410 3288 522 3320 cum
547 3270 724 3320 ceteris
753 3257 1083 3332 susceperant,
1119 3273 1168 3316 et
1187 3283 1360 3333 magna
1384 3269 1468 3316 illo
1486 3274 1710 3331 tempore
1742 3282 1857 3331 spes
1886 3271 1991 3315 erat

333 3351 444 3401 fore
477 3357 532 3401 ut
564 3351 612 3399 in
646 3349 902 3414 pristinum
936 3348 1096 3396 locum
1135 3347 1384 3412 potentiae
1416 3347 1812 3410 auctoritatisque
1845 3346 1989 3393 resti-

335 3432 456 3494 tuti,
490 3447 633 3495 quem
668 3429 992 3485 obtinuerant,
1023 3427 1304 3492 priusquam
1337 3428 1397 3476 ab
1425 3426 1701 3476 Heraclidis
1736 3426 1988 3476 vinceren-
2021 3492 2024 3495 Ι
