2170 3848
1177 271 1297 328 116

415 416 725 469 Foedissimo
775 418 939 465 autem
981 414 1203 464 facinore
1247 431 1307 465 eo
1352 415 1464 481 ipso
1506 420 1756 483 tempore,
1815 433 1912 482 quo
1954 418 2079 468 haec

415 495 670 560 tragoedia
702 501 808 544 acta
841 500 948 557 est,
994 496 1091 544 duo
1141 495 1294 544 millia
1326 495 1560 545 Helotum
1602 498 1984 546 fortissimorum
2015 499 2082 547 de

415 576 579 625 medio
615 575 927 624 sustulerant.
995 574 1119 624 Nam
1156 591 1304 638 quum
1353 575 1406 623 id
1453 580 1655 639 agerent
1684 574 2081 638 Lacedaemonii,

416 661 470 703 ut
514 654 784 702 exercitum
829 655 956 703 duce
987 654 1190 702 Brasida
1222 655 1271 702 in
1304 654 1565 703 Thraciam
1598 654 1901 716 mitterent,¹
1924 656 2080 705 Helo-

416 739 492 783 tas
551 734 798 782 iusserunt
844 732 1089 798 stipendia
1153 733 1322 782 facere
1392 738 1471 790 et,
1528 733 1760 783 libertate
1811 736 2081 798 proposita,

415 818 789 878 praeceperunt,
825 819 896 872 ut,
933 813 1210 876 quicunque
1240 828 1295 861 se
1323 812 1481 861 fortes
1515 829 1573 861 ac
1608 817 1836 862 strenuos
1861 827 1973 860 esse
2007 814 2081 862 iu-

417 893 663 951 dicarent,
729 908 758 939 a
791 891 1090 954 reliquorum
1146 893 1286 940 turba
1330 897 1718 941 secernerentur.
1798 891 1907 940 Hac
1953 892 2081 940 enim

415 972 606 1019 ratione
626 970 858 1019 facillime
885 976 1075 1019 mentes
1099 971 1296 1019 illorum
1323 971 1565 1036 explorari
1589 971 1853 1036 putabant:
1887 986 1998 1020 nam
2026 975 2084 1020 ut

416 1051 624 1115 quisque
657 1051 866 1098 maxime
899 1065 955 1098 se
989 1049 1186 1113 dignum
1221 1051 1427 1098 duceret
1458 1050 1720 1110 libertate,
1769 1050 1835 1099 ita
1871 1050 2083 1099 maxime

418 1147 528 1180 eum
564 1135 768 1194 propter
802 1129 1066 1178 elationem
1101 1129 1249 1177 animi
1282 1144 1491 1194 pronum
1518 1129 1629 1178 fore
1654 1130 1716 1178 ad
1737 1129 2083 1180 insidiandum.

417 1210 635 1272 Quorum
683 1225 830 1273 quum
878 1209 940 1257 ad
987 1210 1086 1258 duo
1131 1208 1284 1256 millia
1330 1207 1533 1256 discreti
1581 1214 1748 1257 essent
1798 1214 1849 1258 et
1897 1209 2085 1272 templa

417 1289 652 1348 coronati,
687 1292 919 1352 tanquam
953 1288 1184 1337 libertate
1230 1286 1426 1347 donati,
1475 1287 1846 1349 circumissent,
1886 1303 1983 1337 non
2014 1287 2086 1336 ita

416 1369 571 1418 multo
603 1373 717 1431 post
750 1369 814 1416 de
847 1368 1011 1416 medio
1048 1367 1227 1417 sublati
1262 1366 1591 1430 exstinctique
1613 1372 1741 1427 suut,
1776 1383 1953 1432 neque,
1986 1380 2086 1431 quo

418 1448 626 1512 quisque
659 1453 806 1511 pacto
840 1447 1118 1506 interisset,
1165 1453 1470 1511 compertum
1505 1444 1666 1509 estss).
1735 1446 1873 1496 Haec
1906 1446 2024 1510 quin
2055 1460 2085 1494 a

417 1531 589 1578 nostro
623 1526 979 1589 respiciantur,
1030 1525 1140 1590 ipso
1173 1526 1404 1585 dicente,
1441 1539 1538 1575 non
1571 1530 1738 1589 potest
1770 1526 2010 1577 dubitari:

548 1597 582 1669 ἧ
616 1605 761 1654 ταῦτ’
799 1602 856 1654 ἐν
888 1602 1032 1668 ὑμῖν,
1067 1605 1179 1664 τοῖς
1211 1604 1336 1667 παρ’
1370 1602 1613 1671 Εὐρώτᾳ,
1649 1603 1792 1670 σοφοί
1802 1625 1825 1666 ,·

419 1685 652 1735 Ceterum
690 1700 882 1733 summa
915 1685 998 1732 illo
1033 1691 1289 1748 tempore,
1343 1700 1438 1747 quo
1471 1686 1594 1734 haec
1629 1686 1797 1734 fabula
1841 1688 1951 1734 acta
1989 1687 2084 1746 est,

419 1763 750 1827 indignatione
785 1764 1113 1813 Athenienses
1149 1763 1647 1812 Lacedaemoniorum
1681 1762 2086 1830 tergiversatione

418 1849 563 1908 atque
587 1843 781 1891 insidiis
816 1843 1044 1893 incensos
1075 1842 1230 1891 fuisse
1255 1858 1404 1906 supra
1433 1843 1754 1892 ostendimuS.
1822 1842 2086 1892 Athenien-

420 1925 546 1973 sium
577 1922 728 1985 igitur
769 1937 1031 1985 personam
1064 1921 1197 1969 ferre
1218 1921 1561 1971 Andromache
1584 1923 1780 1972 videtur
1809 1920 2087 1988 opprobriis

419 2009 567 2066 atque
614 2001 1030 2049 criminationibus
1077 1999 1378 2063 gravissimis
1425 2016 1521 2048 non
1554 2001 1836 2050 Menelaum
1880 2004 2087 2060 tantum,

421 2082 512 2132 sed
557 2080 837 2128 universum
884 2079 1118 2143 populum
1163 2077 1607 2128 Lacedaemonium
1654 2081 1922 2142 exagitans.
1987 2078 2086 2127 Ne-

420 2177 516 2225 que
549 2164 716 2208 tamen
748 2159 829 2207 illa
863 2159 1170 2216 animositaS,
1208 2172 1330 2220 qua,
1376 2163 1583 2206 mortem
1619 2165 1960 2219 contemnem,
1993 2173 2086 2221 pro

421 2240 631 2305 supplici
666 2239 796 2287 celsa
826 2242 1188 2300 contumaxque
1241 2236 1542 2300 conspicitur
1589 2241 1640 2284 et
1684 2237 1943 2301 magnifica
1976 2252 2086 2285 ora-

420 2321 556 2369 tione
601 2318 852 2367 hominem
894 2322 1091 2379 turpem
1123 2314 1463 2378 nefariumque
1494 2315 1747 2380 percellit,
1794 2332 1889 2366 non
1934 2316 2087 2380 ipsius

423 2415 621 2464 quoque
655 2397 851 2462 ingenio
885 2396 1071 2460 optime
1105 2393 1345 2442 convenit·

551 2475 895 2527 Andromacha
923 2490 1033 2522 cum
1058 2474 1158 2521 filio
1182 2473 1230 2522 in
1256 2473 1454 2522 domum
1479 2474 1707 2538 abducta,
1736 2475 1916 2524 chorus
1938 2490 2087 2541 prae-

422 2555 729 2606 stantissimo
765 2554 998 2614 carmine,
1035 2551 1294 2601 aemulatio
1331 2559 1566 2616 quantum
1600 2555 1650 2602 in
1684 2555 1908 2603 omnibus
1941 2555 2090 2603 rebus

422 2637 603 2686 malum
638 2635 734 2691 sit,
769 2634 981 2698 exponit.
1047 2634 1220 2696 Neque
1272 2632 1402 2679 enim
1435 2633 1661 2682 domibus
1695 2634 1887 2698 gemina
1920 2633 2089 2682 coniu-
2143 2631 2146 2633 ’

424 2717 504 2782 gia
549 2720 633 2762 aut
677 2713 955 2762 civitatibus
1002 2712 1200 2778 gemina
1244 2711 1447 2774 imperia
1490 2715 1572 2759 aut
1617 2713 1821 2761 navibus
1867 2712 2088 2776 geminos

422 2796 772 2859 gubernatores
808 2792 1045 2854 salubria,
1081 2791 1168 2839 sed
1201 2790 1589 2851 discordiarum,
1626 2791 1951 2854 seditionum,
1985 2796 2089 2840 tur-

422 2876 594 2924 barum
637 2888 839 2937 semper
882 2872 1139 2920 materiam
1188 2884 1327 2931 esse,
1389 2870 1629 2931 citiusque
1675 2886 1852 2931 unum,
1918 2886 2089 2934 quam-
2167 2901 2170 2905 -

422 2953 494 3001 vis
529 2951 690 3000 minus
725 2951 936 3000 excellat
970 2948 1261 3016 prudentia,
1314 2964 1461 3012 quam
1502 2949 1863 2999 multitudinem
1898 2950 2089 3012 sapien-

424 3031 578 3092 tium,
627 3046 752 3095 quae
797 3031 978 3095 ubique
1023 3033 1294 3095 opportuna
1342 3027 1440 3076 sint
1474 3033 1622 3091 atque
1653 3028 1923 3078 conducant
1953 3029 2089 3077 inve-

456 3126 546 3162 ire.

423 3126 456 3161 n
562 3187 751 3238 Deinde
807 3187 1084 3238 miserabile
1147 3186 1498 3252 indignumque
1545 3185 1882 3251 spectaculum
1931 3186 2089 3236 oculis

424 3265 678 3329 obser-tur,
725 3283 835 3316 cum
868 3265 1211 3318 Andromache
1243 3267 1402 3317 vincta
1443 3281 1554 3316 cum
1589 3280 1744 3330 puero
1776 3265 1842 3314 ad‘
1873 3270 2088 3316 mortem

477 3445 528 3500 ¹⁵)
557 3446 705 3490 Thuc.
728 3445 799 3502 w,
818 3445 887 3489 so.
