2170 3866
703 308 711 329 .
925 272 1047 330 397

157 419 432 472 exhilarare
467 417 710 468 studentis
746 419 971 470 ludibriis
1006 421 1267 468 narrantur
1296 418 1570 469 obscoenis.
1637 419 1831 483 „Quam

153 501 291 550 enim
337 499 468 548 serio
515 515 609 547 non
656 501 824 563 quibat
867 500 1091 559 allicere,
1125 499 1448 548 ludibriorum
1481 500 1648 548 statuit
1682 501 1830 549 exbi-

155 581 315 629 latare
363 579 623 629 miraculis.
702 579 854 628 Redit
902 581 1029 628 enim
1074 579 1136 627 ad
1182 581 1323 628 deam
1367 580 1560 647 tristem
1611 585 1660 628 et
1702 580 1833 628 inter

155 661 242 709 illa
285 659 591 717 communia,
639 660 815 723 quibus
860 661 1011 707 moris
1054 664 1132 707 est
1177 658 1406 723 frangere
1452 675 1510 708 ac
1555 664 1833 724 temperare

156 754 434 798 moerores,
484 740 664 804 retegit
710 755 764 786 se
809 739 966 802 ipsam
1014 744 1109 787 etc.
1179 739 1344 801 Atque
1391 738 1482 787 dea
1529 740 1644 803 pubi
1676 740 1835 804 affigit

156 820 326 869 oculos
372 826 424 867 et
459 819 666 867 inauditi
702 819 870 884 specie
905 819 1156 867 solaminis
1192 820 1436 884 pascitur3
1471 824 1573 868 tum
1610 819 1834 868 diffusior

152 901 287 950 sacta
324 914 414 963 per
459 900 609 946 risum
654 899 805 947 sumit
840 904 990 963 atque
1026 894 1179 948 ebibit
1216 915 1360 963 quam
1396 904 1539 947 antea
1574 903 1834 962 aspernata

158 986 235 1029 est
279 975 581 1044 potionem„
650 980 828 1027 Arnob.
865 978 924 1029 V.
963 996 1010 1043 p.
1048 982 1159 1027 198.
1222 979 1453 1027 Clemens
1498 978 1745 1044 Protrept.
1782 996 1832 1044 p.

158 1064 209 1119 6,
242 1061 324 1108 24.
405 1059 452 1106 ln
499 1058 682 1122 hymno
732 1059 880 1124 igitur
929 1060 1191 1108 Homerico
1243 1059 1473 1120 ancillae,
1530 1059 1670 1109 cuius
1711 1060 1834 1108 iocis

158 1141 254 1190 dea
279 1139 594 1200 exhilaratur,
628 1140 758 1187 idem
784 1144 890 1203 est,¹
906 1140 1035 1202 quod
1061 1140 1356 1188 carminibus
1379 1138 1602 1195 comicis,
1627 1153 1833 1188 nomen:

286 1217 413 1283 πρίν
445 1216 491 1283 γ’
526 1215 611 1267 ὅτε
646 1213 711 1283 δὴ
746 1217 931 1285 χλεύῃς
958 1237 1048 1284 μιν
1078 1211 1306 1283 Ἰάμβη
1340 1216 1477 1268 κέδν’
1514 1215 1706 1278 εἰδυῖα,
1764 1269 1766 1271 .

284 1296 454 1350 πολλὰ
485 1298 930 1362 παρασκώπτουσ’
965 1295 1215 1364 ἐτρέψατο
1251 1298 1491 1361 πότνιαν,
1527 1294 1715 1364 ἁγνήν,

283 1379 527 1445 μειδῆσαι
558 1378 773 1444 γελάσαι
807 1394 877 1437 τε,
914 1377 1001 1430 καὶ
1037 1378 1187 1429 ἵλαον
1224 1377 1407 1429 ἔνθετο
1441 1378 1640 1442 θυμόν.

152 1459 308 1511 Vides
346 1460 612 1522 Cererem,
652 1467 882 1524 tanquam
917 1461 1154 1526 tragicam
1191 1477 1468 1525 personam,
1506 1476 1617 1509 cum
1652 1459 1836 1520 Iambe,

152 1546 386 1604 tanquam
422 1542 626 1600 comica,
662 1557 759 1590 uno
794 1542 845 1589 in
880 1541 987 1588 loco
1025 1547 1303 1589 versantem
1338 1557 1500 1604 neque
1534 1539 1680 1588 modo
1710 1540 1836 1588 tole-

152 1627 343 1671 rantem
374 1621 522 1670 huius
556 1623 722 1682 iocos,
770 1637 940 1668 verum
976 1621 1120 1669 etiam
1155 1621 1214 1668 iis
1253 1621 1545 1669 delectatam
1580 1620 1734 1679 adeo,
1781 1623 1836 1668 ut

155 1702 308 1751 oblita
342 1703 665 1761 amissorum,
710 1701 958 1749 admonita
991 1700 1299 1763 voluptatum
1336 1699 1584 1763 corporis,
1617 1698 1680 1748 ad
1711 1698 1836 1748 hila-

153 1782 354 1831 ritatem
389 1786 638 1840 revocata,
673 1781 872 1845 potione
907 1781 1114 1844 ciboque
1146 1776 1517 1842 reficeretur*).

285 1853 378 1909 Est
410 1867 574 1908 autem
609 1860 817 1909 alterum
853 1861 1043 1908 iocandi
1090 1875 1245 1924 genus
1290 1860 1446 1923 magis
1480 1859 1602 1907 illud
1638 1857 1835 1923 quidem

154 1940 360 1991 liberale
393 1941 774 2004 honestumque,
810 1955 867 1987 ac
893 1940 1048 1987 solum
1070 1940 1292 2002 ingenuis
1316 1940 1594 1988 hominibus
1617 1939 1835 2004 dignum,

155 2021 322 2070 iudice
369 2019 613 2068 Cicerone
661 2019 758 2068 off.
794 2021 829 2080 l,
878 2022 987 2077 29.,
1044 2019 1131 2067 sed
1181 2020 1366 2067 severis
1414 2019 1739 2082 tristibusque
1785 2022 1838 2066 et

154 2101 319 2165 ipsum
367 2100 631 2149 finitimum
678 2107 730 2148 et
774 2116 835 2148 ex
882 2099 1060 2148 levium
1096 2100 1416 2163 graviumque
1450 2115 1619 2148 rerum
1654 2114 1836 2162 repen-

154 2182 257 2229 tino
307 2196 550 2230 concursu
599 2196 892 2243 erumpens,
949 2179 1078 2242 quod
1127 2179 1418 2227 recentioris
1465 2179 1718 2244 proprium
1752 2192 1836 2226 co-

158 2260 386 2309 moediae
421 2275 532 2308 esse
569 2275 717 2324 supra
753 2260 1262 2307 commemoravimuS.

283 2340 478 2399 Restat,
514 2346 568 2388 ut
594 2340 719 2387 hanc
743 2339 962 2402 gravium
994 2339 1273 2401 leviumque
1302 2338 1604 2387 vicinitatem
1635 2343 1686 2387 et
1715 2337 1836 2386 alte-

154 2435 321 2468 rorum
339 2420 388 2468 in
408 2419 562 2468 altera
580 2419 789 2467 subitam
811 2419 1240 2467 commutationem
1263 2419 1501 2481 exemplis
1518 2419 1836 2468 illustremus.

155 2497 249 2548 Vir
284 2497 426 2546 fortis
462 2503 512 2546 et
533 2498 691 2562 gravis
712 2501 892 2548 arietes
919 2514 1009 2561 pro
1043 2499 1339 2559 hominibus,
1376 2500 1553 2560 quibus
1579 2499 1835 2559 irascatur,

158 2577 371 2626 caedens
419 2578 571 2625 risum
619 2579 758 2626 nobis
802 2579 1043 2640 movebit,
1080 2578 1243 2641 quoad
1291 2579 1397 2626 eius
1442 2578 1564 2625 facti
1612 2592 1836 2625 caussam

156 2658 406 2719 finemque
433 2657 718 2722 perspicere
754 2659 1066 2722 putabimus;
1100 2657 1310 2706 eundem
1348 2657 1429 2704 ubi
1465 2657 1644 2705 mentis
1668 2672 1838 2706 errore

157 2737 393 2787 divinitus
429 2738 586 2785 teneri
622 2738 896 2788 videbimus
933 2738 1192 2801 simulque,
1229 2753 1290 2785 ne
1318 2738 1490 2785 eadem
1518 2738 1564 2784 vi
1592 2737 1750 2785 divina
1773 2737 1838 2786 ad

156 2817 409 2867 interitum
445 2817 686 2881 adigatur,
721 2820 1019 2877 timebimus,
1056 2819 1102 2865 in
1128 2817 1389 2865 hilaritatis
1415 2817 1576 2866 locum
1602 2816 1837 2865 succedet

83 2935 85 2938 .
157 2897 428 2946 miseratio.
466 2895 679 2946 Grandia
706 2900 836 2948 enim
862 2904 975 2948 sunt
1003 2913 1207 2961 quorum
1234 2897 1383 2945 finem
1411 2913 1506 2945 nou
1529 2897 1837 2959 assequimur

157 2976 236 3026 vel
272 2992 480 3041 quorum
517 2992 716 3026 caussas
751 2985 1052 3041 eventusque
1085 2978 1364 3043 ignoramus
1400 2977 1476 3025 vel
1500 2981 1635 3040 *quae
1662 2976 1836 3026 divini-

159 3061 240 3106 tus
276 3056 461 3105 effecta
497 3071 608 3104 esse
647 3064 879 3122 apparet3
929 3060 1047 3108 levia
1082 3064 1247 3106 autem
1283 3062 1397 3106 sunt
1430 3064 1533 3105 tum
1570 3073 1695 3120 quae
1728 3055 1833 3105 vul-

159 3137 323 3199 garia,
377 3136 572 3200 cognita
621 3143 957 3202 pespectaque
1005 3140 1248 3187 habentur
1280 3144 1382 3186 tum
1420 3152 1546 3200 quae
1580 3151 1697 3185 casu
1729 3135 1834 3183 for-

159 3216 471 3276 tuito,.nullo
506 3216 710 3265 deorum
745 3219 966 3282 consilio,
1002 3219 1182 3268 effecta
1204 3233 1315 3267 esse
1339 3222 1589 3283 putantur.
1646 3214 1698 3263 Si
1724 3214 1834 3277 quis

218 3409 267 3463 *J
297 3411 393 3453 Non
421 3412 561 3453 multo
591 3412 748 3454 melius
769 3417 833 3455 est
854 3414 1076 3465 solatium,
1107 3425 1192 3467 quo
1213 3411 1447 3454 columbae
1467 3407 1684 3465 sapientia
1707 3406 1834 3460 aqui-

299 3481 392 3522 lam
423 3482 477 3523 de
507 3482 686 3524 sublimi
715 3483 1051 3538 praecipitatam
1076 3487 1436 3537 moerentemque
1458 3480 1710 3523 exhilarare
1740 3481 1833 3519 stu-

297 3550 370 3594 det
397 3551 442 3594 in
472 3553 666 3596 carmine
696 3553 891 3608 Goethii,
921 3556 1038 3610 quod
1066 3555 1200 3597 Adler
1228 3554 1316 3596 und
1337 3554 1493 3596 Taube
1521 3547 1788 3593 inscribitur.
