<?xml version="1.0" encoding="UTF-8"?>
<!DOCTYPE html PUBLIC "-//W3C//DTD XHTML 1.0 Transitional//EN"
    "http://www.w3.org/TR/xhtml1/DTD/xhtml1-transitional.dtd">
<html xmlns="http://www.w3.org/1999/xhtml" xml:lang="en" lang="en">
 <head>
  <title>
</title>
<meta http-equiv="Content-Type" content="text/html;charset=utf-8" />
  <meta name='ocr-system' content='tesseract 3.04.00' />
  <meta name='ocr-capabilities' content='ocr_page ocr_carea ocr_par ocr_line ocrx_word'/>
</head>
<body>
  <div class='ocr_page' id='page_1' title='image "./euripidesrestitu02hartuoft_0414.png"; bbox 0 0 2170 3866; ppageno 0'>
   <div class='ocr_carea' id='block_1_1' title="bbox 1112 240 1236 297">
    <p class='ocr_par' dir='ltr' id='par_1_1' title="bbox 1112 240 1236 297">
     <span class='ocr_line' id='line_1_1' title="bbox 1112 240 1236 297; baseline 0 -1"><span class='ocrx_word' id='word_1_1' title='bbox 1112 240 1236 297; x_wconf 80' lang='lat'><strong>4⁰2</strong></span> 
     </span>
    </p>
   </div>
   <div class='ocr_carea' id='block_1_2' title="bbox 338 386 2028 3317">
    <p class='ocr_par' dir='ltr' id='par_1_2' title="bbox 338 386 2027 1888">
     <span class='ocr_line' id='line_1_2' title="bbox 338 386 2021 452; baseline -0.005 -7"><span class='ocrx_word' id='word_1_2' title='bbox 338 410 446 445; x_wconf 90' lang='lat' dir='ltr'><strong>rum</strong></span> <span class='ocrx_word' id='word_1_3' title='bbox 479 391 562 441; x_wconf 89' lang='lat' dir='ltr'><strong>illa</strong></span> <span class='ocrx_word' id='word_1_4' title='bbox 595 388 790 452; x_wconf 87' lang='lat' dir='ltr'><strong>quidem</strong></span> <span class='ocrx_word' id='word_1_5' title='bbox 826 393 932 437; x_wconf 92' lang='lat' dir='ltr'><strong>tum</strong></span> <span class='ocrx_word' id='word_1_6' title='bbox 980 391 1289 438; x_wconf 80' lang='lat' dir='ltr'><strong>venustatem</strong></span> <span class='ocrx_word' id='word_1_7' title='bbox 1321 386 1499 451; x_wconf 84' lang='lat' dir='ltr'><strong>putide</strong></span> <span class='ocrx_word' id='word_1_8' title='bbox 1531 387 1732 438; x_wconf 83' lang='lat' dir='ltr'><strong>affectat</strong></span> <span class='ocrx_word' id='word_1_9' title='bbox 1775 393 1878 438; x_wconf 87' lang='lat' dir='ltr'><strong>tum</strong></span> <span class='ocrx_word' id='word_1_10' title='bbox 1914 402 2021 436; x_wconf 87' lang='lat' dir='ltr'><strong>sor-</strong></span> 
     </span>
     <span class='ocr_line' id='line_1_3' title="bbox 340 467 2023 533; baseline -0.003 -11"><span class='ocrx_word' id='word_1_11' title='bbox 340 475 485 533; x_wconf 86' lang='lat' dir='ltr'><strong>dide,</strong></span> <span class='ocrx_word' id='word_1_12' title='bbox 538 467 721 517; x_wconf 80' lang='lat' dir='ltr'><strong>Oreste</strong></span> <span class='ocrx_word' id='word_1_13' title='bbox 756 467 930 532; x_wconf 86' lang='lat' dir='ltr'><strong>capitis</strong></span> <span class='ocrx_word' id='word_1_14' title='bbox 965 467 1230 528; x_wconf 82' lang='lat' dir='ltr'><strong>damnato,</strong></span> <span class='ocrx_word' id='word_1_15' title='bbox 1277 483 1361 516; x_wconf 90' lang='lat' dir='ltr'><strong>res</strong></span> <span class='ocrx_word' id='word_1_16' title='bbox 1397 467 1501 515; x_wconf 92' lang='lat' dir='ltr'><strong>eius</strong></span> <span class='ocrx_word' id='word_1_17' title='bbox 1551 468 1680 517; x_wconf 84' lang='lat' dir='ltr'><strong>intus</strong></span> <span class='ocrx_word' id='word_1_18' title='bbox 1728 483 1900 517; x_wconf 90' lang='lat' dir='ltr'><strong>omnes</strong></span> <span class='ocrx_word' id='word_1_19' title='bbox 1937 470 2023 518; x_wconf 89' lang='lat' dir='ltr'><strong>ob-</strong></span> 
     </span>
     <span class='ocr_line' id='line_1_4' title="bbox 340 546 2021 615; baseline -0.004 -13"><span class='ocrx_word' id='word_1_20' title='bbox 340 555 502 615; x_wconf 80' lang='lat' dir='ltr'>signat</span> <span class='ocrx_word' id='word_1_21' title='bbox 537 546 760 613; x_wconf 83' lang='lat'>(1101.);</span> <span class='ocrx_word' id='word_1_22' title='bbox 803 547 888 597; x_wconf 90' lang='lat' dir='ltr'><strong>hic</strong></span> <span class='ocrx_word' id='word_1_23' title='bbox 934 554 1100 597; x_wconf 87' lang='lat' dir='ltr'><strong>autem</strong></span> <span class='ocrx_word' id='word_1_24' title='bbox 1151 547 1365 611; x_wconf 74' lang='lat' dir='ltr'><strong>turpiter</strong></span> <span class='ocrx_word' id='word_1_25' title='bbox 1407 546 1647 607; x_wconf 74' lang='lat' dir='ltr'><strong>leoninam</strong></span> <span class='ocrx_word' id='word_1_26' title='bbox 1691 548 1872 613; x_wconf 88' lang='lat' dir='ltr'><strong>pellem</strong></span> <span class='ocrx_word' id='word_1_27' title='bbox 1908 563 2021 596; x_wconf 91' lang='lat' dir='ltr'><strong>cum</strong></span> 
     </span>
     <span class='ocr_line' id='line_1_5' title="bbox 340 626 2024 696; baseline -0.004 -15"><span class='ocrx_word' id='word_1_28' title='bbox 340 631 537 696; x_wconf 83' lang='lat' dir='ltr'><strong>vulpina</strong></span> <span class='ocrx_word' id='word_1_29' title='bbox 583 632 881 688; x_wconf 83' lang='lat' dir='ltr'><strong>commutat3</strong></span> <span class='ocrx_word' id='word_1_30' title='bbox 946 631 1089 677; x_wconf 90' lang='lat' dir='ltr'><strong>ambo</strong></span> <span class='ocrx_word' id='word_1_31' title='bbox 1138 627 1378 689; x_wconf 84' lang='lat' dir='ltr'><strong>denique,</strong></span> <span class='ocrx_word' id='word_1_32' title='bbox 1435 628 1754 676; x_wconf 87' lang='lat' dir='ltr'><strong>barbarorum</strong></span> <span class='ocrx_word' id='word_1_33' title='bbox 1804 626 2024 693; x_wconf 80' lang='lat' dir='ltr'><strong>corrupti</strong></span> 
     </span>
     <span class='ocr_line' id='line_1_6' title="bbox 340 707 2023 772; baseline -0.002 -13"><span class='ocrx_word' id='word_1_34' title='bbox 340 710 577 769; x_wconf 87' lang='lat' dir='ltr'><strong>mollitie,</strong></span> <span class='ocrx_word' id='word_1_35' title='bbox 624 708 862 757; x_wconf 80' lang='lat' dir='ltr'>luxuriam</span> <span class='ocrx_word' id='word_1_36' title='bbox 911 724 1002 772; x_wconf 88' lang='lat' dir='ltr'><strong>pro</strong></span> <span class='ocrx_word' id='word_1_37' title='bbox 1048 723 1218 756; x_wconf 83' lang='lat' dir='ltr'><strong>severa</strong></span> <span class='ocrx_word' id='word_1_38' title='bbox 1255 707 1610 770; x_wconf 84' lang='lat' dir='ltr'><strong>Spartanorum</strong></span> <span class='ocrx_word' id='word_1_39' title='bbox 1645 707 1902 771; x_wconf 79' lang='lat' dir='ltr'><strong>disciplina</strong></span> <span class='ocrx_word' id='word_1_40' title='bbox 1936 708 2023 755; x_wconf 88' lang='lat' dir='ltr'><strong>ad-</strong></span> 
     </span>
     <span class='ocr_line' id='line_1_7' title="bbox 342 786 2024 850; baseline -0.002 -11"><span class='ocrx_word' id='word_1_41' title='bbox 342 791 608 839; x_wconf 88' lang='lat' dir='ltr'><strong>sciverunt.</strong></span> <span class='ocrx_word' id='word_1_42' title='bbox 681 787 871 835; x_wconf 86' lang='lat' dir='ltr'><strong>Horum</strong></span> <span class='ocrx_word' id='word_1_43' title='bbox 906 793 1070 835; x_wconf 90' lang='lat' dir='ltr'><strong>autem</strong></span> <span class='ocrx_word' id='word_1_44' title='bbox 1106 787 1360 850; x_wconf 85' lang='lat' dir='ltr'><strong>turpitudo</strong></span> <span class='ocrx_word' id='word_1_45' title='bbox 1394 801 1507 834; x_wconf 69' lang='lat' dir='ltr'><strong>‘cum</strong></span> <span class='ocrx_word' id='word_1_46' title='bbox 1543 786 1737 835; x_wconf 88' lang='lat' dir='ltr'><strong>Orestis</strong></span> <span class='ocrx_word' id='word_1_47' title='bbox 1771 786 2024 836; x_wconf 87' lang='lat' dir='ltr'><strong>Electrae-</strong></span> 
     </span>
     <span class='ocr_line' id='line_1_8' title="bbox 342 866 2026 935; baseline -0.003 -16"><span class='ocrx_word' id='word_1_48' title='bbox 342 886 438 935; x_wconf 85' lang='lat' dir='ltr'><strong>que</strong></span> <span class='ocrx_word' id='word_1_49' title='bbox 481 869 719 931; x_wconf 80' lang='lat' dir='ltr'><strong>dignitate</strong></span> <span class='ocrx_word' id='word_1_50' title='bbox 764 867 1036 930; x_wconf 87' lang='lat' dir='ltr'><strong>composita</strong></span> <span class='ocrx_word' id='word_1_51' title='bbox 1071 867 1227 931; x_wconf 79' lang='lat' dir='ltr'><strong>magis</strong></span> <span class='ocrx_word' id='word_1_52' title='bbox 1264 866 1442 917; x_wconf 89' lang='lat' dir='ltr'><strong>elucet.</strong></span> <span class='ocrx_word' id='word_1_53' title='bbox 1512 867 1748 915; x_wconf 87' lang='lat' dir='ltr'><strong>Incolumi</strong></span> <span class='ocrx_word' id='word_1_54' title='bbox 1779 866 1912 915; x_wconf 92' lang='lat' dir='ltr'><strong>enim</strong></span> <span class='ocrx_word' id='word_1_55' title='bbox 1937 881 2026 914; x_wconf 86' lang='lat' dir='ltr'><strong>sua</strong></span> 
     </span>
     <span class='ocr_line' id='line_1_9' title="bbox 342 945 2026 1013; baseline -0.002 -15"><span class='ocrx_word' id='word_1_56' title='bbox 342 949 586 1013; x_wconf 77' lang='lat' dir='ltr'><strong>gravitate</strong></span> <span class='ocrx_word' id='word_1_57' title='bbox 622 962 898 995; x_wconf 89' lang='lat' dir='ltr'><strong>sermonem</strong></span> <span class='ocrx_word' id='word_1_58' title='bbox 935 962 1045 995; x_wconf 92' lang='lat' dir='ltr'><strong>cum</strong></span> <span class='ocrx_word' id='word_1_59' title='bbox 1075 946 1271 1009; x_wconf 83' lang='lat' dir='ltr'><strong>Phryge</strong></span> <span class='ocrx_word' id='word_1_60' title='bbox 1306 947 1522 994; x_wconf 87' lang='lat' dir='ltr'><strong>conserit</strong></span> <span class='ocrx_word' id='word_1_61' title='bbox 1547 945 1782 1006; x_wconf 75' lang='lat' dir='ltr'><strong>OresteS,</strong></span> <span class='ocrx_word' id='word_1_62' title='bbox 1816 947 1902 994; x_wconf 88' lang='lat' dir='ltr'><strong>ubi</strong></span> <span class='ocrx_word' id='word_1_63' title='bbox 1934 946 2026 994; x_wconf 90' lang='lat' dir='ltr'><strong>ho-</strong></span> 
     </span>
     <span class='ocr_line' id='line_1_10' title="bbox 344 1025 2027 1090; baseline -0.003 -13"><span class='ocrx_word' id='word_1_64' title='bbox 344 1030 487 1078; x_wconf 90' lang='lat' dir='ltr'><strong>minis</strong></span> <span class='ocrx_word' id='word_1_65' title='bbox 523 1027 789 1076; x_wconf 82' lang='lat' dir='ltr'><strong>effeminati</strong></span> <span class='ocrx_word' id='word_1_66' title='bbox 824 1032 1060 1089; x_wconf 88' lang='lat' dir='ltr'><strong>metuque</strong></span> <span class='ocrx_word' id='word_1_67' title='bbox 1106 1025 1255 1073; x_wconf 89' lang='lat' dir='ltr'><strong>fracti</strong></span> <span class='ocrx_word' id='word_1_68' title='bbox 1291 1027 1481 1090; x_wconf 15' lang='lat' dir='ltr'><strong>ignavia*</strong></span> <span class='ocrx_word' id='word_1_69' title='bbox 1511 1042 1624 1074; x_wconf 92' lang='lat' dir='ltr'><strong>cum</strong></span> <span class='ocrx_word' id='word_1_70' title='bbox 1658 1026 1846 1074; x_wconf 86' lang='lat' dir='ltr'><strong>robusti</strong></span> <span class='ocrx_word' id='word_1_71' title='bbox 1882 1025 2027 1074; x_wconf 88' lang='lat' dir='ltr'><strong>animi</strong></span> 
     </span>
     <span class='ocr_line' id='line_1_11' title="bbox 343 1105 2026 1169; baseline -0.003 -11"><span class='ocrx_word' id='word_1_72' title='bbox 343 1107 618 1158; x_wconf 87' lang='lat' dir='ltr'><strong>constantia</strong></span> <span class='ocrx_word' id='word_1_73' title='bbox 652 1107 827 1155; x_wconf 90' lang='lat' dir='ltr'><strong>collata</strong></span> <span class='ocrx_word' id='word_1_74' title='bbox 864 1106 1082 1154; x_wconf 80' lang='lat' dir='ltr'><strong>efficitur</strong></span> <span class='ocrx_word' id='word_1_75' title='bbox 1116 1105 1185 1161; x_wconf 88' lang='lat' dir='ltr'><strong>id,</strong></span> <span class='ocrx_word' id='word_1_76' title='bbox 1223 1105 1351 1169; x_wconf 90' lang='lat' dir='ltr'><strong>quod</strong></span> <span class='ocrx_word' id='word_1_77' title='bbox 1388 1105 1710 1168; x_wconf 79' lang='lat' dir='ltr'><strong>satyricorum</strong></span> <span class='ocrx_word' id='word_1_78' title='bbox 1749 1105 2026 1153; x_wconf 87' lang='lat' dir='ltr'><strong>dramatum</strong></span> 
     </span>
     <span class='ocr_line' id='line_1_12' title="bbox 342 1184 2027 1254; baseline -0.002 -18"><span class='ocrx_word' id='word_1_79' title='bbox 342 1188 599 1254; x_wconf 89' lang='lat' dir='ltr'><strong>proprium</strong></span> <span class='ocrx_word' id='word_1_80' title='bbox 635 1191 741 1246; x_wconf 87' lang='lat' dir='ltr'><strong>est,</strong></span> <span class='ocrx_word' id='word_1_81' title='bbox 791 1190 848 1235; x_wconf 90' lang='lat' dir='ltr'><strong>ut</strong></span> <span class='ocrx_word' id='word_1_82' title='bbox 880 1186 1070 1233; x_wconf 87' lang='lat' dir='ltr'><strong>levibus</strong></span> <span class='ocrx_word' id='word_1_83' title='bbox 1123 1200 1233 1233; x_wconf 92' lang='lat' dir='ltr'><strong>cum</strong></span> <span class='ocrx_word' id='word_1_84' title='bbox 1269 1185 1497 1247; x_wconf 79' lang='lat' dir='ltr'><strong>gravibus</strong></span> <span class='ocrx_word' id='word_1_85' title='bbox 1537 1185 1833 1250; x_wconf 86' lang='lat' dir='ltr'><strong>comparatis</strong></span> <span class='ocrx_word' id='word_1_86' title='bbox 1868 1184 2027 1234; x_wconf 85' lang='lat' dir='ltr'><strong>altera</strong></span> 
     </span>
     <span class='ocr_line' id='line_1_13' title="bbox 343 1264 2026 1327; baseline -0.002 -11"><span class='ocrx_word' id='word_1_87' title='bbox 343 1267 513 1316; x_wconf 87' lang='lat' dir='ltr'><strong>alteris</strong></span> <span class='ocrx_word' id='word_1_88' title='bbox 549 1266 872 1313; x_wconf 83' lang='lat' dir='ltr'><strong>illustrentur.</strong></span> <span class='ocrx_word' id='word_1_89' title='bbox 940 1264 1115 1327; x_wconf 86' lang='lat' dir='ltr'><strong>Neque</strong></span> <span class='ocrx_word' id='word_1_90' title='bbox 1150 1265 1279 1312; x_wconf 90' lang='lat' dir='ltr'><strong>enim</strong></span> <span class='ocrx_word' id='word_1_91' title='bbox 1312 1281 1482 1313; x_wconf 81' lang='lat' dir='ltr'><strong>verum</strong></span> <span class='ocrx_word' id='word_1_92' title='bbox 1519 1271 1595 1313; x_wconf 91' lang='lat' dir='ltr'><strong>est</strong></span> <span class='ocrx_word' id='word_1_93' title='bbox 1638 1266 1767 1327; x_wconf 89' lang='lat' dir='ltr'><strong>quod</strong></span> <span class='ocrx_word' id='word_1_94' title='bbox 1813 1264 2026 1314; x_wconf 86' lang='lat' dir='ltr'><strong>Tzetzes</strong></span> 
     </span>
     <span class='ocr_line' id='line_1_14' title="bbox 346 1344 2025 1408; baseline -0.002 -13"><span class='ocrx_word' id='word_1_95' title='bbox 346 1347 485 1405; x_wconf 83' lang='lat' dir='ltr'><strong>dixit,</strong></span> <span class='ocrx_word' id='word_1_96' title='bbox 521 1361 704 1394; x_wconf 91' lang='lat' dir='ltr'><strong>meram</strong></span> <span class='ocrx_word' id='word_1_97' title='bbox 741 1344 1040 1392; x_wconf 88' lang='lat' dir='ltr'><strong>hilaritatem</strong></span> <span class='ocrx_word' id='word_1_98' title='bbox 1089 1350 1140 1391; x_wconf 92' lang='lat' dir='ltr'><strong>et</strong></span> <span class='ocrx_word' id='word_1_99' title='bbox 1174 1344 1395 1408; x_wconf 90' lang='lat' dir='ltr'><strong>leporem</strong></span> <span class='ocrx_word' id='word_1_100' title='bbox 1432 1344 1527 1391; x_wconf 91' lang='lat' dir='ltr'><strong>hoc</strong></span> <span class='ocrx_word' id='word_1_101' title='bbox 1560 1359 1714 1408; x_wconf 83' lang='lat' dir='ltr'><strong>genus</strong></span> <span class='ocrx_word' id='word_1_102' title='bbox 1750 1345 2025 1394; x_wconf 83' lang='lat' dir='ltr'><strong>fabularum</strong></span> 
     </span>
     <span class='ocr_line' id='line_1_15' title="bbox 346 1423 2025 1490; baseline -0.002 -16"><span class='ocrx_word' id='word_1_103' title='bbox 346 1441 610 1490; x_wconf 85' lang='lat' dir='ltr'><strong>quaerere:</strong></span> <span class='ocrx_word' id='word_1_104' title='bbox 645 1439 754 1472; x_wconf 87' lang='lat' dir='ltr'><strong>nam</strong></span> <span class='ocrx_word' id='word_1_105' title='bbox 792 1424 990 1487; x_wconf 85' lang='lat' dir='ltr'><strong>Ulyssis</strong></span> <span class='ocrx_word' id='word_1_106' title='bbox 1028 1423 1330 1484; x_wconf 84' lang='lat' dir='ltr'><strong>calamitate,</strong></span> <span class='ocrx_word' id='word_1_107' title='bbox 1374 1425 1421 1471; x_wconf 92' lang='lat' dir='ltr'><strong>in</strong></span> <span class='ocrx_word' id='word_1_108' title='bbox 1459 1423 1691 1487; x_wconf 81' lang='lat' dir='ltr'><strong>Cyclopis</strong></span> <span class='ocrx_word' id='word_1_109' title='bbox 1725 1428 2025 1488; x_wconf 88' lang='lat' dir='ltr'><strong>potestatem</strong></span> 
     </span>
     <span class='ocr_line' id='line_1_16' title="bbox 346 1503 2023 1567; baseline -0.002 -13"><span class='ocrx_word' id='word_1_110' title='bbox 346 1504 648 1555; x_wconf 88' lang='lat' dir='ltr'><strong>devenientis</strong></span> <span class='ocrx_word' id='word_1_111' title='bbox 697 1508 749 1552; x_wconf 89' lang='lat' dir='ltr'><strong>et</strong></span> <span class='ocrx_word' id='word_1_112' title='bbox 797 1503 992 1551; x_wconf 88' lang='lat' dir='ltr'><strong>sodales</strong></span> <span class='ocrx_word' id='word_1_113' title='bbox 1037 1518 1152 1551; x_wconf 91' lang='lat' dir='ltr'><strong>suos</strong></span> <span class='ocrx_word' id='word_1_114' title='bbox 1187 1503 1395 1567; x_wconf 81' lang='lat' dir='ltr'><strong>iugulari</strong></span> <span class='ocrx_word' id='word_1_115' title='bbox 1440 1503 1762 1567; x_wconf 87' lang='lat' dir='ltr'><strong>devorarique</strong></span> <span class='ocrx_word' id='word_1_116' title='bbox 1794 1504 2023 1561; x_wconf 84' lang='lat' dir='ltr'><strong>videntis,</strong></span> 
     </span>
     <span class='ocr_line' id='line_1_17' title="bbox 346 1582 2025 1650; baseline -0.002 -17"><span class='ocrx_word' id='word_1_117' title='bbox 346 1585 463 1650; x_wconf 89' lang='lat' dir='ltr'><strong>quid</strong></span> <span class='ocrx_word' id='word_1_118' title='bbox 500 1587 668 1648; x_wconf 82' lang='lat' dir='ltr'><strong>potest</strong></span> <span class='ocrx_word' id='word_1_119' title='bbox 702 1599 815 1631; x_wconf 85' lang='lat' dir='ltr'><strong>esse</strong></span> <span class='ocrx_word' id='word_1_120' title='bbox 849 1583 1115 1631; x_wconf 65' lang='lat' dir='ltr'><strong>miserius‘!</strong></span> <span class='ocrx_word' id='word_1_121' title='bbox 1162 1582 1344 1632; x_wconf 89' lang='lat' dir='ltr'><strong>Verius</strong></span> <span class='ocrx_word' id='word_1_122' title='bbox 1378 1588 1480 1642; x_wconf 85' lang='lat' dir='ltr'><strong>est,</strong></span> <span class='ocrx_word' id='word_1_123' title='bbox 1518 1583 1646 1631; x_wconf 86' lang='lat' dir='ltr'><strong>laeta</strong></span> <span class='ocrx_word' id='word_1_124' title='bbox 1678 1582 1900 1631; x_wconf 87' lang='lat' dir='ltr'><strong>tristibus</strong></span> <span class='ocrx_word' id='word_1_125' title='bbox 1933 1583 2025 1630; x_wconf 90' lang='lat' dir='ltr'><strong>mi·</strong></span> 
     </span>
     <span class='ocr_line' id='line_1_18' title="bbox 347 1662 2025 1726; baseline -0.002 -12"><span class='ocrx_word' id='word_1_126' title='bbox 347 1665 477 1714; x_wconf 86' lang='lat' dir='ltr'><strong>sceri</strong></span> <span class='ocrx_word' id='word_1_127' title='bbox 520 1667 570 1712; x_wconf 90' lang='lat' dir='ltr'><strong>et</strong></span> <span class='ocrx_word' id='word_1_128' title='bbox 604 1665 664 1711; x_wconf 93' lang='lat' dir='ltr'><strong>ab</strong></span> <span class='ocrx_word' id='word_1_129' title='bbox 712 1662 896 1711; x_wconf 88' lang='lat' dir='ltr'><strong>infelici</strong></span> <span class='ocrx_word' id='word_1_130' title='bbox 940 1678 1107 1711; x_wconf 90' lang='lat' dir='ltr'><strong>rerum</strong></span> <span class='ocrx_word' id='word_1_131' title='bbox 1154 1668 1283 1711; x_wconf 75' lang='lat' dir='ltr'><strong>statu</strong></span> <span class='ocrx_word' id='word_1_132' title='bbox 1319 1663 1380 1711; x_wconf 91' lang='lat' dir='ltr'><strong>ad</strong></span> <span class='ocrx_word' id='word_1_133' title='bbox 1415 1663 1612 1711; x_wconf 86' lang='lat' dir='ltr'><strong>felicem</strong></span> <span class='ocrx_word' id='word_1_134' title='bbox 1668 1664 1853 1711; x_wconf 88' lang='lat' dir='ltr'><strong>exitum</strong></span> <span class='ocrx_word' id='word_1_135' title='bbox 1908 1677 2025 1726; x_wconf 89' lang='lat' dir='ltr'><strong>pro-</strong></span> 
     </span>
     <span class='ocr_line' id='line_1_19' title="bbox 347 1741 2027 1794; baseline -0.004 0"><span class='ocrx_word' id='word_1_136' title='bbox 347 1744 571 1794; x_wconf 90' lang='lat' dir='ltr'><strong>cedendo</strong></span> <span class='ocrx_word' id='word_1_137' title='bbox 607 1742 816 1791; x_wconf 82' lang='lat' dir='ltr'><strong>relaxari</strong></span> <span class='ocrx_word' id='word_1_138' title='bbox 851 1742 1039 1790; x_wconf 87' lang='lat' dir='ltr'><strong>animos</strong></span> <span class='ocrx_word' id='word_1_139' title='bbox 1075 1748 1127 1790; x_wconf 89' lang='lat' dir='ltr'><strong>et</strong></span> <span class='ocrx_word' id='word_1_140' title='bbox 1161 1759 1189 1790; x_wconf 90' lang='lat' dir='ltr'><strong>a</strong></span> <span class='ocrx_word' id='word_1_141' title='bbox 1224 1743 1492 1792; x_wconf 87' lang='lat' dir='ltr'><strong>severitate</strong></span> <span class='ocrx_word' id='word_1_142' title='bbox 1525 1745 1588 1792; x_wconf 89' lang='lat' dir='ltr'><strong>ad</strong></span> <span class='ocrx_word' id='word_1_143' title='bbox 1623 1743 1924 1792; x_wconf 86' lang='lat' dir='ltr'><strong>hilaritatem</strong></span> <span class='ocrx_word' id='word_1_144' title='bbox 1958 1741 2027 1788; x_wconf 89' lang='lat' dir='ltr'><strong>ri-</strong></span> 
     </span>
     <span class='ocr_line' id='line_1_20' title="bbox 347 1823 798 1888; baseline -0.004 -14"><span class='ocrx_word' id='word_1_145' title='bbox 347 1840 557 1888; x_wconf 80' lang='lat' dir='ltr'><strong>sumque</strong></span> <span class='ocrx_word' id='word_1_146' title='bbox 592 1823 798 1872; x_wconf 87' lang='lat' dir='ltr'><strong>traduci.</strong></span> 
     </span>
    </p>

    <p class='ocr_par' dir='ltr' id='par_1_3' title="bbox 348 1902 2028 3317">
     <span class='ocr_line' id='line_1_21' title="bbox 463 1902 2026 1968; baseline -0.001 -17"><span class='ocrx_word' id='word_1_147' title='bbox 463 1903 598 1951; x_wconf 79' lang='lat' dir='ltr'><strong>Nihil</strong></span> <span class='ocrx_word' id='word_1_148' title='bbox 627 1904 881 1966; x_wconf 80' lang='lat' dir='ltr'><strong>indignum</strong></span> <span class='ocrx_word' id='word_1_149' title='bbox 907 1903 1254 1966; x_wconf 76' lang='lat' dir='ltr'><strong>tragoediaest</strong></span> <span class='ocrx_word' id='word_1_150' title='bbox 1279 1903 1412 1966; x_wconf 90' lang='lat' dir='ltr'><strong>quod</strong></span> <span class='ocrx_word' id='word_1_151' title='bbox 1440 1904 1637 1966; x_wconf 83' lang='lat' dir='ltr'><strong>dignum</strong></span> <span class='ocrx_word' id='word_1_152' title='bbox 1666 1903 1731 1951; x_wconf 88' lang='lat' dir='ltr'><strong>sit</strong></span> <span class='ocrx_word' id='word_1_153' title='bbox 1756 1902 2026 1968; x_wconf 88' lang='lat' dir='ltr'><strong>epopoeia:</strong></span> 
     </span>
     <span class='ocr_line' id='line_1_22' title="bbox 348 1981 2025 2047; baseline -0.002 -14"><span class='ocrx_word' id='word_1_154' title='bbox 348 1985 481 2047; x_wconf 84' lang='lat' dir='ltr'><strong>atqui</strong></span> <span class='ocrx_word' id='word_1_155' title='bbox 519 1983 775 2047; x_wconf 85' lang='lat' dir='ltr'><strong>Odysseae</strong></span> <span class='ocrx_word' id='word_1_156' title='bbox 809 1983 971 2030; x_wconf 88' lang='lat' dir='ltr'><strong>insunt</strong></span> <span class='ocrx_word' id='word_1_157' title='bbox 1006 1990 1055 2030; x_wconf 90' lang='lat' dir='ltr'><strong>et</strong></span> <span class='ocrx_word' id='word_1_158' title='bbox 1086 1982 1321 2046; x_wconf 81' lang='lat' dir='ltr'><strong>Cyclopis</strong></span> <span class='ocrx_word' id='word_1_159' title='bbox 1358 1989 1408 2031; x_wconf 89' lang='lat' dir='ltr'><strong>et</strong></span> <span class='ocrx_word' id='word_1_160' title='bbox 1443 1983 1610 2032; x_wconf 88' lang='lat' dir='ltr'><strong>Protei</strong></span> <span class='ocrx_word' id='word_1_161' title='bbox 1646 1990 1694 2032; x_wconf 91' lang='lat' dir='ltr'><strong>et</strong></span> <span class='ocrx_word' id='word_1_162' title='bbox 1736 1983 1913 2031; x_wconf 84' lang='lat' dir='ltr'><strong>Circae</strong></span> <span class='ocrx_word' id='word_1_163' title='bbox 1949 1981 2025 2030; x_wconf 79' lang='lat' dir='ltr'><strong>fa-</strong></span> 
     </span>
     <span class='ocr_line' id='line_1_23' title="bbox 348 2063 2024 2126; baseline -0.002 -12"><span class='ocrx_word' id='word_1_164' title='bbox 348 2065 512 2125; x_wconf 92' lang='lat' dir='ltr'><strong>bulae,</strong></span> <span class='ocrx_word' id='word_1_165' title='bbox 554 2079 679 2126; x_wconf 91' lang='lat' dir='ltr'><strong>quae</strong></span> <span class='ocrx_word' id='word_1_166' title='bbox 711 2063 761 2110; x_wconf 93' lang='lat' dir='ltr'><strong>in</strong></span> <span class='ocrx_word' id='word_1_167' title='bbox 794 2063 1125 2126; x_wconf 84' lang='lat' dir='ltr'><strong>satyricorum</strong></span> <span class='ocrx_word' id='word_1_168' title='bbox 1161 2063 1434 2111; x_wconf 86' lang='lat' dir='ltr'><strong>dramatum</strong></span> <span class='ocrx_word' id='word_1_169' title='bbox 1461 2068 1748 2126; x_wconf 84' lang='lat' dir='ltr'><strong>argumenta</strong></span> <span class='ocrx_word' id='word_1_170' title='bbox 1772 2063 2024 2120; x_wconf 68' lang='lat' dir='ltr'><strong>abierunt:</strong></span> 
     </span>
     <span class='ocr_line' id='line_1_24' title="bbox 348 2141 2027 2192; baseline -0.002 -1"><span class='ocrx_word' id='word_1_171' title='bbox 348 2144 481 2191; x_wconf 90' lang='lat' dir='ltr'><strong>idem</strong></span> <span class='ocrx_word' id='word_1_172' title='bbox 519 2143 768 2190; x_wconf 87' lang='lat' dir='ltr'><strong>Homerus</strong></span> <span class='ocrx_word' id='word_1_173' title='bbox 804 2142 885 2189; x_wconf 89' lang='lat' dir='ltr'><strong>illa</strong></span> <span class='ocrx_word' id='word_1_174' title='bbox 921 2142 984 2190; x_wconf 89' lang='lat' dir='ltr'><strong>de</strong></span> <span class='ocrx_word' id='word_1_175' title='bbox 1018 2142 1242 2192; x_wconf 88' lang='lat' dir='ltr'><strong>Vulcano</strong></span> <span class='ocrx_word' id='word_1_176' title='bbox 1278 2151 1329 2192; x_wconf 90' lang='lat' dir='ltr'><strong>et</strong></span> <span class='ocrx_word' id='word_1_177' title='bbox 1363 2141 1561 2192; x_wconf 87' lang='lat' dir='ltr'><strong>Venere</strong></span> <span class='ocrx_word' id='word_1_178' title='bbox 1593 2159 1798 2192; x_wconf 88' lang='lat' dir='ltr'><strong>narrans</strong></span> <span class='ocrx_word' id='word_1_179' title='bbox 1832 2158 1894 2190; x_wconf 93' lang='lat' dir='ltr'><strong>ne</strong></span> <span class='ocrx_word' id='word_1_180' title='bbox 1926 2142 2027 2190; x_wconf 89' lang='lat' dir='ltr'><strong>risu</strong></span> 
     </span>
     <span class='ocr_line' id='line_1_25' title="bbox 352 2220 2028 2287; baseline -0.001 -18"><span class='ocrx_word' id='word_1_181' title='bbox 352 2222 548 2287; x_wconf 86' lang='lat' dir='ltr'><strong>quidem</strong></span> <span class='ocrx_word' id='word_1_182' title='bbox 587 2222 836 2268; x_wconf 90' lang='lat' dir='ltr'><strong>obscoeno</strong></span> <span class='ocrx_word' id='word_1_183' title='bbox 870 2222 1121 2268; x_wconf 89' lang='lat' dir='ltr'><strong>abstinuit.</strong></span> <span class='ocrx_word' id='word_1_184' title='bbox 1189 2222 1240 2268; x_wconf 95' lang='lat' dir='ltr'><strong>In</strong></span> <span class='ocrx_word' id='word_1_185' title='bbox 1267 2222 1418 2268; x_wconf 90' lang='lat' dir='ltr'><strong>Iliade</strong></span> <span class='ocrx_word' id='word_1_186' title='bbox 1450 2228 1614 2269; x_wconf 85' lang='lat' dir='ltr'><strong>tamen</strong></span> <span class='ocrx_word' id='word_1_187' title='bbox 1641 2221 1839 2285; x_wconf 79' lang='lat' dir='ltr'><strong>praeter</strong></span> <span class='ocrx_word' id='word_1_188' title='bbox 1861 2220 2028 2268; x_wconf 85' lang='lat' dir='ltr'><strong>Ther-</strong></span> 
     </span>
     <span class='ocr_line' id='line_1_26' title="bbox 354 2299 2026 2364; baseline -0.003 -14"><span class='ocrx_word' id='word_1_189' title='bbox 354 2302 480 2350; x_wconf 88' lang='lat' dir='ltr'><strong>sitae</strong></span> <span class='ocrx_word' id='word_1_190' title='bbox 525 2305 576 2348; x_wconf 89' lang='lat' dir='ltr'><strong>et</strong></span> <span class='ocrx_word' id='word_1_191' title='bbox 622 2300 830 2350; x_wconf 89' lang='lat' dir='ltr'><strong>Vulcani</strong></span> <span class='ocrx_word' id='word_1_192' title='bbox 876 2315 1115 2363; x_wconf 85' lang='lat' dir='ltr'><strong>personas</strong></span> <span class='ocrx_word' id='word_1_193' title='bbox 1167 2315 1323 2363; x_wconf 88' lang='lat' dir='ltr'><strong>pauca</strong></span> <span class='ocrx_word' id='word_1_194' title='bbox 1372 2302 1480 2347; x_wconf 91' lang='lat' dir='ltr'><strong>eius</strong></span> <span class='ocrx_word' id='word_1_195' title='bbox 1530 2301 1726 2361; x_wconf 81' lang='lat' dir='ltr'><strong>generis</strong></span> <span class='ocrx_word' id='word_1_196' title='bbox 1771 2299 2026 2364; x_wconf 83' lang='lat' dir='ltr'><strong>reperias:</strong></span> 
     </span>
     <span class='ocr_line' id='line_1_27' title="bbox 351 2378 2028 2444; baseline -0.002 -15"><span class='ocrx_word' id='word_1_197' title='bbox 351 2397 494 2444; x_wconf 89' lang='lat' dir='ltr'><strong>quam</strong></span> <span class='ocrx_word' id='word_1_198' title='bbox 543 2379 802 2442; x_wconf 88' lang='lat' dir='ltr'><strong>utriusque</strong></span> <span class='ocrx_word' id='word_1_199' title='bbox 847 2379 1075 2426; x_wconf 89' lang='lat' dir='ltr'><strong>carminis</strong></span> <span class='ocrx_word' id='word_1_200' title='bbox 1123 2379 1463 2428; x_wconf 88' lang='lat' dir='ltr'><strong>diversitatem</strong></span> <span class='ocrx_word' id='word_1_201' title='bbox 1511 2378 1658 2426; x_wconf 88' lang='lat' dir='ltr'><strong>docte</strong></span> <span class='ocrx_word' id='word_1_202' title='bbox 1699 2378 2028 2443; x_wconf 88' lang='lat' dir='ltr'><strong>descripsisse</strong></span> 
     </span>
     <span class='ocr_line' id='line_1_28' title="bbox 353 2458 2026 2522; baseline 0.001 -15"><span class='ocrx_word' id='word_1_203' title='bbox 353 2460 601 2522; x_wconf 81' lang='lat' dir='ltr'><strong>Longinus</strong></span> <span class='ocrx_word' id='word_1_204' title='bbox 649 2458 872 2518; x_wconf 88' lang='lat' dir='ltr'><strong>videtur,</strong></span> <span class='ocrx_word' id='word_1_205' title='bbox 933 2459 1070 2506; x_wconf 87' lang='lat' dir='ltr'><strong>cuius</strong></span> <span class='ocrx_word' id='word_1_206' title='bbox 1119 2459 1267 2506; x_wconf 89' lang='lat' dir='ltr'><strong>verba</strong></span> <span class='ocrx_word' id='word_1_207' title='bbox 1319 2473 1500 2520; x_wconf 89' lang='lat' dir='ltr'><strong>operae</strong></span> <span class='ocrx_word' id='word_1_208' title='bbox 1547 2464 1623 2506; x_wconf 89' lang='lat' dir='ltr'><strong>est</strong></span> <span class='ocrx_word' id='word_1_209' title='bbox 1678 2459 2026 2508; x_wconf 86' lang='lat' dir='ltr'><strong>transcribere.</strong></span> 
     </span>
     <span class='ocr_line' id='line_1_29' title="bbox 356 2538 2027 2602; baseline -0.001 -14"><span class='ocrx_word' id='word_1_210' title='bbox 356 2540 520 2601; x_wconf 78' lang='lat' dir='ltr'><strong>Quum</strong></span> <span class='ocrx_word' id='word_1_211' title='bbox 566 2538 716 2601; x_wconf 79' lang='lat' dir='ltr'><strong>igitur</strong></span> <span class='ocrx_word' id='word_1_212' title='bbox 757 2539 855 2587; x_wconf 89' lang='lat' dir='ltr'><strong>duo</strong></span> <span class='ocrx_word' id='word_1_213' title='bbox 892 2538 1208 2586; x_wconf 88' lang='lat' dir='ltr'><strong>sublimitatis</strong></span> <span class='ocrx_word' id='word_1_214' title='bbox 1242 2538 1464 2601; x_wconf 84' lang='lat' dir='ltr'><strong>exempla</strong></span> <span class='ocrx_word' id='word_1_215' title='bbox 1498 2540 1859 2601; x_wconf 84' lang='lat' dir='ltr'><strong>proposuisset,</strong></span> <span class='ocrx_word' id='word_1_216' title='bbox 1897 2554 2027 2602; x_wconf 85' lang='lat' dir='ltr'><strong>quo-</strong></span> 
     </span>
     <span class='ocr_line' id='line_1_30' title="bbox 356 2618 2028 2681; baseline -0.002 -14"><span class='ocrx_word' id='word_1_217' title='bbox 356 2634 465 2667; x_wconf 88' lang='lat' dir='ltr'><strong>rum</strong></span> <span class='ocrx_word' id='word_1_218' title='bbox 503 2618 664 2681; x_wconf 63' lang='lat' dir='ltr'><strong>altero</strong></span> <span class='ocrx_word' id='word_1_219' title='bbox 686 2619 936 2666; x_wconf 89' lang='lat' dir='ltr'><strong>numinum</strong></span> <span class='ocrx_word' id='word_1_220' title='bbox 963 2619 1235 2666; x_wconf 90' lang='lat' dir='ltr'><strong>divinorum</strong></span> <span class='ocrx_word' id='word_1_221' title='bbox 1258 2618 1572 2680; x_wconf 86' lang='lat' dir='ltr'><strong>praestantia,</strong></span> <span class='ocrx_word' id='word_1_222' title='bbox 1609 2618 1764 2666; x_wconf 85' lang='lat' dir='ltr'><strong>altero</strong></span> <span class='ocrx_word' id='word_1_223' title='bbox 1784 2618 2028 2666; x_wconf 85' lang='lat' dir='ltr'><strong>humanae</strong></span> 
     </span>
     <span class='ocr_line' id='line_1_31' title="bbox 357 2696 2027 2761; baseline -0.001 -15"><span class='ocrx_word' id='word_1_224' title='bbox 357 2699 552 2746; x_wconf 80' lang='lat' dir='ltr'><strong>virtutis</strong></span> <span class='ocrx_word' id='word_1_225' title='bbox 601 2697 964 2760; x_wconf 81' lang='lat' dir='ltr'><strong>magnificentia</strong></span> <span class='ocrx_word' id='word_1_226' title='bbox 1010 2699 1355 2746; x_wconf 88' lang='lat' dir='ltr'><strong>ostenderetur</strong></span> <span class='ocrx_word' id='word_1_227' title='bbox 1404 2696 1700 2761; x_wconf 81' lang='lat' dir='ltr'><strong>(ingressum</strong></span> <span class='ocrx_word' id='word_1_228' title='bbox 1756 2699 1884 2747; x_wconf 91' lang='lat' dir='ltr'><strong>enim</strong></span> <span class='ocrx_word' id='word_1_229' title='bbox 1926 2698 2027 2745; x_wconf 88' lang='lat' dir='ltr'><strong>Ne-</strong></span> 
     </span>
     <span class='ocr_line' id='line_1_32' title="bbox 361 2775 2027 2842; baseline -0.002 -15"><span class='ocrx_word' id='word_1_230' title='bbox 361 2779 499 2842; x_wconf 88' lang='lat' dir='ltr'><strong>ptuni</strong></span> <span class='ocrx_word' id='word_1_231' title='bbox 533 2777 669 2825; x_wconf 88' lang='lat' dir='ltr'><strong>Iliad.</strong></span> <span class='ocrx_word' id='word_1_232' title='bbox 705 2777 848 2838; x_wconf 86' lang='lat' dir='ltr'>XIII,</span> <span class='ocrx_word' id='word_1_233' title='bbox 890 2780 952 2824; x_wconf 80' lang='grc'><strong>18</strong></span> <span class='ocrx_word' id='word_1_234' title='bbox 979 2793 1114 2840; x_wconf 90' lang='lat' dir='ltr'><strong>seqq.</strong></span> <span class='ocrx_word' id='word_1_235' title='bbox 1161 2783 1212 2824; x_wconf 90' lang='lat' dir='ltr'><strong>et</strong></span> <span class='ocrx_word' id='word_1_236' title='bbox 1260 2793 1434 2840; x_wconf 85' lang='lat' dir='ltr'><strong>preces</strong></span> <span class='ocrx_word' id='word_1_237' title='bbox 1475 2778 1639 2825; x_wconf 85' lang='lat' dir='ltr'><strong>Aiacis</strong></span> <span class='ocrx_word' id='word_1_238' title='bbox 1679 2794 1737 2825; x_wconf 86' lang='lat' dir='ltr'><strong>ex</strong></span> <span class='ocrx_word' id='word_1_239' title='bbox 1779 2777 1830 2826; x_wconf 90' lang='lat' dir='ltr'><strong>ll.</strong></span> <span class='ocrx_word' id='word_1_240' title='bbox 1872 2775 2027 2838; x_wconf 88' lang='lat' dir='ltr'>XVII,</span> 
     </span>
     <span class='ocr_line' id='line_1_33' title="bbox 357 2856 2026 2920; baseline 0.001 -17"><span class='ocrx_word' id='word_1_241' title='bbox 357 2859 469 2907; x_wconf 81' lang='lat'>645.</span> <span class='ocrx_word' id='word_1_242' title='bbox 507 2857 557 2907; x_wconf 91' lang='lat' dir='ltr'><strong>in</strong></span> <span class='ocrx_word' id='word_1_243' title='bbox 591 2856 808 2904; x_wconf 87' lang='lat' dir='ltr'><strong>medium</strong></span> <span class='ocrx_word' id='word_1_244' title='bbox 841 2857 1051 2920; x_wconf 86' lang='lat' dir='ltr'><strong>profert,</strong></span> <span class='ocrx_word' id='word_1_245' title='bbox 1085 2857 1254 2904; x_wconf 89' lang='lat' dir='ltr'><strong>harum</strong></span> <span class='ocrx_word' id='word_1_246' title='bbox 1287 2857 1698 2920; x_wconf 81' lang='lat' dir='ltr'><strong>magnificentiam</strong></span> <span class='ocrx_word' id='word_1_247' title='bbox 1722 2858 1770 2905; x_wconf 88' lang='lat' dir='ltr'><strong>in</strong></span> <span class='ocrx_word' id='word_1_248' title='bbox 1797 2873 1856 2906; x_wconf 89' lang='lat' dir='ltr'><strong>eo</strong></span> <span class='ocrx_word' id='word_1_249' title='bbox 1891 2859 2026 2906; x_wconf 89' lang='lat' dir='ltr'><strong>cerni</strong></span> 
     </span>
     <span class='ocr_line' id='line_1_34' title="bbox 359 2935 2025 3001; baseline 0.001 -18"><span class='ocrx_word' id='word_1_250' title='bbox 359 2936 553 2995; x_wconf 89' lang='lat' dir='ltr'><strong>dicens,</strong></span> <span class='ocrx_word' id='word_1_251' title='bbox 591 2935 720 2998; x_wconf 85' lang='lat' dir='ltr'><strong>quod</strong></span> <span class='ocrx_word' id='word_1_252' title='bbox 756 2952 870 2997; x_wconf 89' lang='lat' dir='ltr'><strong>non,</strong></span> <span class='ocrx_word' id='word_1_253' title='bbox 907 2942 958 2983; x_wconf 89' lang='lat' dir='ltr'><strong>ut</strong></span> <span class='ocrx_word' id='word_1_254' title='bbox 992 2937 1193 2994; x_wconf 81' lang='lat' dir='ltr'><strong>viveret,</strong></span> <span class='ocrx_word' id='word_1_255' title='bbox 1230 2942 1518 2998; x_wconf 86' lang='lat' dir='ltr'><strong>precaretur</strong></span> <span class='ocrx_word' id='word_1_256' title='bbox 1552 2937 1718 2997; x_wconf 84' lang='lat' dir='ltr'><strong>heros,</strong></span> <span class='ocrx_word' id='word_1_257' title='bbox 1755 2938 1843 2985; x_wconf 85' lang='lat' dir='ltr'><strong>sed</strong></span> <span class='ocrx_word' id='word_1_258' title='bbox 1878 2938 2025 3001; x_wconf 87' lang='lat' dir='ltr'><strong>quod,</strong></span> 
     </span>
     <span class='ocr_line' id='line_1_35' title="bbox 359 3010 2025 3080; baseline 0.002 -20"><span class='ocrx_word' id='word_1_259' title='bbox 359 3031 508 3076; x_wconf 90' lang='lat' dir='ltr'><strong>quum</strong></span> <span class='ocrx_word' id='word_1_260' title='bbox 545 3015 592 3061; x_wconf 90' lang='lat' dir='ltr'><strong>in</strong></span> <span class='ocrx_word' id='word_1_261' title='bbox 628 3015 844 3062; x_wconf 87' lang='lat' dir='ltr'><strong>tenebris</strong></span> <span class='ocrx_word' id='word_1_262' title='bbox 878 3014 1015 3062; x_wconf 92' lang='lat' dir='ltr'><strong>locus</strong></span> <span class='ocrx_word' id='word_1_263' title='bbox 1051 3031 1145 3062; x_wconf 92' lang='lat' dir='ltr'><strong>non</strong></span> <span class='ocrx_word' id='word_1_264' title='bbox 1181 3020 1315 3062; x_wconf 88' lang='lat' dir='ltr'><strong>esset</strong></span> <span class='ocrx_word' id='word_1_265' title='bbox 1348 3015 1546 3064; x_wconf 89' lang='lat' dir='ltr'><strong>virtutis</strong></span> <span class='ocrx_word' id='word_1_266' title='bbox 1579 3010 1917 3080; x_wconf 85' lang='lat' dir='ltr'><strong>usurpandae,</strong></span> <span class='ocrx_word' id='word_1_267' title='bbox 1950 3017 2025 3064; x_wconf 90' lang='lat' dir='ltr'><strong>in-</strong></span> 
     </span>
     <span class='ocr_line' id='line_1_36' title="bbox 359 3085 2024 3158; baseline 0.001 -17"><span class='ocrx_word' id='word_1_268' title='bbox 359 3094 562 3155; x_wconf 81' lang='lat' dir='ltr'><strong>dignans</strong></span> <span class='ocrx_word' id='word_1_269' title='bbox 623 3093 717 3140; x_wconf 88' lang='lat' dir='ltr'><strong>sibi</strong></span> <span class='ocrx_word' id='word_1_270' title='bbox 761 3093 810 3141; x_wconf 90' lang='lat' dir='ltr'><strong>in</strong></span> <span class='ocrx_word' id='word_1_271' title='bbox 856 3085 1017 3158; x_wconf 65' lang='lat' dir='ltr'><strong>pugna</strong></span> <span class='ocrx_word' id='word_1_272' title='bbox 1069 3095 1360 3142; x_wconf 89' lang='lat' dir='ltr'><strong>cessandum</strong></span> <span class='ocrx_word' id='word_1_273' title='bbox 1403 3110 1545 3155; x_wconf 82' lang='lat' dir='ltr'><strong>esse,</strong></span> <span class='ocrx_word' id='word_1_274' title='bbox 1606 3096 1764 3143; x_wconf 90' lang='lat' dir='ltr'><strong>lucem</strong></span> <span class='ocrx_word' id='word_1_275' title='bbox 1815 3100 2024 3158; x_wconf 88' lang='lat' dir='ltr'><strong>optaret,</strong></span> 
     </span>
     <span class='ocr_line' id='line_1_37' title="bbox 360 3171 2024 3236; baseline 0.001 -16"><span class='ocrx_word' id='word_1_276' title='bbox 360 3172 502 3236; x_wconf 85' lang='lat' dir='ltr'><strong>quasi</strong></span> <span class='ocrx_word' id='word_1_277' title='bbox 553 3171 752 3235; x_wconf 85' lang='lat' dir='ltr'><strong>dignum</strong></span> <span class='ocrx_word' id='word_1_278' title='bbox 808 3173 1001 3222; x_wconf 86' lang='lat' dir='ltr'><strong>virtutis</strong></span> <span class='ocrx_word' id='word_1_279' title='bbox 1057 3173 1323 3236; x_wconf 87' lang='lat' dir='ltr'><strong>adepturus</strong></span> <span class='ocrx_word' id='word_1_280' title='bbox 1379 3178 1775 3233; x_wconf 80' lang='lat' dir='ltr'><strong>monumentum,</strong></span> <span class='ocrx_word' id='word_1_281' title='bbox 1831 3174 2024 3222; x_wconf 89' lang='lat' dir='ltr'><strong>etiamsi</strong></span> 
     </span>
     <span class='ocr_line' id='line_1_38' title="bbox 358 3250 2022 3317; baseline 0.002 -19"><span class='ocrx_word' id='word_1_282' title='bbox 358 3251 578 3315; x_wconf 86' lang='lat' dir='ltr'><strong>Iuppiter</strong></span> <span class='ocrx_word' id='word_1_283' title='bbox 603 3250 906 3316; x_wconf 85' lang='lat' dir='ltr'><strong>obsisteret),</strong></span> <span class='ocrx_word' id='word_1_284' title='bbox 943 3254 1102 3317; x_wconf 87' lang='lat' dir='ltr'><strong>pergit</strong></span> <span class='ocrx_word' id='word_1_285' title='bbox 1122 3253 1219 3301; x_wconf 86' lang='lat' dir='ltr'><strong>sic:</strong></span> <span class='ocrx_word' id='word_1_286' title='bbox 1252 3254 1486 3311; x_wconf 78' lang='lat' dir='ltr'><strong>„Atenim</strong></span> <span class='ocrx_word' id='word_1_287' title='bbox 1514 3254 1761 3301; x_wconf 87' lang='lat' dir='ltr'><strong>Homerus</strong></span> <span class='ocrx_word' id='word_1_288' title='bbox 1786 3253 1853 3301; x_wconf 90' lang='lat' dir='ltr'><strong>ibi</strong></span> <span class='ocrx_word' id='word_1_289' title='bbox 1883 3254 2022 3317; x_wconf 85' lang='lat' dir='ltr'><strong>quasi</strong></span> 
     </span>
    </p>
   </div>
   <div class='ocr_carea' id='block_1_3' title="bbox 356 3331 2024 3457">
    <p class='ocr_par' dir='ltr' id='par_1_4' title="bbox 356 3331 2024 3457">
     <span class='ocr_line' id='line_1_39' title="bbox 356 3331 2024 3398; baseline 0.002 -20"><span class='ocrx_word' id='word_1_290' title='bbox 356 3331 576 3379; x_wconf 87' lang='lat' dir='ltr'><strong>secundo</strong></span> <span class='ocrx_word' id='word_1_291' title='bbox 607 3336 751 3380; x_wconf 87' lang='lat' dir='ltr'><strong>vento</strong></span> <span class='ocrx_word' id='word_1_292' title='bbox 786 3332 834 3380; x_wconf 89' lang='lat' dir='ltr'><strong>in</strong></span> <span class='ocrx_word' id='word_1_293' title='bbox 869 3333 1134 3380; x_wconf 86' lang='lat' dir='ltr'><strong>certamina</strong></span> <span class='ocrx_word' id='word_1_294' title='bbox 1168 3331 1409 3394; x_wconf 84' lang='lat' dir='ltr'><strong>defertur,</strong></span> <span class='ocrx_word' id='word_1_295' title='bbox 1444 3340 1496 3382; x_wconf 85' lang='lat' dir='ltr'><strong>ut</strong></span> <span class='ocrx_word' id='word_1_296' title='bbox 1530 3334 1624 3398; x_wconf 90' lang='lat' dir='ltr'><strong>ipsi</strong></span> <span class='ocrx_word' id='word_1_297' title='bbox 1659 3333 1704 3380; x_wconf 91' lang='lat' dir='ltr'><strong>ei</strong></span> <span class='ocrx_word' id='word_1_298' title='bbox 1739 3348 1827 3381; x_wconf 92' lang='lat' dir='ltr'><strong>usu</strong></span> <span class='ocrx_word' id='word_1_299' title='bbox 1863 3333 2024 3382; x_wconf 85' lang='lat' dir='ltr'><strong>veniat</strong></span> 
     </span>
     <span class='ocr_line' id='line_1_40' title="bbox 358 3409 504 3457; baseline 0.007 -1"><span class='ocrx_word' id='word_1_300' title='bbox 358 3409 504 3457; x_wconf 91' lang='lat' dir='ltr'><strong>illud:</strong></span> 
     </span>
    </p>
   </div>
  </div>
 </body>
</html>
