2170 3848
1166 271 1284 330 184

389 421 587 474 sedaret
617 416 926 482 animumque
957 417 1119 482 ipsum
1154 417 1456 468 demulceret
1469 420 1540 482 *).
1606 420 1780 487 Neque
1812 423 1941 472 euim
1971 423 2049 486 iis,

393 501 476 566 qui
512 500 782 558 cantabant,
817 513 978 562 neque
1011 498 1094 560 qui
1129 498 1383 560 saltabant,
1418 499 1554 558 solis,
1586 515 1753 551 verum
1789 503 1938 551 etiam
1968 503 2049 565 iis,

390 580 474 645 qui
507 579 652 627 verba
686 577 952 636 faciebant,
985 577 1157 625 modos
1193 578 1418 626 tibicines
1453 579 1646 642 praeire
1679 582 1917 631 solebant.

519 658 711 714 Restat,
739 662 795 706 ut
824 657 887 706 de
910 656 1162 705 saltatione
1191 673 1508 721 exponamuS‚
1539 663 1591 706 et
1617 661 1857 722 quomodo
1882 661 1960 709 illa
1988 662 2052 710 ad

389 738 690 803 tragoediam
729 736 1019 801 pertinuerit
1060 736 1390 784 ostendamus.
1461 736 1602 797 Quod
1648 737 1797 799 igitur
1830 741 2051 804 corporis

392 818 630 881 quaedam
647 815 923 878 eloquentia
937 816 1065 863 actio
1079 831 1190 863 esse
1208 815 1402 877 dicitur,
1417 815 1544 863 idem
1563 816 1626 864 de
1645 816 1902 865 saltatione
1912 824 2052 880 prae-

391 897 595 956 dicatur,
625 894 702 943 cui
727 901 778 942 et
803 910 992 942 morum
1018 901 1070 943 et
1092 896 1514 957 perturbationum
1548 901 1597 944 et
1618 896 1860 945 factorum
1893 897 2054 944 imita-

390 976 573 1025 tionem
597 974 895 1038 propositam
926 989 1038 1021 esse
1065 974 1190 1022 dixit
1214 974 1309 1022 iam
1335 974 1659 1034 Aristoteles3
1695 975 1941 1040 copiosius
1966 976 2054 1024 au-

390 1059 491 1104 tem
520 1060 745 1102 naturam
760 1052 982 1101 eiusdem
999 1052 1241 1101 Lucianus
1256 1053 1333 1101 bis
1346 1053 1507 1102 verbis
1525 1054 1815 1103 declaravit:
1859 1053 2056 1116 „lmita-

390 1134 489 1182 trix
514 1140 593 1182 est
619 1139 670 1181 et
698 1132 912 1180 motibus
945 1147 1019 1190 ea,
1057 1148 1180 1196 quae
1214 1138 1485 1190 cantantur,
1521 1139 1678 1182 semet
1711 1149 2056 1198 expressuram

392 1227 506 1261 esse
538 1211 818 1277 pollicetur.
886 1211 1211 1273 Quamobrem
1244 1212 1580 1277 perspicuitati
1606 1228 1710 1260 eam
1738 1213 1938 1263 studere
1963 1229 2056 1262 *ne-

392 1307 534 1340 cesse
560 1297 654 1351 est,
679 1297 730 1338 ut
751 1307 840 1354 per
859 1306 913 1338 se
931 1290 1146 1353 quidque
1165 1307 1349 1351 eorum,
1365 1308 1489 1354 quae
1507 1293 1735 1350 ostendit,
1761 1292 2058 1357 intelligatur

391 1386 552 1432 neque
581 1370 834 1419 desideret
857 1371 1190 1434 interpretem,
1226 1372 1462 1434 cadatque
1485 1372 1533 1419 in
1562 1371 1694 1420 illam
1711 1371 1971 1435 Pythicum
1994 1370 2056 1419 il-

391 1447 476 1497 lud
505 1449 708 1509 dictum,
751 1450 900 1498 etiam
929 1453 1114 1497 mutum
1150 1450 1355 1512 intelligi
1391 1455 1442 1497 et
1477 1454 1720 1499 tacentem
1758 1451 1929 1499 audiri.
1963 1449 2055 1498 Ita-

393 1542 495 1591 que
531 1529 734 1576 saltator
768 1528 963 1590 quidam
999 1527 1206 1575 Neronis
1230 1529 1532 1591 temporibus
1560 1530 1926 1589 celeberrimus,
1961 1544 2058 1578 non

393 1606 707 1671 impruden8‚
759 1613 813 1654 ut
849 1608 995 1668 aiunt,
1031 1607 1119 1653 sed
1155 1605 1196 1652 si
1231 1605 1338 1667 quis
1374 1606 1494 1652 alius
1530 1609 1836 1671 antiquitatis
1870 1623 2058 1656 memo-

393 1685 467 1734 ria
514 1691 565 1734 et
612 1692 775 1733 motus
813 1686 1052 1748 elegantia
1096 1688 1379 1747 praestans,
1415 1686 1558 1748 petiit
1591 1702 1616 1733 a
1653 1686 1902 1740 Demetrio
1935 1703 2059 1746 rem,

392 1769 531 1829 puto,
566 1764 766 1813 minime
798 1765 1032 1828 ineptam,
1068 1771 1122 1812 ut
1147 1779 1202 1811 se
1235 1769 1484 1826 spectaret
1507 1764 1766 1813 saltantem
1793 1781 1848 1814 ac
1880 1765 2060 1814 deinde

392 1843 805 1909 reprehenderet,
868 1850 918 1891 et
951 1843 1198 1906 pollicitus
1235 1848 1312 1890 est
1346 1857 1400 1889 se
1435 1843 1539 1891 sine
1572 1844 1692 1892 tibia
1725 1849 1777 1892 et
1811 1844 2060 1893 cantilenis

393 1930 731 1987 argumentum
766 1929 1265 1986 repraesentaturum,
1301 1922 1352 1970 id
1387 1922 1516 1983 quod
1554 1922 1687 1970 fecit.
1755 1922 1878 1971 Nam
1913 1923 2060 1972 iussis

394 2002 475 2062 iis,
509 2002 591 2064 qui
623 2018 878 2051 numerum
914 2003 1253 2065 percutiebant
1288 2006 1340 2048 et
1373 2001 1453 2061 qui
1479 2001 1624 2048 tibias
1662 2001 1912 2061 inflabant,
1946 2018 2061 2050 cum

397 2081 552 2130 choro
587 2081 696 2144 ipso
732 2081 912 2138 silere,
950 2081 1084 2128 solus
1117 2097 1209 2145 per
1243 2096 1298 2127 se
1333 2078 1505 2127 Martis
1538 2079 1846 2142 Venerisque
1880 2097 2061 2130 concu-

395 2161 550 2211 bitum
587 2161 811 2221 saltavit,
865 2160 1029 2208 Solem
1065 2160 1389 2220 indicantem,
1439 2158 1713 2208 Vulcanum
1748 2159 2061 2207 insidiantem

398 2254 457 2287 ac
492 2239 695 2288 vinculis
722 2239 884 2298 ambo,
910 2240 1125 2288 Martem
1151 2237 1508 2300 Veneremque,
1543 2238 1900 2299 illaqueantem,
1936 2239 2058 2287 deos

397 2319 592 2381 utrique
626 2317 893 2374 adstantes,
929 2318 1302 2365 erubescentem
1338 2316 1600 2378 Venerem,
1635 2318 1902 2380 paullulum
1938 2324 2062 2367 con-v

397 2402 668 2446 sternatum
703 2403 756 2445 et
788 2396 974 2445 veniam
1011 2399 1290 2459 precantem
1325 2394 1535 2443 Martem
1585 2402 1638 2444 et
1671 2413 1794 2460 quae
1837 2403 1950 2446 sunt
1981 2413 2061 2445 re-

398 2476 562 2539 liqua,
612 2476 681 2524 ita
727 2481 784 2524 ut
833 2476 1040 2524 laetatus
1077 2473 1358 2538 spectaculo
1394 2474 1670 2523 Demetrius
1705 2477 1830 2524 hanc
1866 2475 2061 2524 laudem

397 2556 620 2604 saltatori
654 2555 898 2604 tribueret
931 2570 1198 2611 summam,
1231 2560 1286 2602 ut
1320 2554 1614 2602 exclamaret
1647 2561 1701 2603 et
1733 2571 1907 2620 magna
1939 2571 2062 2604 voce

396 2633 709 2698 increparet:
782 2634 994 2694 „Audio‚
1030 2650 1059 2682 o
1092 2634 1257 2690 bomo,
1294 2649 1417 2696 quae
1451 2633 1581 2694 agis,
1630 2650 1726 2682 non
1776 2635 1919 2682 video
1953 2640 2061 2682 tan-

396 2718 522 2772 tum,
557 2714 646 2761 sed
679 2714 860 2762 videris
895 2713 1014 2761 mibi
1048 2712 1165 2776 ipsis
1201 2713 1422 2760 manibus
1458 2712 1639 2776 loqui.''
1707 2714 1928 2762 Eundem
1964 2712 2062 2761 sal-

395 2796 613 2840 tatorem
661 2809 806 2854 quum
851 2794 1085 2841 barbarus
1134 2791 1329 2854 quidam
1364 2807 1448 2839 rex
1483 2808 1542 2841 ex
1578 2793 1732 2841 Ponto
1765 2796 2060 2855 spectasset,

399 2869 523 2918 adeo
558 2872 821 2936 perspicue
857 2872 1143 2932 saltantem,
1189 2875 1270 2929 ut,
1317 2872 1531 2933 quamvis
1566 2872 1685 2919 nibil
1720 2887 1904 2932 eorum,
1939 2885 2062 2933 quae

399 2951 717 3011 canebantur,
754 2951 1035 3015 perciperet
1065 2953 1196 3007 (erat
1230 2949 1355 2996 enim
1393 2950 1758 3016 semigraecus),
1793 2959 1955 2998 tamen
1989 2949 2062 2996 iu-

396 3027 649 3090 telligeret
695 3031 885 3088 omnia,
943 3029 1085 3091 petiit
1118 3044 1147 3075 a
1179 3027 1370 3076 Nerone
1404 3046 1494 3093 pro
1538 3030 1815 3093 gratissimo
1859 3043 2061 3076 munere

397 3105 533 3153 illum
571 3107 873 3156 saltatorem.
940 3107 1301 3168 Interrogatus,
1350 3109 1537 3157 cuinam
1582 3110 1653 3157 rei
1697 3106 1780 3156 ille
1824 3107 1961 3167 utilis
2014 3106 2060 3154 ei

399 3183 595 3233 futurus
631 3193 779 3244 esset,
816 3187 940 3235 Sunt
971 3188 1108 3243 mihi,
1144 3186 1322 3249 inquit,
1357 3188 1503 3235 vicini
1539 3187 1729 3236 barbari
1762 3187 1924 3248 lingua
1959 3185 2059 3233 dis-

395 3279 542 3327 pares
577 3279 737 3326 neque
770 3265 980 3314 facultas
1015 3271 1090 3314 est
1121 3265 1464 3328 interpretum.
1532 3268 1587 3316 Si
1617 3266 1735 3331 quid
1756 3266 1904 3331 igitur
1936 3280 2060 3330 opus

458 3431 508 3485 *)
537 3431 765 3474 Plutarch.
796 3433 851 3475 de
881 3433 980 3475 coh.
1009 3432 1078 3476 ira
1103 3446 1146 3489 p.
1167 3430 1265 3475 43⁰.
1288 3433 1413 3476 Hutt.
1455 3433 1546 3476 Cic.
1569 3434 1624 3476 de
1646 3436 1755 3475 orat.
1774 3432 1854 3489 111,
1877 3430 1948 3485 60,
1962 3428 2062 3472 225.
