2170 3848
882 271 1002 328 107

138 419 408 485 explorata*
438 424 790 485 compertaque
838 419 1048 478 habeat,
1084 414 1344 488 ¹quaedam
1396 417 1694 468 coniectura*
1722 433 1805 467 su-

139 500 386 565 spicatur:

268 576 692 643 τεκμαιρόμεσθα
723 577 836 635 τοῖς
865 577 1100 638 παροῦσι
1131 570 1363 639 τάφανῆ.

269 659 530 726 „Atque
566 675 645 707 ea
679 657 1090 707 coniectura
1123 652 1427 719 auguro.'’

140 738 335 787 Chorus
379 742 567 788 tantum
612 738 777 796 abest,
825 741 878 783 ut
924 735 1079 782 vicem
1125 734 1256 798 regis
1302 731 1491 794 doleat,
1540 738 1595 782 ut
1628 735 1807 786 iustam

138 818 349 868 numinis
382 818 643 866 vindictam
679 816 730 864 in
765 814 1044 863 calamitate
1078 813 1185 862 eius
1219 816 1480 875 agnoscat:

270 893 371 962 ἐγὼ
403 893 500 962 μὲν
533 887 636 944 εὖτ’
670 891 738 944 ἂν
769 885 898 951 τοὺς
930 884 1130 951 κακοὺς
1164 890 1273 954 ὁρῶ
1308 889 1518 955 βροτῶν

265 975 567 1034 πίπτοντας,
601 967 738 1024 εἶναί
771 990 907 1039 φημι
941 971 1219 1037 δαιμόνων
1250 967 1406 1036 γένος
1419 971 1486 1035 *).

136 1055 497 1121 Hippodamiae
530 1054 696 1105 tribuo
730 1055 907 1117 verba,
957 1056 1135 1118 quibus
1168 1053 1329 1102 fatum
1363 1052 1496 1102 nulla
1529 1058 1637 1103 arte
1670 1055 1811 1105 vitari

135 1150 285 1199 posse
316 1135 622 1184 declaratur:

270 1213 301 1266 ὁ
334 1217 547 1266 πλεῖστα
580 1212 836 1277 πράσσων
867 1215 1072 1264 πλεῖσθ’
1109 1208 1396 1276 ἁμαρτάνει
1420 1211 1645 1276 βροτῶν.

134 1294 285 1345 Parta
335 1287 540 1346 victoria
586 1295 768 1361 Pelops
816 1296 1066 1360 extemplo
1113 1293 1174 1342 ad
1223 1292 1608 1357 Hippodamiam
1641 1311 1702 1344 ex
1751 1312 1812 1346 eo

133 1375 244 1440 ipso
276 1375 416 1438 loco,
451 1390 547 1440 quo
582 1375 708 1425 haec
742 1390 944 1424 cursum
978 1378 1311 1438 spectaverat,
1359 1372 1698 1424 abducendum
1730 1394 1814 1427 re-

133 1471 305 1504 versus
340 1460 436 1504 ent.
505 1453 736 1506 Philostr.
776 1455 923 1519 epist.
958 1453 1117 1503 XLII:
1165 1450 1266 1502 οὐκ
1308 1452 1548 1518 ἤκουσας
1579 1453 1675 1505 τὸν
1708 1454 1813 1508 Πέ-

134 1535 298 1595 λοπος
331 1533 562 1601 δρόμον,
616 1534 717 1585 οὐκ
748 1530 1060 1598 ἐθαύμασας
1104 1531 1224 1600 τὴν
1257 1529 1323 1584 ἐκ
1367 1534 1661 1599 θεάτρου
1693 1554 1811 1602 γα-

133 1617 508 1680 μηθεῖσανς
576 1617 711 1665 Idem
758 1632 836 1680 ep.
873 1615 1078 1666 XLVlI:
1133 1612 1259 1665 οὐδὲ
1306 1611 1408 1679 γὰρ
1451 1610 1547 1666 τὸν
1593 1615 1814 1670 Πέλοπα

132 1695 170 1763 ἦ
193 1689 535 1762 Ἱπποδάμεια
567 1694 786 1763 ἠτίμησε
821 1693 973 1757 ξένον
1006 1696 1136 1745 ὄντα
1166 1691 1256 1745 καὶ
1291 1693 1585 1759 βάρβαρον.

262 1777 514 1826 Reversus
549 1778 599 1825 in
635 1793 835 1825 scenam
870 1775 1184 1834 Oenomaus,
1221 1792 1371 1839 quum
1407 1775 1658 1827 desertum
1693 1795 1750 1830 se
1783 1798 1813 1831 a

135 1855 234 1904 filia
267 1857 476 1915 videret,
532 1872 679 1919 quam
714 1855 1082 1904 vehementiore
1117 1871 1263 1919 quam
1298 1858 1504 1918 paterno
1537 1874 1704 1908 amore
1737 1862 1812 1910 di-

135 1934 322 1983 lexisse
354 1925 555 1997 dicitur,
591 1936 835 1998 simulque
869 1935 1025 1983 fatum
1060 1951 1088 1982 a
1121 1935 1215 1982 diis
1263 1935 1562 1985 destinatum
1596 1939 1692 1990 sihi
1723 1957 1809 1991 ve-

135 2015 270 2062 nisse
313 2014 568 2072 crederet,
615 2020 826 2063 mortem
873 2014 968 2062 sibi
1014 2014 1274 2063 conscivit:
1328 2031 1422 2077 qua
1474 2016 1537 2066 de
1581 2035 1636 2068 re
1682 2021 1810 2071 haec

136 2099 251 2143 sunt
284 2093 440 2143 Servii
474 2094 577 2142 sive
611 2093 809 2142 Diodori
841 2094 1014 2142 verba:
1083 2095 1229 2157 „Quo
1265 2094 1434 2144 dolore
1468 2107 1610 2148 actus
1645 2100 1810 2151 Oeno-

133 2189 294 2235 maus,
330 2175 612 2223 existimans
649 2175 911 2226 advenisse
946 2166 1167 2239 responsi
1202 2181 1423 2239 tempu8‚
1470 2178 1564 2227 sibi
1597 2187 1806 2232 mortem

134 2250 427 2303 conscivit.’'
493 2254 865 2318 Aegritudinem
902 2255 1043 2303 hisce
1076 2255 1239 2304 verbis
1263 2255 1571 2344 declarav*

269 2330 328 2383 ἕν
363 2330 471 2384 ἐστι
502 2332 721 2384 πάντων
753 2334 968 2399 πρῶτον
1003 2332 1195 2385 εἰδέναι
1226 2332 1364 2396 τόδε,

266 2410 449 2479 φέρειν
481 2413 547 2466 τὰ
581 2414 947 2480 συμπίπτοντα
981 2413 1052 2481 μὴ
1087 2413 1410 2481 παλιγκότως
1429 2433 1442 2446 ·

266 2488 457 2561 χοῧτός
490 2497 540 2561 γ’
576 2494 712 2562 ἀνὴρ
747 2498 961 2561 ἄριστος
997 2494 1059 2546 αἴ
1084 2512 1138 2546 τε
1172 2495 1449 2561 συμφοραὶ

267 2565 437 2641 ἧσσον
473 2574 764 2628 δάκνουσιν
785 2591 797 2603 ·
844 2575 976 2630 ἀλλὰ
1008 2580 1176 2628 ταῦτα
1209 2576 1311 2641 γὰρ
1343 2574 1512 2643 λέγειν

269 2653 640 2721 ἐπιστάμεσθα,
677 2657 811 2722 δρᾶν
846 2657 894 2707 δ’
930 2656 1213 2723 άμηχάνως
1245 2652 1345 2723 ἔχει

267 2813 378 2865 ἀλλ’
415 2810 522 2865 ἔστι
551 2814 656 2881 γὰρ
691 2815 758 2884 δὴ
791 2817 894 2868 κάν
926 2819 1180 2868 κακοῖσιν·
1201 2814 1372 2883 ἡδονὴ

262 2896 487 2960 θνητοῖς
519 2894 746 2962 ὀδυρμοὶ
780 2898 1040 2964 δακρύων
1073 2900 1117 2949 τ’
1154 2894 1410 2962 ἐπιῤῥοαί,

267 2975 568 3042 άλγηδόνας
599 2977 656 3029 δὲ
687 2983 855 3030 ταῦτα
888 2979 1131 3046 κουφίζει
1166 2979 1380 3045 φρενῶν

264 3054 355 3108 καὶ
387 3057 608 3123 καρδίας
640 3055 790 3111 ἔλυσε
823 3054 950 3122 τοὺς
983 3063 1123 3128 ἄγαν
1154 3060 1360 3120 πόνους

265 3216 521 3284 α’μηχανῶ
558 3217 607 3270 δ’
642 3214 806 3287 ἔγωγε
837 3222 972 3273 κούκ
1005 3218 1104 3288 ἔχω
1146 3222 1356 3288 μαθεῖν,

266 3297 357 3348 εἴτ’
393 3292 495 3350 οὖν
526 3301 745 3366 ἄμεινόν
779 3301 885 3354 ἐστι
915 3302 1195 3370 γίγνεσθαι
1226 3302 1384 3354 τέκνα

193 3467 246 3520 *)
275 3467 413 3513 Orion
442 3471 489 3526 V,
519 3468 560 3513 5.
590 3470 873 3518 Schneidew.
903 3488 948 3528 p.
976 3471 1046 3515 47.
