2170 3848
1141 276 1263 333 164

373 422 634 484 occiderit,
669 422 719 471 in
750 420 1037 489 Iphigeniae
1071 413 1290 472 conclavi
1322 428 1568 486 servetur,
1601 426 1748 476 simul
1779 426 2023 493 scrupulis

369 506 607 554 liberatur
666 502 801 568 virgo
859 506 911 550 et
965 504 1347 566 praeteritorum
1400 505 1741 555 recordatione
1785 514 2027 556 movetur.

370 583 488 632 Inde
522 581 748 631 lacrimas
784 597 903 646 prae
936 583 1113 645 gaudio
1147 584 1291 631 ambo
1326 584 1525 646 quidem
1572 585 1894 647 profundunt,
1939 603 2026 652 ge-

371 662 537 711 stienti
581 677 696 710 vero
742 661 928 710 laetitia
962 661 1207 724 iphigenia
1255 663 1489 722 effertur3
1538 678 1653 711 mox
1688 666 2030 715 recordatione

369 743 587 808 priorum
623 740 859 789 malorum
895 747 946 788 et
980 741 1273 803 cogitatione
1307 741 1658 791 imminentium
1699 745 2029 808 periculorum

372 822 512 870 dolor
558 820 772 868 laetitiae
821 820 1286 870 vehementissimus
1330 821 1565 870 succedit.
1635 822 1732 872 vix
1775 823 1901 875 enim
1948 837 2031 870 vo-

370 901 557 966 luptate
592 904 644 948 et
677 899 867 947 laetitia
901 899 1184 960 exsultavit,
1229 900 1562 950 dulcissimum
1607 902 1837 962 fratrem,
1887 918 2034 966 quem

370 980 627 1045 parvulum
661 980 807 1042 Argis
854 979 1079 1042 reliquit,
1126 980 1393 1028 iuventutis
1436 981 1602 1044 vigore
1637 982 1893 1030 florentem
1928 996 2033 1028 am-

370 1060 620 1126 plectens3
671 1059 747 1106 vix
782 1058 874 1106 sibi
928 1059 1174 1122 persuasit
1223 1075 1278 1108 se
1310 1075 1476 1108 verum
1513 1077 1711 1125 corpus,
1758 1077 1855 1110 non
1896 1060 2035 1109 volu-

370 1155 506 1188 crem
534 1138 814 1202 imaginem,
849 1143 1023 1186 tenere
1057 1139 1180 1197 eius,
1218 1138 1301 1202 qui
1338 1140 1496 1187 solum
1531 1141 1777 1198 desertae,
1813 1141 2031 1199 orbatae,

372 1217 714 1268 crudelissimo
749 1217 994 1280 supplicio
1029 1216 1238 1267 affectae
1272 1218 1502 1266 solatium
1536 1219 1628 1278 sit,
1679 1235 1832 1283 quum
1867 1219 2036 1268 statim

370 1298 578 1347 horrore
611 1298 797 1344 animus
834 1296 1148 1360 perfunditur
1182 1298 1457 1361 cogitantis,
1494 1300 1780 1362 quantulum
1805 1299 2036 1361 abfuerit,

372 1378 487 1442 quin
520 1392 612 1424 sua
645 1392 788 1425 manu
823 1376 1150 1439 iugularetur‚
1196 1377 1468 1440 reputantis
1516 1377 1731 1440 gladium
1765 1379 2036 1427 etiamnum

374 1456 553 1506 cervici
602 1456 822 1503 eiusdem
869 1455 1156 1517 imminere,
1202 1456 1371 1520 fugam
1406 1463 1596 1516 autem,
1642 1458 1747 1506 sive
1781 1462 1913 1507 terra
1945 1473 2036 1520 per

372 1537 481 1603 loca
525 1535 654 1583 invia
699 1540 971 1599 gentesque
1017 1535 1148 1583 feras
1197 1535 1299 1583 sive
1344 1536 1467 1584 mari
1513 1553 1603 1601 per
1653 1537 2036 1603 Symplegadum

374 1616 555 1664 fretum
591 1615 942 1677 ingrediantur,
980 1614 1444 1679 periculosissimam
1481 1632 1606 1666 esse.

503 1693 587 1742 Sic
634 1693 795 1741 soluto
838 1694 971 1741 -nodo
1021 1694 1175 1742 altero
1210 1694 1335 1743 alter
1369 1696 1597 1744 continuo
1632 1695 1935 1756 annectitur,
1985 1699 2037 1744 et

375 1773 435 1822 ab
470 1773 716 1822 anxietate
748 1789 839 1836 per
873 1773 1104 1821 laetitiam
1139 1774 1200 1822 ad
1235 1779 1421 1822 metum
1464 1774 1784 1824 traducimur.
1850 1775 2036 1824 Prioris

375 1859 539 1902 autem
572 1852 690 1900 nodi
723 1852 930 1911 solutio,
967 1868 1076 1901 cum
1114 1853 1239 1902 scite
1277 1853 1337 1901 iis
1372 1854 1524 1919 ipsis,
1573 1855 1750 1918 quibus
1783 1855 2038 1919 prohiberi

373 1933 658 1992 videbatur,
704 1937 994 1995 praeparata
1043 1938 1205 1992 esset,
1250 1948 1344 1981 non
1381 1933 1538 1982 solum
1573 1941 1748 1999 sponte
1780 1941 1831 1983 et
1863 1950 2038 1983 neces—

375 2012 533 2072 sario,
587 2011 676 2059 sed
726 2011 872 2060 etiam
919 2012 1073 2060 semel
1118 2028 1175 2060 ac
1208 2019 1413 2075 repente
1448 2014 1639 2071 evenit,
1690 2015 1820 2063 unde
1851 2014 2038 2063 factum

375 2096 468 2151 est,
504 2097 560 2139 ut
589 2090 804 2139 fructum
829 2091 1046 2140 laetitiae
1069 2091 1317 2156 integrum
1342 2092 1639 2156 plenumque
1659 2094 2037 2158 perciperemus.

374 2170 498 2219 Nam
532 2170 819 2218 recitatione
867 2187 1068 2230 eorum,
1117 2187 1245 2235 quae
1291 2172 1494 2235 epistola
1529 2173 1782 2221 continere
1819 2172 2037 2237 fingitur,

375 2249 532 2298 omnis
565 2249 833 2312 ignorantia
865 2256 1012 2312 atque
1045 2251 1315 2299 obscuritas
1350 2252 1512 2301 subito
1547 2256 1752 2312 remota,
1792 2251 2038 2300 discissis-

374 2345 470 2394 que
501 2329 712 2386 nebuliS,
745 2328 820 2376 sol
853 2335 1057 2393 repente
1092 2346 1154 2378 ex
1187 2330 1404 2378 tenebris
1441 2338 1733 2395 conspectus
1768 2335 1858 2379 est.

503 2409 737 2458 Monente
781 2407 994 2472 Pylade,
1045 2425 1107 2458 ne
1153 2409 1229 2458 vel
1277 2409 1453 2474 gaudio
1501 2409 1600 2458 vel'
1628 2411 1839 2459 moerori
1883 2410 2038 2459 dediti

373 2488 541 2537 salutis
587 2487 832 2552 parandae
880 2490 1296 2553 opportunitatem
1341 2489 1594 2547 omittant,
1642 2489 2039 2552 iamquessfiden-

374 2567 504 2617 tiore
541 2568 701 2616 animo
730 2567 910 2615 Oreste
944 2569 1006 2616 ad
1041 2584 1149 2617 eam
1172 2584 1278 2616 rem
1299 2568 1539 2633 agendam
1567 2576 1753 2632 parato,
1788 2569 2039 2635 iphigenia

375 2647 514 2711 prius
541 2647 605 2696 de
616 2647 832 2706 Electra,
860 2645 923 2695 de
938 2645 1123 2711 Pylade
1138 2647 1298 2711 deque
1311 2648 1480 2696 matris
1507 2655 1666 2696 morte
1691 2648 1930 2712 quaedam
1955 2664 2039 2697 ac-

377 2727 588 2774 curatius
617 2741 923 2791 cognoscere,
934 2727 1085 2791 cupit,
1114 2727 1252 2776 cuius
1272 2727 1638 2790 quaestionibus
1654 2727 1860 2777 Orestes
1875 2729 1935 2776 ad
1951 2743 2040 2776 ex-

372 2804 626 2869 ponendos
653 2805 826 2854 ordine
844 2808 1116 2855 accuratius
1140 2821 1284 2855 casus
1313 2821 1427 2854 suos
1453 2812 1803 2858 commovetur.
1840 2806 2036 2855 Patrato

373 2884 525 2947 igitur
550 2883 824 2932 matricidio
847 2900 902 2933 se
924 2890 1092 2934 narrat
1115 2885 1389 2935 incursibus
1406 2885 1667 2934 Furiarum
1692 2903 1720 2934 e
1746 2886 1900 2950 patria
1926 2885 2039 2950 pul-

376 2979 488 3012 sum
516 2963 653 3011 iussu
678 2963 918 3028 Apollinis
949 2964 1166 3012 Athenas
1190 2980 1245 3012 se
1270 2965 1553 3024 con-tulisse,
1591 2965 1674 3014 ubi
1696 2964 2037 3013 accusantibus

375 3042 505 3107 apud
525 3043 834 3106 Areopagum
850 3042 1010 3092 Furiis
1024 3059 1248 3092 caussam
1266 3044 1469 3096 diceret.
1505 3044 1574 3092 lbi
1591 3060 1645 3092 se
1659 3060 1687 3091 a
1700 3043 2041 3093 communione

373 3121 631 3182 ser1nonis‚
647 3111 921 3185 penatium,
955 3122 1050 3170 cibi
1079 3128 1324 3187 potusque
1340 3123 1592 3188 hospitum
1626 3122 1878 3186 prohiberi
1892 3139 2038 3186 aegre

373 3200 560 3257 tulisse.
610 3199 894 3250 Certantem
915 3206 1079 3250 autem
1105 3202 1288 3251 iudicio
1321 3219 1432 3251 cum
1462 3202 1723 3251 Furiarum
1749 3194 1868 3261 una,
1913 3218 2039 3265 quae

373 3285 509 3328 esset
525 3283 641 3328 natu
661 3280 890 3342 maxima,
916 3297 1065 3344 quum
1090 3280 1421 3330 testimonium
1439 3282 1630 3330 dicente
1644 3280 1868 3344 Apolline
1889 3288 2038 3345 atque

370 3364 610 3421 aequante
642 3359 873 3424 suffragia
906 3359 1102 3409 Pallade
1125 3360 1339 3420 vicisset,
1373 3365 1512 3424 parte
1554 3359 1753 3423 quidem
1779 3359 2038 3409 Furiarum

372 3435 631 3487 liberatum
673 3453 815 3497 esse,
862 3445 1056 3505 partem
1088 3443 1252 3487 autem
1298 3439 1505 3488 alteram
1538 3439 1623 3488 illo
1655 3438 1840 3488 iudicio
1872 3438 2037 3488 neuti-
