2080 3892
689 683 1254 736 CORRIGENDA.

234 925 276 968 T
292 938 394 967 om.
423 923 457 965 1.

119 1012 162 1054 p.
192 995 235 1038 4.
267 1011 311 1040 v.
342 990 543 1036 17-18.
574 991 723 1035 scribe
753 993 1071 1051 Sisyphum
1100 1008 1182 1051 pro
1213 995 1461 1050 Syleum.

120 1084 164 1124 p.
193 1067 264 1110 81.
294 1081 339 1109 v.
369 1064 411 1107 8.
470 1063 646 1115 Verba,
687 1065 848 1119 quibus
876 1067 1089 1108 Proteum
1119 1067 1521 1121 Bellerophontes,
1562 1080 1701 1122 quum
1729 1068 1825 1124 pri-

286 1150 412 1180 mum
452 1134 734 1187 conveniret,
778 1137 1031 1191 salutabat,
1073 1137 1274 1180 servavit
1302 1137 1529 1179 Lucianus
1563 1140 1664 1193 (pro
1692 1140 1824 1195 lapsu

290 1208 335 1250 in
363 1208 497 1249 salut.
527 1208 566 1258 S.
597 1205 688 1260 2.)=

398 1272 535 1333 χαῖρ’,
573 1268 610 1318 ὦ
641 1272 853 1320 δυνάστα
881 1278 1018 1332 τῆςδε
1047 1277 1132 1333 τῆς
1165 1277 1438 1333 Τιρυνθίας.

122 1365 164 1406 p.
193 1348 264 1392 82.
294 1363 338 1391 v.
368 1347 409 1389 1.
470 1346 683 1388 Meineke
713 1346 758 1388 in
791 1360 1068 1402 programm.
1100 1362 1255 1404 gymn.
1286 1362 1430 1403 nuper
1458 1350 1648 1405 vulgato
1677 1363 1720 1405 p.
1753 1349 1826 1393 32.

288 1420 413 1461 recte
443 1417 709 1459 emendasse
739 1417 920 1460 videtur
947 1419 1092 1461 verba
1121 1418 1488 1474 Bellerophontis
1517 1420 1605 1463 sic:

399 1486 542 1538 πέλας
571 1486 621 1530 δὲ
649 1486 824 1542 ταύτης
854 1485 1009 1538 δεινὸς
1039 1489 1225 1546 ἵδρυται
1255 1487 1486 1546 Κράγος

408 1556 622 1615 ἔνθηρος,
653 1550 685 1615 ᾗ
715 1561 928 1615 λῃσταῖσι
956 1563 1230 1616 φρουρεῖται
1258 1557 1405 1618 πόρος

407 1627 609 1672 κλύδωνι
645 1630 783 1688 δεινῷ
815 1630 894 1673 καὶ
924 1629 1307 1688 βροτοκτόνῳ
1336 1628 1527 1688 βρέμων.

407 1697 587 1756 πτηνὸς
614 1699 832 1758 πορεύσει
860 1702 1030 1753 πῶλος,
1062 1699 1130 1745 ου’
1159 1701 1641 1757 ναυσθλώσομαι.

290 1770 419 1813 idem
447 1786 491 1814 v.
520 1769 590 1812 22.
622 1771 893 1814 narrationis
921 1785 1107 1815 versum
1136 1772 1332 1828 primum
1364 1773 1561 1829 explevit
1587 1773 1679 1816 sic:

404 1843 507 1899 βίος
538 1840 588 1885 δὲ
618 1843 941 1899 πορφυρεῦσιν
971 1842 1292 1891 ἐνθαλοὶσσιος.

123 1929 166 1970 p.
182 1912 270 1956 198
287 1926 410 1968 seqq.
442 1912 734 1956 Testimoniis
764 1914 878 1956 adde
918 1915 1062 1957 verba
1091 1913 1275 1969 Ulpiani
1303 1915 1361 1957 ad
1385 1914 1618 1957 Demosth.
1649 1928 1717 1970 pr.
1749 1927 1826 1956 co-

145 2032 149 2036 ,
291 1998 403 2027 rona
433 1996 475 2039 p.
505 1980 604 2024 248.
636 1987 745 2025 extr.
777 1985 846 2026 ed.
877 1985 1032 2026 Reisk.

123 2054 282 2113 p.248.
314 2070 358 2098 v.
385 2054 425 2096 1.
457 2053 606 2096 scribe
636 2054 1064 2110 cognovissent
1093 2069 1173 2110 pro
1206 2055 1573 2112 cognovisse.

122 2143 165 2184 p.
181 2127 281 2170 273.
311 2141 355 2168 v.
384 2123 455 2167 27.
487 2123 740 2167 Protesilao
770 2111 1019 2169 'tribuerim
1059 2126 1198 2169 etiam
1234 2140 1351 2182 quae
1377 2126 1605 2182 Aristoph.
1636 2127 1753 2170 Ran.
1780 2141 1823 2169 v.

291 2195 418 2238 1476.
448 2196 616 2237 habet:

407 2258 444 2309 ὦ
473 2263 657 2320 σχέτλιε,
687 2263 907 2323 περιόψει
934 2282 990 2322 με
1021 2266 1080 2322 δὴ
1111 2266 1376 2323 τεθνηκότα
1387 2283 1403 2320 ,·

122 2336 279 2392 p.385.
310 2352 354 2380 v.
376 2336 445 2380 13.
476 2336 628 2380 scribe
657 2337 863 2381 Datum
895 2351 978 2393 pro
1010 2338 1456 2382 Gratificatum.
