2124 3860
1149 269 1272 328 35⁰

519 415 736 481 „Nec‚
794 416 953 484 quid
1011 423 1077 465 te
1126 415 1428 473 adiutem
1487 416 1772 466 invenio.
1865 413 2039 465 Hor-

1100 497 1239 545 tari
1268 496 1493 560 piget,

518 574 668 625 Non
697 575 1042 642 prodesse,
1078 575 1147 624 id
1173 573 1508 643 pudet*).''

389 657 545 719 Quem
579 662 886 719 praetextum
922 657 1137 719 quamvis
1173 662 1340 719 arguat
1364 654 1594 718 Cepheus
1630 657 1679 702 et
1700 653 1920 718 ignaviae
1939 653 2041 702 fra-

387 743 511 786 trem
547 751 775 784 accusare
810 737 886 784 vix
919 736 1137 784 dubitet:

519 813 731 876 „Nam
773 815 943 881 quod
991 815 1245 875 dicam,
1297 821 1412 863 aut
1456 819 1630 861 metu
1662 819 1727 862 te
1774 816 1893 860 aut
1940 827 2040 859 se-

1067 896 1342 958 gnitate
1378 892 1820 952 addubitare,
1870 888 2044 939 haud

1070 991 1273 1022 meum
1310 971 1472 1034 est,’'

385 1060 546 1104 tamen
571 1053 706 1101 illum
733 1068 826 1101 non
849 1053 1004 1118 pudet
1028 1056 1162 1102 abire
1195 1061 1246 1103 et
1278 1054 1480 1102 fratrem
1517 1069 1626 1102 cum
1663 1066 1841 1116 sponsa
1863 1050 1912 1098 in
1943 1042 2045 1097 die-¹

386 1136 588 1186 crimine
632 1133 920 1182 destituere.
998 1133 1288 1198 lutet-posito
1339 1134 1516 1182 deinde
1550 1132 1725 1193 choro,
1770 1145 1866 1193 quo
1903 1144 2042 1194 spem

383 1214 667 1264 liberandae
721 1213 917 1276 virginis
966 1229 1157 1262 omnem
1210 1214 1305 1260 iam
1369 1214 1531 1260 abisse
1586 1215 1885 1275 conquestae
1931 1213 2046 1256 eunt

384 1294 611 1359 virgines,
661 1293 824 1341 subito
870 1308 958 1356 per
1005 1309 1167 1340 aerem
1208 1293 1420 1341 Perseus
1456 1291 1711 1340 advolavit.
1780 1288 2043 1353 Apollodo-

382 1390 497 1424 rus:
531 1371 951 1436 παραγενόμενος
988 1366 1043 1421 δὲ
1076 1370 1146 1431 εἰς
1183 1370 1500 1433 Αἰθιοπίαν,
1535 1360 1598 1436 ἧς
1632 1366 1895 1434 ἐβασίλευε
1931 1366 2043 1431 Κη-

385 1452 542 1518 φεύς,
591 1443 708 1515 εὗρε
751 1448 848 1518 τὴν
891 1451 1087 1502 τούτου
1129 1449 1401 1516 θυγατέρα
1438 1444 1794 1514 Ἀνδρομέδαν
1833 1463 2042 1509 παρα-

385 1530 717 1598 κειμένην
752 1530 966 1597 βορὰν
1000 1532 1270 1598 θαλασσίῳ
1304 1532 1504 1599 κήτει.
1539 1560 1602 1567 -
1676 1527 1885 1594 Ταύτην
1917 1530 2042 1577 θεα-

385 1613 610 1678 σάμενος
660 1613 689 1664 ὁ
735 1605 971 1675 Περσεὺς
1014 1611 1102 1663 καὶ
1147 1609 1388 1675 ἐρασθεὶς
1440 1609 1743 1677 ἀναιρήσειν
1793 1607 2041 1674 ὑπέσχετο

384 1695 563 1761 Κηφεῖ
590 1694 649 1744 τὸ
683 1696 858 1761 κῆτος,
893 1692 937 1744 εἰ
971 1693 1139 1758 μέλλει
1173 1696 1439 1744 σωθεῖσαν
1487 1688 1652 1758 αὐτὴν
1685 1689 1824 1756 αὐτῷ
1857 1688 2044 1739 δώσει-ν

383 1779 626 1843 γυναῖκα.
702 1773 811 1825 Ἐπὶ
855 1774 1061 1835 τούτοις
1104 1774 1405 1840 γενομένων
1449 1771 1649 1836 ὅρκων,
1705 1768 1938 1832 ὑποστὰς
1980 1769 2042 1819 τὸ

383 1859 540 1924 κῆτος
587 1854 776 1906 ἔκτεινε
835 1853 924 1907 καὶ
971 1855 1068 1923 τὴν
1094 1849 1452 1920 Ἀνδρομέδαν
1504 1853 1699 1904 ἔλυσεν.
1777 1851 2044 1912 Orationis,

384 1954 481 2003 qua
526 1953 644 1986 usus
679 1945 757 1986 est
791 1936 1003 1986 Perseus
1038 1954 1128 2003 per
1161 1953 1323 1985 aerem
1358 1937 1647 1995 adveniens,
1699 1933 1905 1999 plurima
1939 1946 2044 1980 ser-

381 2023 557 2067 vantur
590 2017 885 2081 fragmenta:

514 2088 556 2147 ὦ
589 2095 722 2159 θεοί,
755 2095 852 2147 τίν’
888 2092 939 2156 ές
971 2098 1074 2163 γῆν
1109 2093 1399 2161 βαρβάρων
1431 2092 1702 2158 ἀφίγμεθα

511 2179 653 2240 ταχεῖ
685 2175 911 2241 πεδίλῳ,·
949 2175 1036 2227 διὰ
1069 2175 1234 2241 μέσου
1269 2174 1370 2241 γὰρ
1407 2172 1621 2236 αἰθέρος

511 2252 716 2320 τέμνων
746 2255 1004 2306 κέλευθον
1035 2256 1175 2306 πόδα
1209 2255 1388 2319 τίθημ’
1421 2253 1745 2316 ὑπόπτερον·

512 2414 599 2468 ἔα·
632 2414 730 2466 τίν’
766 2417 936 2482 ὄχθον
967 2414 1109 2466 τόνδ’
1146 2413 1253 2478 ὁρῶ
1287 2409 1606 2478 περίῤῥυτον

510 2495 666 2562 ἀφρῷ
699 2498 982 2561 θαλάσσης,
1017 2495 1298 2560 παρθένου
1331 2496 1377 2544 τ’
1411 2491 1531 2543 εἰκώ
1564 2507 1683 2541 τινα

511 2574 564 2640 ἐξ
597 2577 956 2643 αὐτομόρφων
990 2576 1189 2627 λαΐνων
1221 2573 1552 2641 τυκισμάτων
1566 2571 1666 2636 **),

512 2661 682 2727 σοφῆς
715 2660 925 2725 ἄγαλμα
957 2655 1246 2725 χειρός”*)
1422 2680 1488 2693 ·-
1662 2679 1731 2702 -.

1425 2360 1488 2369 -ι
1656 2359 1720 2366 ...-

439 2891 486 2946 ὦ)
518 2892 585 2934 Cf.
614 2891 778 2949 Bergk.
808 2906 920 2934 mus-
952 2892 1098 2934 Rhen.
1128 2889 1208 2941 111,
1237 2887 1306 2929 79.
1339 2886 1469 2930 ovid.
1499 2886 1549 2938 V,
1579 2884 1658 2927 23:

655 2964 746 3016 „Et
774 2965 935 3005 nullam
963 2961 1071 3018 quod
1100 2973 1215 3015 opem
1242 2964 1426 3013 patruus
1454 2969 1680 3012 sponsusve
1706 2954 1889 2996 tulisti.'’

409 3030 485 3084 W)
516 3031 658 3087 Vulgo
688 3032 997 3087 τειχισμοῖτων.
1066 3014 1255 3072 lacobsii
1285 3028 1662 3078 emendationem,
1702 3023 1904 3079 quamvis
1941 3023 2039 3064 vul-

520 3106 673 3156 garam
704 3102 929 3145 Fritzsche
968 3106 1012 3144 et
1043 3099 1265 3142 Thudich.
1297 3099 1415 3152 apud
1446 3096 1616 3138 Welck.
1650 3110 1694 3150 p.
1727 3091 1852 3136 1592.
1881 3096 2036 3135 tuean-

519 3174 605 3224 tur,
635 3174 886 3215 auctoribus
908 3172 1105 3215 Seidlero
1135 3172 1179 3210 et
1199 3157 1382 3212 Monkio
1412 3167 1616 3223 probavi.

387 3238 489 3294 ΗΧ)
519 3241 649 3285 Ovid.
678 3243 784 3284 Met.
816 3242 922 3284 673:

877 3312 992 3366 „nisi
1019 3309 1128 3366 quod
1157 3306 1261 3349 levis
1289 3321 1398 3348 aura
1426 3306 1605 3362 capillos

652 3382 851 3425 Moverat
880 3389 922 3425 et
949 3379 1115 3436 trepido
1144 3379 1373 3420 manabant
1405 3378 1564 3418 lumina
1583 3377 1708 3429 fletu,

655 3452 1011 3495 Marmoreum
1049 3455 1202 3492 ratus
1236 3453 1383 3490 esset
1420 3446 1602 3502 opus-'⁹
