2170 3848
1189 256 1271 314 56

390 426 538 463 nerva
563 405 864 458 commodius
888 419 1031 469 quam
1051 421 1078 452 a
1096 402 1325 468 Neptuno
1350 403 1426 467 agi
1451 407 1743 467 potuerunt3
1780 421 2067 471 quamquam

394 507 457 541 ex
497 487 628 539 vasis
673 486 926 536 cuiusdam
974 484 1186 548 imagine
1216 484 1269 548 *)
1315 482 1595 546 Neptunum
1646 485 1807 550 ipsum
1842 485 2069 550 prodisse

394 568 640 619 coniicere
687 565 818 616 licet.
885 564 1303 628 Repraesentatur
1359 562 1487 610 enim
1535 562 1658 612 deus
1716 565 1910 628 ephebo
1963 565 2069 614 cui-

395 648 508 697 dam
553 646 776 696 dextram
818 645 1103 710 porrigens;
1153 659 1181 690 a
1230 648 1368 705 tergo
1420 647 1586 691 autem
1626 642 1842 706 Neptuni
1889 645 2069 694 seden-

395 728 458 776 tis
506 729 641 775 stans
687 725 872 774 femina
921 723 1157 787 quaedam
1197 738 1423 771 coronam
1457 723 1534 770 vel
1570 722 1752 771 lineam
1782 725 2069 789 margarita-

395 823 505 856 rum
552 805 751 855 tradens
797 803 1126 863 adolescenti,
1180 803 1262 866 qui
1309 803 1437 867 pede
1486 801 1688 851 sinistro
1722 802 1913 867 insigne
1943 804 2071 867 gerit

398 886 578 935 annuli.

526 963 859 1028 Hippothous⁴¹
894 965 949 1009 ut
980 960 1267 1010 adolescens
1302 967 1530 1010 strenuus
1555 960 1812 1026 laudisque
1845 960 2071 1027 cupidus,

395 1045 494 1093 iam
530 1044 714 1102 statim,
751 1058 863 1091 cum
900 1040 1154 1089 adveniret
1183 1039 1440 1099 Theseus,
1476 1041 1536 1089 ad
1573 1041 1838 1090 amicitiam
1873 1042 1981 1091 eius
2016 1057 2072 1091 se

398 1124 672 1189 applicasse
699 1122 909 1171 videtur.
975 1121 1053 1170 Ex
1087 1120 1281 1177 verbis,
1330 1135 1454 1182 qnae
1488 1118 1620 1167 facta
1655 1127 1768 1169 sunt
1800 1123 1860 1170 ab
1894 1121 2071 1170 adole-

399 1202 651 1253 scentibus
687 1201 950 1249 amicitiam
985 1201 1315 1264 iungentibnS,
1351 1199 1562 1263 petitum
1601 1214 1714 1248 esse
1751 1200 1947 1250 videtur
1967 1201 2073 1249 frn-

398 1289 668 1348 gmentum,
705 1281 782 1328 cui
819 1280 1085 1329 Carcini
1119 1295 1298 1328 nomen
1333 1294 1422 1343 pro
1453 1277 1817 1343 Cercyonis
1851 1280 1902 1329 in
1925 1278 2070 1330 codd.
2161 1311 2165 1314 ⁴

399 1361 600 1412 Stobaei
636 1360 937 1424 adscriptum
974 1366 1080 1408 est:

531 1437 705 1498 οὐδεὶς
739 1436 956 1489 ἔπαινον
988 1437 1209 1506 ἡδοναῖς
1243 1435 1508 1504 ἐκτήσατο.

399 1521 671 1570 Potuerunt
704 1521 885 1569 ibidem
914 1520 1074 1570 locum
1099 1521 1285 1568 habere
1307 1520 1470 1577 verba,
1506 1535 1630 1584 quae
1652 1519 1716 1568 de
1739 1519 1902 1571 tidelis
1925 1520 2072 1572 amici

400 1608 571 1651 natura
603 1601 735 1649 dicta
769 1600 982 1648 servavit
1015 1599 1308 1648 Plutarchus
1342 1599 1400 1648 Τ.
1440 1600 1498 1647 ΙΙ.
1535 1617 1583 1664 p.
1619 1601 1700 1648 94.
1737 1600 1819 1651 C.=

533 1677 698 1730 αὐτόν
731 1695 784 1728 τε
818 1677 1064 1740 πράττων
1097 1672 1155 1728 εὗ
1188 1677 1398 1744 τίθησιν
1433 1676 1504 1738 εἰς
1537 1674 1717 1742 μέσον,

532 1762 630 1810 τοῦ
665 1758 957 1825 δυςτυχοῦς
989 1775 1043 1809 τε
1076 1759 1354 1825 λαγχάνων
1388 1758 1486 1810 οὐκ
1520 1760 1763 1826 ἄχθεται..

403 1840 576 1905 Neque
622 1859 651 1889 a
685 1840 868 1889 Thesei
916 1857 1125 1905 persona
1171 1842 1439 1890 abhorrent
1473 1856 1559 1902 ea,
1610 1856 1736 1904 quae
1767 1840 1818 1889 in
1851 1839 2073 1891 Crameri

403 1921 591 1970 Anecd.
629 1919 687 1968 V.
720 1938 769 1984 p.
808 1922 918 1967 253.
953 1921 1138 1982 scripta
1172 1925 1310 1967 sunt:

535 1997 754 2064 φύλλων
785 1990 1027 2062 λαγωοὺς
1060 1993 1387 2062 ἐκφοβοῦσιν
1422 1995 1474 2048 οἱ
1503 1997 1707 2062 κτύποι,

534 2078 749 2144 ἀνδρῶν
782 2078 830 2130 δ’
866 2076 1170 2143 ἀνάνδρους
1202 2076 1259 2128 αἱ
1291 2075 1433 2129 σκιαὶ
1463 2079 1571 2129 τῶν
1602 2076 1939 2144 πραγμάτων.

1018 2275 1457 2283 ......-...—.—.—.-.—.

1129 2433 1343 2505 XIII.

740 2573 863 2641 De
922 2578 1252 2640 natura
1308 2592 1471 2661 poe
1491 2592 1712 2638 scos·

538 2807 591 2855 ln
624 2807 894 2859 imitatione
932 2805 1106 2871 poesin
1139 2821 1251 2855 cum
1286 2804 1484 2869 reliquis
1519 2804 1726 2866 artibus,
1763 2820 1891 2870 quae
1907 2804 2076 2871 pulcra

409 2892 694 2951 sequuntur,
731 2888 1045 2936 constitutam
1083 2902 1195 2935 esse
1231 2885 1398 2933 dicens
1434 2885 1755 2943 Aristoteles,
1790 2884 2076 2934 imitationis

407 2967 563 3032 ipsius
597 2967 671 3015 vis
708 2983 943 3029 quaenam
977 2973 1139 3027 esset,
1187 2981 1281 3035 non
1317 2964 1598 3014 declaravit.
1666 2965 1878 3014 caussas
1910 2969 2077 3013 tamen

409 3047 656 3107 imitandi,
692 3062 816 3110 quae
850 3050 1018 3095 essent
1050 3051 1252 3094 naturae
1285 3045 1535 3094 hominum
1570 3046 1916 3111 ingeneratae,
1951 3043 2075 3093 duas

466 3232 516 3287 ὴ)
545 3232 612 3274 De
635 3232 823 3288 Luynes,
854 3231 1119 3288 description
1147 3231 1202 3273 de
1231 3231 1441 3286 quelques
1468 3242 1599 3272 vases
1626 3229 1782 3285 palute,
1811 3226 2076 3272 Paridem.

551 3302 643 3345 tab.
667 3303 786 3345 xxl.
844 3302 978 3345 Vario
1015 3302 1147 3345 modo
1184 3301 1405 3356 explicant
1435 3299 1521 3343 viri
1551 3301 1699 3352 docti3
1739 3299 1798 3343 cf.
1827 3312 1942 3355 quae
1973 3297 2077 3340 Otto

549 3372 664 3415 Iahn
705 3372 750 3415 in
797 3373 974 3428 ephem.
1004 3373 1088 3416 litt.
1114 3373 1236 3416 Hau.
1274 3370 1377 3415 anni
1415 3370 1542 3414 1842.
1570 3386 1692 3415 num.
1718 3370 1787 3414 87.
1816 3384 1861 3426 ι).
1889 3367 1959 3412 86.
1987 3367 2079 3412 ‹lie-

550 3442 700 3487 seruit.
