2170 3866
886 291 1005 348 431

101 436 166 491 ἐν
193 440 261 504 τῇ
280 430 444 503 Ἕλλη
478 436 666 500 (scribe
709 437 986 505 Ῥψιπύλῃ)
1031 435 1062 490 ὁ
1107 435 1227 497 υίὸς
1270 435 1370 504 τὴν
1414 435 1611 504 μητέρα
1643 435 1779 491 ἐκδι-

24 574 29 581 *
103 518 263 572 δόναι
306 514 514 584 μέλλων
555 516 934 583 ἄνεγνώρισεν,
981 534 1080 583 quo
1126 521 1189 568 de
1234 518 1344 568 loco
1389 526 1528 570 recte
1568 519 1780 571 Valcke-

102 603 267 653 narius
301 617 349 666 p.
386 603 465 648 59.
503 601 782 664 suspicatus
809 605 889 647 est
924 598 1224 664 Euripidem
1253 599 1459 647 alicuius
1496 601 1780 666 tragoediae

102 683 406 732 mentionem
440 679 491 727 in
529 680 725 728 nomine
745 672 904 745 ’Ἑλλῃ
941 678 1201 727 manifesto
1238 687 1472 742 corrupto
1496 679 1667 740 latere,
1699 697 1779 731 er-

104 763 237 812 ravit
259 766 439 819 autem,
477 761 605 823 quod
635 750 881 824 Ἀντιόπῃ
918 760 1309 807 substituendum
1331 760 1538 824 putavit,
1573 776 1670 824 quo
1699 777 1781 810 ca-

103 848 219 907 ptus
270 856 439 889 errore
489 840 730 902 quaedam
777 841 906 889 illius
957 839 1240 901 tragoediae
1290 839 1564 903 fragmenta
1611 856 1781 905 parum

103 927 244 971 recte
298 922 646 983 interpretatus
695 917 848 984 est*).
932 919 1286 984 copiosissime
1326 920 1426 968 fata
1482 919 1784 985 Hypsipyles

104 1001 366 1050 illustravit
412 999 600 1049 Statius
645 1000 694 1048 in
728 999 1014 1049 Thebaidos
1061 999 1145 1048 lib.
1181 998 1267 1052 IV.
1302 998 1364 1049 V.
1399 1006 1449 1048 et
1484 997 1594 1057 Vl„
1645 1001 1783 1050 cuius

104 1081 320 1131 narratio
366 1095 515 1143 quum
552 1085 604 1128 et
647 1096 758 1128 cum
807 1081 868 1128 iis
917 1096 1042 1142 quae
1077 1080 1457 1128 commemoravi
1492 1080 1783 1130 testimoniis

105 1167 158 1210 et
192 1177 303 1210 cum
338 1160 659 1222 fragmentis,
696 1176 820 1223 quae
856 1160 1055 1224 quidem
1092 1160 1386 1224 paucissima
1420 1168 1691 1222 servantur,
1725 1175 1787 1210 ex

104 1240 316 1289 maxima
350 1246 494 1304 parte
542 1240 612 1287 ita
656 1246 922 1304 congruat,
972 1246 1027 1288 ut
1070 1241 1291 1304 singulae
1335 1241 1564 1288 dramatis
1609 1254 1787 1288 scenae

104 1321 154 1370 in
189 1320 405 1369 carmine
443 1319 548 1367 eius
585 1320 751 1367 redire
777 1320 1053 1379 videantur,
1087 1320 1220 1368 iilum
1246 1335 1360 1367 esse
1378 1319 1616 1385 Euripide
1641 1334 1787 1368 usum

106 1404 312 1448 auctore
347 1397 665 1447 manifestum
702 1402 793 1447 est.
861 1394 1193 1463 Hunc'igitur
1230 1404 1459 1463 tanquam
1496 1399 1671 1448 ducem
1707 1414 1787 1449 se-

103 1494 259 1543 quens
320 1477 530 1543 disiecta
589 1479 814 1526 membra
879 1482 1055 1542 poetae
1110 1478 1318 1527 collecta
1371 1478 1557 1527 theatri
1598 1478 1786 1541 legibus

105 1559 179 1608 sic
212 1558 590 1607 accommodare
623 1560 854 1619 conabor,
901 1564 955 1606 ut
988 1558 1205 1623 speciem
1242 1558 1381 1622 quasi
1413 1558 1609 1608 fabulae
1639 1557 1787 1606 Euri-

103 1638 299 1704 pidem,
335 1638 531 1701 qualem
567 1638 723 1686 fuisse
755 1644 892 1702 puto,
930 1639 1123 1703 possint
1158 1637 1367 1687 referre.

235 1717 432 1777 LocuS,
481 1734 577 1782 quo
623 1734 706 1767 res
756 1725 986 1781 agantur,
1024 1719 1226 1783 fingitur
1271 1734 1383 1767 esse
1427 1732 1584 1783 prope
1624 1733 1651 1766 a
1686 1715 1786 1765 Ne-

106 1795 329 1860 mea**).
411 1797 613 1856 Prodit,
664 1798 749 1861 qui
796 1814 878 1845 res
928 1804 977 1846 et
1011 1799 1327 1847 intricaturus
1373 1803 1423 1846 et
1456 1797 1786 1861 explicaturus

107 1882 201 1939 est,
238 1893 267 1925 e
304 1884 437 1925 terra
472 1876 688 1926 Thracia
721 1878 921 1927 veniens
953 1878 1205 1925 Bacchus:

240 1954 531 2016 Διόνυσος,
568 1956 627 2016 ὃς
660 1955 912 2020 θύρσοισι
946 1954 1034 2008 καὶ
1066 1956 1278 2020 νεβρῶν
1310 1953 1495 2020 δοραῖς

235 2034 512 2097 καθαπτὸς
547 2033 607 2087 ἐν
641 2037 885 2089 πεύκαισι
921 2038 1214 2104 Παρνασὸν
1244 2035 1377 2087 κάτα

237 2117 385 2185 πηδᾷ
417 2118 654 2184 χορεύων
687 2119 982 2184 παρθένοις
1015 2113 1116 2170 σὺν
1149 2113 1553 2181 Δελφίσιν***).

107 2197 205 2260 Qui
239 2215 352 2248 cum
389 2200 637 2264 ingentem
670 2203 940 2250 exercitum
990 2204 1080 2250 sub
1116 2206 1307 2265 septem
1344 2199 1524 2245 ducum
1557 2196 1790 2261 auspiciis

109 2279 173 2327 ad
208 2279 587 2344 oppugnandam
622 2281 794 2329 urbem
829 2282 1020 2329 videret
1054 2282 1146 2330 sibi
1183 2294 1342 2326 caram
1367 2277 1634 2341 proficisci,
1669 2292 1789 2326 nec-

109 2358 230 2408 dum
268 2358 471 2407 Thebas
507 2359 566 2407 ad
602 2360 816 2408 ineunda
853 2360 1120 2408 certamina
1153 2362 1348 2424 paratas
1383 2373 1497 2406 esse

242 2438 423 2504 (Isque
456 2439 549 2487 ubi
576 2440 832 2505 pulverea
871 2439 1105 2489 Nemeen
1140 2441 1389 2504 effervere
1422 2437 1556 2485 nube

244 2517 507 2583 Conspicit
545 2525 595 2567 et
628 2520 785 2568 solem
820 2518 984 2568 radiis
1020 2522 1287 2584 ignescere
1306 2516 1462 2581 ferri,

244 2596 488 2646 Necdum
524 2601 827 2665 compositas
862 2599 986 2647 belli
1018 2600 1071 2646 in
1107 2597 1393 2647 certamina
1431 2592 1744 2660 Thebas-10),

110 2693 282 2728 morae
325 2677 611 2728 inferendae
657 2696 828 2728 caussa
864 2679 1160 2741 (nectam
1195 2676 1428 2724 fraude
1473 2690 1708 2734 moras,
1743 2689 1785 2723 v.

110 2759 248 2820 67⁸1.)
260 2796 275 2820 ‚
320 2757 487 2806 fontes
535 2774 707 2808 omnes
742 2765 944 2824 praeter
976 2774 1125 2807 unum
1162 2757 1421 2806 adiuvante
1455 2755 1573 2804 solis
1609 2754 1787 2804 ardore

172 2924 222 2978 ἕ)
253 2922 320 2966 Cf.
353 2923 640 2966 Welckcrum
671 2940 712 2980 p.
742 2925 838 2968 828.

141 2993 219 3049 9⁵²⁸⁵)
256 2994 305 3035 In
346 2995 588 3049 amphora,
620 3008 754 3049 quam
784 2995 1158 3046 commemoravi,
1188 3007 1217 3037 a.
1246 2994 1401 3036 dextra
1430 2992 1608 3035 aedium
1635 2991 1786 3048 regia-

252 3078 354 3105 rum
395 3069 522 3118 parte
559 3067 760 3120 nympha
788 3067 877 3108 loci
916 3082 1017 3109 cum
1046 3067 1152 3108 Iove
1181 3065 1407 3107 Nemeaeo
1438 3066 1714 3118 colloquens,
1758 3075 1786 3105 a

252 3133 430 3177 sinistra
458 3134 666 3176 Bacchus
705 3150 805 3178 cum
846 3142 996 3193 satyro
1038 3136 1191 3178 vinum
1233 3135 1365 3177 calici
1402 3138 1609 3190 porrecto
1638 3132 1784 3175 infun-

253 3205 383 3247 dente
413 3203 750 3259 conspiciuntur.
795 3207 972 3249 Lucian.
991 3208 1045 3249 de
1077 3208 1220 3248 saltat.
1241 3208 1279 3258 §.
1300 3203 1380 3247 44:
1413 3203 1492 3248 καὶ
1521 3202 1579 3247 τὰ
1612 3203 1660 3247 ἐν
1691 3205 1784 3248 Νε-

252 3275 341 3332 μέᾳ
370 3273 420 3318 δὲ
451 3269 479 3330 ἡ
512 3273 744 3332 Ὑψιπύλη
772 3277 851 3320 καὶ
879 3274 1146 3335 Ἀρχέμορος.

117 3345 223 3398 ***)
258 3346 398 3389 Recte
427 3344 616 3388 coniecit
643 3347 812 3389 welch.
849 3347 923 3390 his
957 3345 1250 3404 praecessisse
1291 3358 1472 3389 versum
1500 3357 1657 3397 unum,
1702 3354 1783 3383 cu-

250 3415 320 3458 iun
348 3417 438 3458 hoc
466 3420 582 3459 esset
606 3416 802 3461 initium:
831 3413 930 3473 ἥκω
958 3416 1072 3469 Διὸς
1098 3420 1210 3468 παῖς
1236 3418 1309 3459 vc!
1338 3413 1436 3472 ἥκω
1465 3412 1623 3458 λιπών.

166 3483 219 3538 †)
248 3486 358 3530 Stat.
391 3487 461 3541 ιν,
494 3484 589 3529 664.
