2202 3892
1200 302 1320 361 248

558 449 630 498 De
657 447 750 497 hac
775 446 1040 496 didascalia
1066 447 1290 498 universa
1316 449 1485 499 subtili
1508 450 1853 505 dissertatione
1874 457 2103 522 exposuit

426 528 639 579 Schoell.
670 546 718 594 p.
739 530 1000 591 39—124„
1031 544 1190 594 neque
1217 530 1394 591 solum,
1432 547 1525 595 qua
1538 548 1703 582 rerum
1720 536 2099 586 sententiarum-

427 625 523 674 que
546 609 915 658 necessitudine
934 609 1153 673 singulae
1173 610 1368 659 fabulae
1389 611 1516 660 inter
1532 627 1587 661 se
1611 612 1804 663 iunctae
1826 616 2103 680 quibusque

428 689 614 738 artibus
661 689 720 736 ab
773 689 1041 753 Euripide,
1093 705 1153 737 ne
1201 691 1418 739 studium
1465 699 1795 756 spectatorum
1829 694 2103 761 langueret,

424 773 748 834 prospectum
784 769 993 827 fuisset,
1039 770 1305 834 explicuit,
1343 770 1428 818 sed
1467 772 1610 820 etiam
1647 772 1891 836 quomodo
1919 774 1988 822 ad
2021 790 2102 824 res

424 848 545 898 belli
591 849 823 912 domique
868 849 926 896 ab
973 849 1354 897 Atheniensibus
1403 850 1483 898 illo
1530 857 1755 916 tempore
1788 858 1955 918 gestas
1989 869 2106 919 per-

424 929 699 990 tinuissent,
745 935 793 976 et
829 944 974 990 quam
1010 928 1161 975 multa
1196 928 1256 976 iis
1291 928 1554 979 infuissent
1590 931 1650 978 ad
1688 931 1955 994 docendos,
1991 948 2103 982 mo-

425 1007 613 1058 nendos
650 1007 1064 1072 castigandosque
1099 1009 1228 1056 cives
1265 1014 1394 1072 apta,
1432 1010 1692 1059 ostendere
1728 1011 1934 1060 studuit.
2000 1011 2101 1061 Lu-

424 1088 559 1138 brica
607 1094 685 1136 est
734 1088 956 1152 quaestio
1007 1087 1069 1135 de
1116 1089 1463 1143 similitudine,
1514 1106 1629 1153 qua
1657 1090 1776 1139 ficta
1826 1090 2104 1141 fabularum

426 1174 711 1233 argumenta
747 1167 807 1216 ad
844 1168 1212 1232 exprimendam
1248 1169 1510 1234 imaginem
1558 1185 1760 1230 eorum,
1809 1187 1935 1235 quae
1968 1178 2107 1234 gesta

427 1254 560 1305 sunt,
597 1247 901 1296 conformata
936 1247 1051 1308 sint,
1105 1255 1371 1310 propterea
1406 1250 1535 1312 quod
1574 1247 1775 1299 fortuita
1809 1266 1836 1298 a
1866 1250 2105 1314 quaesitis

426 1328 729 1390 distinguere
777 1327 983 1375 difficile
1032 1332 1122 1375 est.
1195 1327 1438 1389 Quocirca
1481 1336 1623 1378 caute
1659 1336 1711 1379 et
1745 1326 2107 1395 circumspecte

423 1407 471 1455 in
506 1408 604 1455 hoc
639 1409 845 1456 arbitror
879 1422 1058 1471 genere
1092 1407 1381 1455 versandum
1418 1424 1544 1468 esse,
1584 1415 1729 1472 atque
1755 1410 1995 1473 imprimis
2029 1408 2104 1457 di-

425 1487 639 1553 ligenter
683 1487 1038 1551 reputandum,
1100 1487 1216 1551 quid
1267 1488 1528 1550 postularit
1585 1488 1858 1538 fabularum
1910 1493 2101 1548 natura,

428 1568 546 1632 quid
595 1567 900 1616 concesserit
946 1571 997 1614 et
1048 1567 1187 1631 quasi
1232 1569 1370 1615 venia
1420 1568 1533 1616 data
1568 1567 1838 1616 admiserit.
1905 1567 2105 1617 Etenim

427 1663 540 1696 cum
592 1649 746 1706 haec,
799 1648 843 1694 si
894 1663 1059 1695 rerum
1107 1648 1457 1710 hominumque
1505 1654 1750 1696 certorum
1800 1647 2018 1713 speciem
2052 1651 2106 1696 et

427 1728 570 1790 quasi
600 1728 803 1776 -vultum
840 1726 1091 1788 referant,
1140 1727 1236 1774 illis
1287 1728 1654 1775 accommodata
1700 1743 1813 1776 esse
1860 1727 2005 1776 facile
2039 1726 2105 1775 sit

425 1805 715 1864 intellectu,
759 1813 863 1855 tum
912 1807 994 1854 illa
1043 1823 1136 1855 non
1172 1823 1322 1870 posse
1367 1807 1460 1856 nisi
1495 1807 1553 1855 ad
1607 1808 1880 1856 universam
1931 1806 2107 1872 agendi

426 1887 662 1935 rationem
710 1902 1049 1950 summamque
1112 1902 1275 1935 rerum
1339 1889 1589 1951 pertinere
1652 1887 1966 1936 manifestum
2013 1891 2105 1935 est.

427 1965 540 2014 Hoc
574 1982 768 2031 quoque
804 1967 1073 2015 cavendum
1110 1972 1218 2028 est,
1266 1982 1327 2015 ne
1371 1967 1577 2015 eandem
1613 1967 1832 2016 imitandi
1866 1967 2104 2014 rationem

427 2046 739 2109 tragoediae,
794 2063 938 2110 quam
975 2047 1288 2108 comoediae,
1337 2047 1600 2095 convenire
1635 2054 1880 2112 putemus.
1946 2045 2104 2094 Huius

430 2125 561 2174 enim
607 2134 780 2174 natura
826 2126 951 2174 haec
1000 2132 1106 2186 est,
1155 2132 1209 2174 ut
1257 2127 1441 2190 singula
1477 2143 1703 2191 quaeque
1739 2143 1800 2175 ex
1834 2126 1932 2174 vita
1967 2140 2103 2173 com-

427 2204 562 2254 muni
609 2211 804 2268 arrepta
853 2205 900 2252 in
950 2221 1145 2252 scenam
1195 2206 1436 2268 producat
1482 2212 1532 2253 et
1566 2222 1709 2268 quam
1745 2205 1956 2252 maxime
1987 2217 2104 2267 pro-

428 2285 564 2349 prias
599 2300 762 2332 rerum
798 2283 1168 2346 hominumque,
1210 2298 1332 2346 quos
1368 2284 1664 2331 deridendos
1698 2283 1945 2347 proponit,
1978 2282 2103 2330 ima·

427 2366 567 2431 gines
620 2363 845 2427 effingat:
883 2363 1012 2426 quod
1050 2361 1218 2410 facere
1252 2362 1500 2426 indignum
1538 2369 1616 2410 est
1648 2362 1930 2426 tragoedia,
1968 2377 2104 2410 com-

428 2445 595 2494 munia
641 2449 787 2507 atque
835 2441 1126 2490 universalia
1174 2447 1412 2506 sequente
1460 2447 1509 2490 et
1552 2442 1691 2504 quasi
1733 2441 1921 2494 ratione
1955 2442 2105 2489 ducta

429 2540 671 2574 summam
716 2539 913 2581 eorum,
965 2537 1090 2584 quae
1143 2537 1204 2571 ex
1261 2521 1675 2585 contemplatione
1720 2520 2104 2585 computatione-

430 2622 527 2670 que
571 2620 737 2653 rerum
788 2602 995 2651 collecta
1042 2607 1178 2661 sunt,
1226 2617 1335 2650 cum
1383 2601 1526 2663 vulgo
1577 2601 1984 2649 communicante.
2051 2599 2106 2648 In

426 2684 525 2733 hoc
568 2684 717 2748 igitur
748 2699 945 2749 genere
988 2683 1187 2730 modum
1223 2681 1498 2730 excessisse
1533 2681 1651 2729 mihi
1687 2680 1900 2751 Schoell.
1936 2684 1986 2727 et
2020 2678 2105 2743 qui

429 2781 541 2812 eum
589 2769 791 2812 secutus
840 2768 917 2810 est
953 2762 1133 2810 Planci<
1187 2760 1410 2808 videntur
1445 2766 1496 2809 et
1531 2761 1666 2825 plura
1703 2759 1938 2823 suspicati
1973 2774 2102 2819 esse,

430 2861 573 2907 quam
609 2843 771 2892 liceat.
841 2842 964 2891 Nam
1001 2858 1062 2890 ne
1096 2841 1283 2902 longius
1319 2841 1365 2888 in
1402 2841 1727 2904 comparando
1764 2837 2103 2903 procedamus,

430 2922 705 2970 Palamedis
756 2923 984 2985 exemplo
1021 2937 1304 2979 monemur,
1353 2920 1491 2967 cuius
1528 2912 1686 2968 morte
1720 2919 1935 2967 Socratis
1970 2932 2100 2965 mor-

433 3007 534 3050 tem
571 3003 936 3067 repraesentari
974 3002 1121 3049 etiam
1156 3007 1374 3047 veterum
1413 3000 1608 3063 quidam
1647 3000 1806 3046 minus
1841 2997 2102 3060 diligentes

433 3082 771 3138 affirmarunt,
821 3081 1038 3144 quamvis
1087 3080 1231 3143 longe
1267 3086 1407 3138 ante,
1459 3095 1602 3142 quam
1639 3078 1866 3126 Socrates
1903 3075 2103 3122 damna-

433 3168 602 3220 retur,
651 3161 868 3210 fabulam
926 3160 1159 3224 scriptam
1211 3174 1322 3206 esse
1370 3163 1632 3207 constaret.
1712 3156 1793 3204 Sic
1845 3153 2103 3218 Deiphobi,

434 3242 515 3306 qui
555 3240 649 3290 fuit
682 3241 733 3289 in
757 3240 1019 3289 Alexandri
1055 3238 1236 3296 fabula,
1273 3253 1365 3284 non
1400 3239 1619 3285 moribus
1654 3238 1856 3294 tantum,
1893 3232 1979 3280 sed
2015 3248 2103 3282 no-

432 3321 551 3368 mini
602 3336 793 3384 quoque
840 3316 1227 3383 (δεισιδαίμονα
1284 3318 1411 3365 enim
1474 3314 1740 3381 significat)
1803 3312 2101 3360 notationem

430 3400 614 3464 ingenii
660 3399 826 3448 Niciae
858 3401 1021 3448 inesse
1078 3412 1251 3462 posses
1320 3396 1574 3460 suspicari.
1643 3393 1743 3442 Sed
1779 3393 1923 3440 etiam
1958 3396 2104 3453 atque

434 3481 585 3530 etiam
622 3480 892 3528 cavendum
929 3483 1029 3541 est,
1079 3493 1141 3527 ne
1175 3475 1474 3526 notationem
1521 3488 1711 3524 morum
1755 3472 2103 3534 hominumque
