2124 3860
1089 287 1212 345 3⁰8

325 445 375 490 et
407 436 700 501 tragicorum
734 434 897 498 trium,
932 434 1017 500 qui
1048 435 1298 500 principes
1332 433 1593 494 habentur,
1628 435 1763 486 solus
1797 436 1999 503 Euripi-

325 521 413 569 des
448 517 563 565 huic
595 517 668 564 rei
704 515 908 564 idoneus
947 515 1105 563 fuisse
1139 515 1352 564 videtur.

452 595 630 645 Oreste
680 612 790 644 cum
826 595 1012 659 Pylade
1061 612 1089 643 e
1123 595 1324 643 latebris
1361 594 1663 658 prodeunte,
1698 601 1845 662 pavet
1877 595 1999 645 Ele·

326 681 432 725 ctra
465 693 493 724 a
526 676 793 724 latronibus
829 691 884 724 se
919 691 1203 740 oppressam
1240 680 1445 739 putans:
1482 674 1563 738 qui
1598 691 1749 737 pavor
1781 676 1828 724 in
1855 675 1999 724 laeti-

324 757 438 804 tiam
475 759 704 814 mutatur,
740 755 825 804 ubi
859 756 942 803 ille
976 772 1030 803 se
1064 754 1287 803 nuntium
1329 754 1451 801 dixit
1484 755 1544 802 ab
1580 754 1759 803 Oreste
1798 755 2001 803 missum

324 836 535 884 venisse.
619 835 809 883 Deinde
853 835 1035 898 partim
1081 834 1279 881 alternis
1323 835 1546 883 versibus
1594 835 1655 883 ad
1705 835 2003 898 interrogata

324 915 632 979 respondens
667 915 845 979 partim
882 915 1110 962 continua
1143 921 1286 962 utens
1335 915 1611 963 narratione
1654 920 1706 963 et
1740 915 1803 962 de
1837 929 2002 962 rerum

326 1001 455 1043 statu
493 1001 542 1042 et
567 992 650 1041 'de
693 1011 779 1042 sua
814 994 1063 1042 voluntate
1097 995 1346 1051 nuntium,
1397 1010 1545 1057 quem
1581 999 1748 1059 putat,
1797 994 2003 1042 edocet:

324 1075 374 1123 in
410 1074 639 1136 squalore
674 1090 729 1122 se
763 1082 911 1137 atque
947 1078 1169 1136 egestate
1204 1074 1404 1138 degere,
1441 1081 1691 1123 carentem
1714 1073 1859 1122 festis
1883 1073 2005 1121 cho-

323 1154 550 1216 reisque,
597 1169 759 1216 neque
805 1161 1136 1202 matronarum
1186 1169 1346 1216 neque
1392 1154 1631 1216 virginum
1678 1169 1885 1203 numero
1920 1151 2007 1200 ad-

327 1234 590 1297 scriptam,
627 1232 880 1293 Castoris‚
916 1234 994 1282 cui
1030 1233 1276 1297 desponsa
1310 1233 1494 1288 fuerit,
1534 1234 1774 1282 connubio
1808 1233 2007 1282 frauda-

327 1319 455 1371 tam3
502 1319 707 1360 matrem
743 1318 906 1361 autem
943 1313 1071 1361 inter
1105 1313 1263 1377 spolia
1315 1312 1529 1377 Phrygia
1574 1306 1786 1362 Asiatica
1820 1312 2008 1362 luxuria

327 1392 689 1449 circumfluere,
727 1393 881 1457 patris
918 1409 1094 1442 cruore
1127 1409 1218 1455 per
1252 1396 1382 1440 tecta
1419 1398 1763 1456 putrescente3
1811 1392 2007 1441 adulte-

325 1487 434 1520 rum
471 1478 720 1534 sceptrum
756 1470 1006 1518 interfecti
1041 1476 1090 1517 et
1125 1486 1323 1518 currum
1360 1472 1612 1530 obtinere3
1661 1487 1842 1535 corpus
1877 1473 2007 1534 Aga-

327 1550 603 1600 memnonis
638 1551 848 1597 eiectum
884 1549 1212 1613 obrutumque
1245 1550 1455 1598 necdum
1491 1550 1735 1600 libaminis
1757 1567 1850 1600 nec
1874 1567 2008 1615 myr-

329 1636 490 1680 torum
525 1645 688 1692 neque
722 1630 869 1677 ullius
904 1629 1105 1677 honoris
1141 1630 1429 1695 participem
1462 1646 1604 1690 esse;
1639 1631 1831 1679 tumulo
1875 1647 2007 1692 eum,

330 1712 414 1773 qui
449 1709 719 1766 occiderit,
759 1709 995 1756 insultare
1030 1712 1081 1756 et
1115 1709 1392 1772 petulanter
1426 1711 1554 1758 dicta
1588 1710 1635 1758 in
1672 1710 1902 1759 Orestem
1935 1711 2007 1759 ia-

330 1791 522 1840 ctitare.
589 1788 731 1836 Haec
765 1787 969 1836 audiens
1003 1787 1272 1851 vidensque
1299 1789 1505 1838 Orestes
1538 1790 1719 1854 partim
1747 1780 2010 1838 miseretur

332 1870 519 1918 sororis
567 1869 747 1933 partim
784 1868 969 1931 gaudet
1001 1876 1227 1931 paratum
1275 1870 1381 1918 eius
1429 1870 1491 1918 ad
1537 1870 1875 1919 ulciscendum
1908 1870 2011 1918 ani-

330 1966 465 1998 mum
501 1962 821 2013 cognoscens.
890 1946 1090 1996 Etenim
1125 1948 1208 1996 illa
1241 1950 1369 1997 mori
1404 1965 1459 1998 se
1494 1950 1622 1998 velle
1658 1949 1742 2011 ait,
1779 1951 1861 1998 ubi
1895 1965 2010 1999 san-

330 2029 526 2092 guinem
563 2027 732 2075 matris
769 2026 1027 2088 effuderit3
1064 2028 1287 2077 manibus
1323 2036 1373 2078 et
1407 2029 1569 2094 lingua
1604 2035 1655 2079 et
1679 2036 1860 2092 mente,
1897 2028 2012 2094 quin

333 2109 477 2157 etiam
525 2106 803 2156 deformata
850 2107 1071 2170 corporis
1122 2109 1289 2173 specie
1323 2115 1372 2158 et
1407 2111 1569 2175 capite
1603 2125 1713 2158 raso
1749 2125 1918 2171 orare,
1953 2114 2013 2158 ut

331 2187 528 2236 tandem
572 2185 832 2248 aliquando
869 2185 1074 2235 Orestes
1117 2190 1401 2247 subveniat,
1452 2194 1507 2237 ut
1551 2206 1698 2237 unum
1744 2190 2010 2248 hominem,

332 2281 483 2329 quum
520 2264 582 2312 sit
614 2265 744 2312 filius
780 2265 905 2322 eiuS,
941 2266 1023 2328 qui
1059 2266 1260 2315 Troiam
1295 2268 1551 2328 deleverit,
1586 2269 1786 2316 minime
1819 2273 2011 2333 paveat.

331 2344 535 2394 Interim
582 2360 729 2408 quum
764 2344 979 2393 redisset
1028 2345 1261 2403 colonu8‚
1311 2347 1549 2408 edoctus,
1600 2347 1794 2411 quinam
1844 2351 2013 2396 essent

332 2424 585 2490 peregrini
618 2430 668 2473 et
703 2424 842 2474 cuius
868 2424 943 2472 rei
972 2441 1143 2474 caussa
1177 2426 1441 2485 venissent,
1478 2427 1660 2489 statim,
1697 2428 1913 2490 quamvis
1949 2427 2013 2476 sit

335 2520 545 2568 egenus,
595 2505 645 2551 in
681 2505 880 2552 domum
917 2520 1001 2552 eos
1036 2505 1174 2554 iubet
1207 2521 1317 2554 cum
1353 2505 1641 2570 pedisequis
1676 2508 1888 2565 intrare,
1935 2511 2013 2564 ut,

335 2591 565 2647 quantum
600 2584 744 2643 valet,
780 2584 1090 2648 hospitaliter
1124 2586 1351 2649 excipiat.
1420 2586 1565 2635 Amat
1592 2578 1762 2635 noster
1785 2585 2013 2635 homines

337 2663 580 2711 eiusmodi
611 2663 863 2722 inducere,
901 2680 1107 2727 quorum
1130 2681 1191 2712 ex
1217 2666 1435 2714 moribus
1457 2666 1757 2730 intelligatur
1779 2667 2013 2714 virtutem

334 2759 495 2805 neque
545 2760 573 2791 a
622 2745 877 2793 nobilitate
925 2759 1086 2807 neque
1132 2746 1191 2793 ab
1239 2744 1414 2808 opibus
1464 2761 1626 2809 neque
1672 2762 1700 2794 a
1747 2760 2011 2810 corporum

333 2822 568 2871 firmitate
614 2839 773 2887 neque
817 2824 877 2872 ab
922 2822 1019 2871 ulla
1064 2839 1120 2871 re
1163 2826 1369 2873 externa
1416 2826 1668 2890 pendere,
1717 2840 1862 2888 quam
1897 2839 2013 2872 sen-

334 2901 538 2949 tentiam
584 2903 678 2950 hoc
710 2903 818 2950 loco
854 2903 1053 2951 uberius
1089 2903 1329 2965 explicat;
1381 2921 1538 2968 eaque
1588 2905 1729 2953 valde
1763 2909 1815 2953 et
1846 2903 2013 2967 philo-

334 2980 540 3042 sophica
575 2988 626 3030 et
661 2983 913 3047 popularis
947 2987 1051 3030 est:
1087 2982 1198 3042 „En
1235 2985 1508 3046 unquam,''
1551 2985 1735 3048 inquit,
1770 2981 2012 3045 „sapietis

334 3060 419 3121 qui
464 3060 514 3108 in
554 3062 835 3125 opinionum
880 3061 1207 3127 perversitate
1254 3065 1543 3123 versamini,
1594 3070 1643 3111 et
1687 3062 1885 3111 tandem
1922 3061 2011 3108 ali-

335 3140 527 3201 quando
563 3156 625 3188 ex
656 3141 754 3188 vita
788 3158 847 3191 ac
881 3142 1099 3190 moribus
1125 3142 1451 3191 aestimabitis
1482 3141 1830 3192 honestatem‘!
1865 3132 2010 3188 Eius-

333 3219 469 3265 modi
502 3221 629 3267 enim
666 3221 888 3270 homines
924 3223 1048 3270 bene
1084 3226 1133 3267 et
1167 3223 1518 3286 rempublicam
1564 3227 1614 3271 et
1649 3221 1820 3270 domos
1853 3220 2010 3268 admi·

332 3296 569 3358 nistrant,
610 3314 815 3363 corpora
847 3316 965 3349 vero
999 3299 1080 3346 illa
1115 3300 1301 3349 ratione
1334 3318 1486 3351 vacua
1521 3307 1711 3350 statuae
1747 3304 1860 3347 sunt
1892 3299 2008 3357 fori,

331 3376 604 3439 eademque
639 3395 699 3426 ne
735 3380 782 3426 in
813 3379 1011 3443 proeliis
1048 3378 1243 3441 quidem
1267 3380 1464 3441 fortius,
1502 3396 1643 3444 quam
1672 3378 2008 3437 imbecilliora,

328 3452 549 3504 hostium
605 3457 844 3520 impetum
904 3457 1197 3507 sustinent.''
1280 3458 1420 3509 Talia
1477 3459 1700 3509 docendo
1744 3457 2011 3522 Euripides
