2170 3848
1153 259 1233 314 34

361 415 438 459 est
471 413 758 472 poetarum,
810 404 898 453 sed
935 404 1266 464 medicorum,
1303 403 1384 466 qui
1417 405 1531 453 talia
1566 414 1762 466 curant,
1798 407 2037 463 officium.

362 490 491 550 Quin
527 488 674 535 etiam
710 500 873 532 earum
902 500 1083 541 rerum,
1120 499 1323 546 quarum
1351 484 1487 547 origo
1514 501 1619 542 eoS,
1659 489 1742 551 qui
1768 477 2038 553 patiuntur,

361 567 507 632 fugit,
542 567 642 614 sive
665 580 850 625 earum,
887 579 1011 626 qnae
1042 563 1223 627 ignaris
1248 564 1514 628 invitisque
1540 566 1783 628 accidunt,
1812 572 2040 617 auctores

364 663 476 696 esse
501 646 571 694 dii
594 645 931 710 perhibentur.
979 643 1310 704 Quamobrem
1346 650 1514 692 noster
1548 645 1671 694 deos
1694 662 1790 696 non
1815 646 1878 698 ad
1904 646 2040 696 furo-

363 742 467 774 rem
495 730 701 784 tantum,
739 725 824 771 sed
858 724 918 771 ad
943 738 1159 772 amorem
1198 740 1396 788 quoque
1421 724 2040 776 vehementiorem-animis

363 805 642 854 mortalium
677 802 990 850 iniiciendum
1028 803 1077 850 iri
1114 819 1310 852 scenam
1346 804 1551 852 induxit.

495 885 676 932 Somno
712 882 898 930 solutus
935 881 1179 930 Hercules
1215 889 1267 931 et
1300 884 1536 932 liberatus
1563 883 1751 942 furore,
1784 883 2041 949 paullatim

364 981 420 1014 se
453 965 687 1027 colligens
723 978 783 1009 ex
812 962 988 1007 mentis
1015 963 1384 1026 perturbatione
1408 964 1612 1012 miratur
1647 979 1703 1011 se
1733 964 1794 1012 ad
1829 964 2042 1014 fractam

363 1045 636 1093 columnam
683 1041 890 1087 vinculis
930 1041 1187 1104 religatum
1223 1043 1349 1091 inter
1384 1058 1591 1106 corpora
1625 1044 1927 1092 mortuorum
1963 1060 2042 1094 se-

364 1124 509 1181 dere,
565 1121 748 1184 sparsis
798 1121 933 1168 humi
978 1122 1166 1184 sagittis
1203 1123 1504 1185 iaculisque,
1547 1138 1668 1186 quas
1703 1128 1900 1185 gestare
1930 1123 2042 1188 ipse

363 1203 533 1252 soleat.
582 1200 851 1248 paullulum
887 1201 1095 1256 dubitat,
1132 1217 1191 1248 an
1226 1203 1274 1250 in
1293 1202 1555 1250 Tartarum
1584 1203 1840 1266 reciproco
1861 1203 2043 1252 itinere

363 1284 546 1332 relatus
583 1282 662 1328 sit.
708 1280 1123 1343 circumspiciens
1160 1281 1339 1330 deinde
1373 1284 1601 1341 amicum,
1637 1282 1719 1344 qui
1743 1281 1921 1330 mentis
1949 1282 2040 1331 du·

361 1363 646 1413 bitationem
695 1360 874 1419 solvat,
925 1361 1333 1424 Amphitruonem
1386 1363 1520 1410 videt
1553 1379 1647 1411 una
1682 1378 1791 1411 cum
1827 1362 1977 1411 choro
2012 1378 2043 1411 e

363 1442 564 1491 latebris
599 1441 944 1503 prodeuntem.
1011 1439 1056 1487 ls
1093 1448 1383 1491 cunctanter
1417 1443 1623 1506 propius
1651 1442 1860 1500 accedit,
1896 1441 2039 1491 dubi-

361 1528 521 1570 tanter
547 1520 734 1567 vincula
762 1519 925 1577 solvit,
960 1520 1211 1584 paullatim
1238 1521 1300 1570 de
1325 1522 1685 1571 calamitatibus
1710 1522 2042 1571 sciscitantem

365 1602 556 1649 edocet.
627 1599 845 1661 Cognitis
881 1599 959 1657 iis,
997 1617 1121 1663 quae
1157 1604 1384 1664 patravit,
1421 1602 1663 1650 Hercules
1699 1617 1797 1650 nou
1831 1601 2042 1665 amplius

363 1681 458 1728 sibi
492 1680 769 1736 vivendum,
806 1679 893 1727 sed
931 1687 1088 1728 morte
1123 1696 1213 1728 sua
1248 1681 1448 1730 caedem
1485 1682 1752 1730 liberorum
1780 1681 2042 1744 uxorisque

363 1756 650 1824 expiandam
688 1774 802 1806 esse
831 1760 1033 1807 statuit:
1071 1760 1199 1823 quod
1226 1761 1479 1808 consilium
1506 1762 1761 1824 quominus
1797 1775 2040 1825 exsequa-

364 1848 458 1893 tur,
493 1839 680 1887 Thesei
714 1825 925 1887 adventu
964 1840 1269 1902 prohibetur,
1307 1857 1402 1904 quo
1438 1841 1633 1904 quidem
1669 1845 1937 1904 conspecto
1969 1839 2039 1888 si-

365 1921 465 1968 mul
499 1919 689 1984 pudore
724 1926 905 1979 motus,
943 1919 1089 1966 simul
1123 1920 1358 1981 sanguine
1394 1922 1558 1968 caedis
1593 1921 1903 1968 innocentem
1934 1917 2041 1984 pol·

366 2001 505 2049 luere
539 2000 742 2058 nolens,
781 2006 929 2060 caput
963 1998 1193 2057 obvolvit,
1230 2015 1292 2046 ne
1326 2000 1386 2046 ab
1422 2000 1580 2046 amico
1614 1999 1964 2063 conspiciatur.

496 2079 683 2129 Thesei
726 2078 882 2143 gratia
927 2077 1168 2125 Hercules
1215 2078 1265 2126 in
1309 2094 1426 2126 orco
1472 2079 1658 2126 diutius
1709 2081 2041 2126 commoratus

367 2166 443 2208 est
480 2157 544 2223 (v.
570 2156 725 2218 613),
763 2173 888 2222 quae
923 2159 1268 2219 commoratio,
1306 2175 1453 2222 quum
1489 2165 1711 2206 mortuus
1746 2173 1859 2206 esse
1891 2162 2040 2222 puta-

366 2246 526 2295 retur,
572 2239 878 2286 occasionem
914 2237 1077 2285 attulit
1110 2237 1243 2302 Lyco
1287 2238 1424 2301 regni
1469 2237 1741 2302 occupandi
1773 2242 1826 2286 et
1859 2252 2040 2302 cogna-

367 2326 443 2367 tos
491 2318 722 2366 Herculis
771 2315 1116 2366 interficiendi.
1185 2317 1359 2382 Neque
1407 2317 1568 2365 minus
1614 2318 1788 2366 audaci
1819 2317 2041 2366 facinore

368 2398 522 2457 illum,
559 2414 701 2460 quam
738 2396 1033 2455 Cerberum,
1070 2413 1131 2444 ex
1165 2396 1336 2445 inferis
1370 2397 1590 2458 retraxit,
1623 2404 1679 2446 ut
1712 2397 1792 2460 qui
1826 2402 2040 2445 temera-

366 2478 442 2526 rio
478 2479 699 2534 consilio,
737 2476 1077 2540 Proserpinam
1113 2476 1310 2526 Plutoni
1347 2484 1637 2541 erepturuS,
1673 2493 1784 2525 cum
1815 2475 2042 2525 Pirithoo

366 2557 484 2605 illuc
521 2558 875 2624 descendisset.
962 2557 1184 2618 Aequum
1228 2557 1375 2621 igitur
1409 2557 1505 2605 fuit
1551 2562 1744 2621 partem
1788 2554 2043 2606 infortunii

369 2639 624 2701 suscipere
652 2653 783 2696 eum,
820 2636 905 2700 qui
932 2642 1124 2700 partem
1154 2638 1421 2685 sustineret
1445 2636 1631 2699 culpae.
1681 2635 1763 2684 Sic
1788 2642 2042 2700 postrema

370 2732 479 2764 cum
517 2718 688 2780 primis
723 2719 847 2765 bene
873 2732 1091 2764 connexa
1117 2725 1243 2775 sunt,
1279 2723 1335 2765 ut
1360 2732 1520 2778 neque
1541 2715 1679 2764 furor
1702 2722 1891 2764 temere
1913 2715 2041 2763 Her·

370 2796 468 2843 culi
503 2797 792 2844 immittatur
826 2812 987 2859 neque
1021 2795 1249 2844 Theseus
1295 2795 1506 2844 fortuito
1541 2797 1688 2844 rebus
1723 2796 1932 2860 perditis
1964 2794 2041 2843 iu-

369 2874 627 2922 terveniat.
696 2877 869 2939 Neque
917 2876 1073 2939 potuit
1113 2875 1255 2924 furor
1290 2875 1549 2941 HerculiS,
1600 2877 1693 2926 nisi
1738 2876 1818 2924 his
1853 2873 2040 2924 caussis

368 2970 635 3017 rerumque
679 2955 1093 3019 implicationibus
1125 2955 1264 3018 quasi
1299 2956 1772 3015 circumvestiretur,
1814 2954 1902 3004 ulli
1941 2959 2039 3002 tra-

368 3034 574 3095 goediae
609 3036 966 3083 construendae
1002 3036 1255 3084 materiam
1290 3036 1544 3099 praebere.
1612 3036 1906 3093 Horremus,
1943 3048 2039 3082 non

367 3113 690 3170 miseramur,
738 3115 1055 3163 furibundos:
1103 3115 1471 3163 vehementiore
1505 3116 1635 3164 enim
1670 3115 1850 3164 affectu
1884 3112 2041 3161 lenior

368 3186 583 3257 pellitur.
652 3194 763 3243 Non
806 3195 955 3259 igitur
996 3195 1139 3244 furor
1173 3195 1308 3260 ipse,
1355 3196 1483 3244 sicut
1515 3196 1619 3255 ira,
1666 3209 1802 3242 amor
1846 3199 1897 3240 et
1922 3192 2038 3241 reli-

370 3289 496 3336 quae
526 3275 950 3337 perturbationes,
986 3275 1172 3324 animos
1207 3281 1541 3339 spectatorum
1575 3281 1713 3324 recte
1744 3271 1915 3333 afficit,
1949 3270 2040 3320 sed

367 3367 450 3410 ea,
486 3370 610 3417 quae
645 3355 1039 3417 subsequuntur,
1076 3360 1356 3418 comparata
1391 3372 1502 3404 cum
1550 3355 1639 3414 iis,
1675 3368 1800 3417 quae
1833 3366 2038 3416 praece-

364 3431 501 3481 dunt.
569 3433 779 3498 Utrique
815 3436 943 3497 parti
978 3434 1339 3501 sapientissime
1374 3451 1403 3484 a
1434 3439 1582 3499 poeta
1613 3431 1890 3484 consultum
1925 3445 2039 3482 esse
