<?xml version="1.0" encoding="UTF-8"?>
<!DOCTYPE html PUBLIC "-//W3C//DTD XHTML 1.0 Transitional//EN"
    "http://www.w3.org/TR/xhtml1/DTD/xhtml1-transitional.dtd">
<html xmlns="http://www.w3.org/1999/xhtml" xml:lang="en" lang="en">
 <head>
  <title>
</title>
<meta http-equiv="Content-Type" content="text/html;charset=utf-8" />
  <meta name='ocr-system' content='tesseract 3.04.00' />
  <meta name='ocr-capabilities' content='ocr_page ocr_carea ocr_par ocr_line ocrx_word'/>
</head>
<body>
  <div class='ocr_page' id='page_1' title='image "./euripidesrestitu02hartuoft_0249.png"; bbox 0 0 2202 3892; ppageno 0'>
   <div class='ocr_carea' id='block_1_1' title="bbox 1052 263 1172 321">
    <p class='ocr_par' dir='ltr' id='par_1_1' title="bbox 1052 263 1172 321">
     <span class='ocr_line' id='line_1_1' title="bbox 1052 263 1172 321; baseline -0.008 0"><span class='ocrx_word' id='word_1_1' title='bbox 1052 263 1172 321; x_wconf 69' lang='lat'><strong>237</strong></span> 
     </span>
    </p>
   </div>
   <div class='ocr_carea' id='block_1_2' title="bbox 268 408 1996 3047">
    <p class='ocr_par' dir='ltr' id='par_1_2' title="bbox 268 408 1996 3047">
     <span class='ocr_line' id='line_1_2' title="bbox 308 408 1982 478; baseline -0.001 -18"><span class='ocrx_word' id='word_1_2' title='bbox 308 409 572 462; x_wconf 86' lang='lat' dir='ltr'><strong>abducere.</strong></span> <span class='ocrx_word' id='word_1_3' title='bbox 642 411 740 475; x_wconf 79' lang='lat' dir='ltr'><strong>Qui</strong></span> <span class='ocrx_word' id='word_1_4' title='bbox 772 415 1068 478; x_wconf 87' lang='lat' dir='ltr'><strong>persecutus</strong></span> <span class='ocrx_word' id='word_1_5' title='bbox 1103 417 1182 462; x_wconf 88' lang='lat' dir='ltr'><strong>est</strong></span> <span class='ocrx_word' id='word_1_6' title='bbox 1213 424 1300 461; x_wconf 88' lang='lat' dir='ltr'><strong>eos</strong></span> <span class='ocrx_word' id='word_1_7' title='bbox 1335 413 1387 460; x_wconf 93' lang='lat' dir='ltr'><strong>et</strong></span> <span class='ocrx_word' id='word_1_8' title='bbox 1418 408 1695 475; x_wconf 85' lang='lat' dir='ltr'><strong>inquisivit,</strong></span> <span class='ocrx_word' id='word_1_9' title='bbox 1739 423 1836 474; x_wconf 87' lang='lat' dir='ltr'><strong>quo</strong></span> <span class='ocrx_word' id='word_1_10' title='bbox 1868 424 1982 458; x_wconf 90' lang='lat' dir='ltr'><strong>eum</strong></span> 
     </span>
     <span class='ocr_line' id='line_1_3' title="bbox 308 487 1985 553; baseline 0.002 -15"><span class='ocrx_word' id='word_1_11' title='bbox 308 490 564 541; x_wconf 82' lang='lat' dir='ltr'><strong>ducerent.</strong></span> <span class='ocrx_word' id='word_1_12' title='bbox 634 492 714 541; x_wconf 88' lang='lat' dir='ltr'><strong>Illi</strong></span> <span class='ocrx_word' id='word_1_13' title='bbox 747 492 964 542; x_wconf 88' lang='lat' dir='ltr'><strong>indicant</strong></span> <span class='ocrx_word' id='word_1_14' title='bbox 997 507 1052 541; x_wconf 89' lang='lat' dir='ltr'><strong>se</strong></span> <span class='ocrx_word' id='word_1_15' title='bbox 1085 509 1198 542; x_wconf 91' lang='lat' dir='ltr'><strong>eum</strong></span> <span class='ocrx_word' id='word_1_16' title='bbox 1231 489 1293 540; x_wconf 90' lang='lat' dir='ltr'><strong>ad</strong></span> <span class='ocrx_word' id='word_1_17' title='bbox 1318 489 1567 540; x_wconf 84' lang='lat' dir='ltr'><strong>Priamum</strong></span> <span class='ocrx_word' id='word_1_18' title='bbox 1599 490 1851 540; x_wconf 82' lang='lat' dir='ltr'><strong>adducere</strong></span> <span class='ocrx_word' id='word_1_19' title='bbox 1871 487 1985 553; x_wconf 53' lang='lat' dir='ltr'><strong>(ei),</strong></span> 
     </span>
     <span class='ocr_line' id='line_1_4' title="bbox 309 570 1985 633; baseline 0.001 -16"><span class='ocrx_word' id='word_1_20' title='bbox 309 571 392 633; x_wconf 85' lang='lat' dir='ltr'><strong>qui</strong></span> <span class='ocrx_word' id='word_1_21' title='bbox 423 571 623 621; x_wconf 90' lang='lat' dir='ltr'><strong>vicisset</strong></span> <span class='ocrx_word' id='word_1_22' title='bbox 656 572 785 622; x_wconf 91' lang='lat' dir='ltr'><strong>ludis</strong></span> <span class='ocrx_word' id='word_1_23' title='bbox 817 572 1108 622; x_wconf 82' lang='lat' dir='ltr'><strong>funebribus</strong></span> <span class='ocrx_word' id='word_1_24' title='bbox 1135 571 1415 620; x_wconf 75' lang='lat' dir='ltr'><strong>Alexandri.</strong></span> <span class='ocrx_word' id='word_1_25' title='bbox 1484 570 1587 632; x_wconf 87' lang='lat' dir='ltr'><strong>Ille,</strong></span> <span class='ocrx_word' id='word_1_26' title='bbox 1622 586 1790 620; x_wconf 87' lang='lat' dir='ltr'><strong>amore</strong></span> <span class='ocrx_word' id='word_1_27' title='bbox 1814 570 1985 619; x_wconf 90' lang='lat' dir='ltr'><strong>incen-</strong></span> 
     </span>
     <span class='ocr_line' id='line_1_5' title="bbox 309 650 1984 714; baseline -0.001 -16"><span class='ocrx_word' id='word_1_28' title='bbox 309 665 396 699; x_wconf 88' lang='lat' dir='ltr'><strong>sus</strong></span> <span class='ocrx_word' id='word_1_29' title='bbox 428 653 559 701; x_wconf 88' lang='lat' dir='ltr'><strong>tauri</strong></span> <span class='ocrx_word' id='word_1_30' title='bbox 593 653 684 714; x_wconf 90' lang='lat' dir='ltr'><strong>sui,</strong></span> <span class='ocrx_word' id='word_1_31' title='bbox 720 652 975 701; x_wconf 87' lang='lat' dir='ltr'><strong>descendit</strong></span> <span class='ocrx_word' id='word_1_32' title='bbox 1006 652 1055 700; x_wconf 90' lang='lat' dir='ltr'><strong>in</strong></span> <span class='ocrx_word' id='word_1_33' title='bbox 1090 655 1341 700; x_wconf 88' lang='lat' dir='ltr'><strong>certamen</strong></span> <span class='ocrx_word' id='word_1_34' title='bbox 1375 654 1428 699; x_wconf 89' lang='lat' dir='ltr'><strong>et</strong></span> <span class='ocrx_word' id='word_1_35' title='bbox 1454 651 1619 700; x_wconf 90' lang='lat' dir='ltr'><strong>omnia</strong></span> <span class='ocrx_word' id='word_1_36' title='bbox 1640 650 1774 711; x_wconf 88' lang='lat' dir='ltr'><strong>vicit,</strong></span> <span class='ocrx_word' id='word_1_37' title='bbox 1802 650 1984 698; x_wconf 83' lang='lat' dir='ltr'><strong>fratres</strong></span> 
     </span>
     <span class='ocr_line' id='line_1_6' title="bbox 310 728 1986 796; baseline -0.002 -16"><span class='ocrx_word' id='word_1_38' title='bbox 310 746 508 796; x_wconf 86' lang='lat' dir='ltr'><strong>quoque</strong></span> <span class='ocrx_word' id='word_1_39' title='bbox 553 747 670 782; x_wconf 85' lang='lat' dir='ltr'><strong>suos</strong></span> <span class='ocrx_word' id='word_1_40' title='bbox 709 731 1015 796; x_wconf 82' lang='lat' dir='ltr'><strong>superavit.&#39;&#39;</strong></span> <span class='ocrx_word' id='word_1_41' title='bbox 1101 731 1240 794; x_wconf 79' lang='lat' dir='ltr'><strong>Quae</strong></span> <span class='ocrx_word' id='word_1_42' title='bbox 1285 731 1546 795; x_wconf 81' lang='lat' dir='ltr'><strong>explentur</strong></span> <span class='ocrx_word' id='word_1_43' title='bbox 1590 730 1732 779; x_wconf 89' lang='lat' dir='ltr'><strong>hisce</strong></span> <span class='ocrx_word' id='word_1_44' title='bbox 1780 728 1986 795; x_wconf 90' lang='lat' dir='ltr'><strong>Apollo-</strong></span> 
     </span>
     <span class='ocr_line' id='line_1_7' title="bbox 311 807 1988 877; baseline -0.001 -18"><span class='ocrx_word' id='word_1_45' title='bbox 311 810 450 860; x_wconf 88' lang='lat' dir='ltr'><strong>dori:</strong></span> <span class='ocrx_word' id='word_1_46' title='bbox 483 810 766 877; x_wconf 74' lang='grc' dir='ltr'><strong><em>γενόμενος</em></strong></span> <span class='ocrx_word' id='word_1_47' title='bbox 785 807 842 860; x_wconf 82' lang='grc' dir='ltr'><strong>δὲ</strong></span> <span class='ocrx_word' id='word_1_48' title='bbox 866 809 1144 870; x_wconf 77' lang='grc' dir='ltr'><strong><em>νεανίσκος</em></strong></span> <span class='ocrx_word' id='word_1_49' title='bbox 1169 807 1256 861; x_wconf 78' lang='grc' dir='ltr'><strong>καὶ</strong></span> <span class='ocrx_word' id='word_1_50' title='bbox 1282 810 1494 861; x_wconf 79' lang='grc' dir='ltr'><em>πολλῶν</em></span> <span class='ocrx_word' id='word_1_51' title='bbox 1517 807 1793 875; x_wconf 83' lang='grc' dir='ltr'><em>διαφέρων</em></span> <span class='ocrx_word' id='word_1_52' title='bbox 1811 807 1988 860; x_wconf 80' lang='grc' dir='ltr'><strong><em>κάλλει</em></strong></span> 
     </span>
     <span class='ocr_line' id='line_1_8' title="bbox 310 884 1989 959; baseline -0.001 -19"><span class='ocrx_word' id='word_1_53' title='bbox 310 907 366 940; x_wconf 89' lang='grc' dir='ltr'><strong>τε</strong></span> <span class='ocrx_word' id='word_1_54' title='bbox 397 889 486 942; x_wconf 83' lang='grc' dir='ltr'><strong>καὶ</strong></span> <span class='ocrx_word' id='word_1_55' title='bbox 521 890 669 959; x_wconf 79' lang='grc' dir='ltr'><strong><em>ῥώμῃ</em></strong></span> <span class='ocrx_word' id='word_1_56' title='bbox 682 931 696 955; x_wconf 88' lang='grc'>,</span> <span class='ocrx_word' id='word_1_57' title='bbox 744 884 904 951; x_wconf 77' lang='grc' dir='ltr'><strong><em>αὖθις</em></strong></span> <span class='ocrx_word' id='word_1_58' title='bbox 940 885 1279 956; x_wconf 79' lang='grc' dir='ltr'><strong><em>Ἀλέξανδρος</em></strong></span> <span class='ocrx_word' id='word_1_59' title='bbox 1310 890 1761 956; x_wconf 75' lang='grc' dir='ltr'><strong><em>προςωνομοὶσθη,</em></strong></span> <span class='ocrx_word' id='word_1_60' title='bbox 1796 885 1989 956; x_wconf 81' lang='grc' dir='ltr'><strong><em>λῃστὰς</em></strong></span> 
     </span>
     <span class='ocr_line' id='line_1_9' title="bbox 310 967 1988 1039; baseline 0 -19"><span class='ocrx_word' id='word_1_61' title='bbox 310 969 646 1038; x_wconf 78' lang='grc' dir='ltr'><strong><em>ἀμυνόμενος</em></strong></span> <span class='ocrx_word' id='word_1_62' title='bbox 665 969 753 1024; x_wconf 84' lang='grc' dir='ltr'><strong>καὶ</strong></span> <span class='ocrx_word' id='word_1_63' title='bbox 775 974 888 1032; x_wconf 84' lang='grc' dir='ltr'><strong><em>τοῖς</em></strong></span> <span class='ocrx_word' id='word_1_64' title='bbox 908 971 1174 1039; x_wconf 85' lang='grc' dir='ltr'><strong><em>ποιμνίοις</em></strong></span> <span class='ocrx_word' id='word_1_65' title='bbox 1198 970 1232 1023; x_wconf 75' lang='grc' dir='ltr'><strong>οἲ</strong></span> <span class='ocrx_word' id='word_1_66' title='bbox 1244 974 1275 1023; x_wconf 85' lang='grc' dir='ltr'><em>λ</em></span> <span class='ocrx_word' id='word_1_67' title='bbox 1287 986 1309 1022; x_wconf 84' lang='grc' dir='ltr'><strong><em>ε</em></strong></span> <span class='ocrx_word' id='word_1_68' title='bbox 1325 970 1397 1038; x_wconf 83' lang='grc' dir='ltr'><strong>ξή</strong></span> <span class='ocrx_word' id='word_1_69' title='bbox 1410 982 1440 1022; x_wconf 91' lang='grc' dir='ltr'><strong><em>σ</em></strong></span> <span class='ocrx_word' id='word_1_70' title='bbox 1453 990 1487 1023; x_wconf 83' lang='grc' dir='ltr'>α</span> <span class='ocrx_word' id='word_1_71' title='bbox 1500 990 1527 1032; x_wconf 90' lang='grc' dir='ltr'><strong><em>ς</em></strong></span> <span class='ocrx_word' id='word_1_72' title='bbox 1542 1011 1555 1035; x_wconf 92' lang='grc'><em>,</em></span> <span class='ocrx_word' id='word_1_73' title='bbox 1584 970 1711 1039; x_wconf 84' lang='grc' dir='ltr'><strong><em>ὅπερ</em></strong></span> <span class='ocrx_word' id='word_1_74' title='bbox 1735 967 1844 1022; x_wconf 78' lang='grc' dir='ltr'><strong><em>ἐστὶ</em></strong></span> <span class='ocrx_word' id='word_1_75' title='bbox 1859 969 1988 1035; x_wconf 89' lang='grc' dir='ltr'><strong><em>βοη-</em></strong></span> 
     </span>
     <span class='ocr_line' id='line_1_10' title="bbox 308 1051 1922 1119; baseline -0.001 -17"><span class='ocrx_word' id='word_1_76' title='bbox 308 1051 495 1119; x_wconf 81' lang='grc' dir='ltr'><strong><em>θήσας.</em></strong></span> <span class='ocrx_word' id='word_1_77' title='bbox 562 1054 853 1118; x_wconf 84' lang='lat' dir='ltr'><strong>Eademque</strong></span> <span class='ocrx_word' id='word_1_78' title='bbox 887 1055 1238 1104; x_wconf 84' lang='lat' dir='ltr'><strong>confirmantur</strong></span> <span class='ocrx_word' id='word_1_79' title='bbox 1271 1055 1332 1103; x_wconf 87' lang='lat' dir='ltr'><strong>ab</strong></span> <span class='ocrx_word' id='word_1_80' title='bbox 1369 1053 1546 1103; x_wconf 88' lang='lat' dir='ltr'><strong>Ovidio</strong></span> <span class='ocrx_word' id='word_1_81' title='bbox 1581 1054 1615 1102; x_wconf 89' lang='lat' dir='ltr'><strong>l.</strong></span> <span class='ocrx_word' id='word_1_82' title='bbox 1647 1054 1679 1101; x_wconf 93' lang='grc' dir='ltr'><strong>Ι.</strong></span> <span class='ocrx_word' id='word_1_83' title='bbox 1715 1069 1758 1102; x_wconf 85' lang='lat' dir='ltr'><strong>v.</strong></span> <span class='ocrx_word' id='word_1_84' title='bbox 1794 1054 1922 1101; x_wconf 69' lang='lat'><strong>357:</strong></span> 
     </span>
     <span class='ocr_line' id='line_1_11' title="bbox 445 1134 1772 1200; baseline 0 -17"><span class='ocrx_word' id='word_1_85' title='bbox 445 1134 661 1195; x_wconf 86' lang='lat' dir='ltr'><strong>„Paene</strong></span> <span class='ocrx_word' id='word_1_86' title='bbox 687 1150 826 1200; x_wconf 85' lang='lat' dir='ltr'><strong>puer</strong></span> <span class='ocrx_word' id='word_1_87' title='bbox 861 1138 1025 1185; x_wconf 83' lang='lat' dir='ltr'><strong>caesis</strong></span> <span class='ocrx_word' id='word_1_88' title='bbox 1062 1134 1288 1184; x_wconf 80' lang='lat' dir='ltr'><strong>abducta</strong></span> <span class='ocrx_word' id='word_1_89' title='bbox 1323 1141 1562 1183; x_wconf 82' lang='lat' dir='ltr'><strong>armenta</strong></span> <span class='ocrx_word' id='word_1_90' title='bbox 1595 1135 1772 1200; x_wconf 81' lang='lat' dir='ltr'><strong>recepi</strong></span> 
     </span>
     <span class='ocr_line' id='line_1_12' title="bbox 509 1213 1925 1276; baseline -0.002 -12"><span class='ocrx_word' id='word_1_91' title='bbox 509 1214 775 1276; x_wconf 81' lang='lat' dir='ltr'><strong>Hostibus,</strong></span> <span class='ocrx_word' id='word_1_92' title='bbox 813 1221 863 1264; x_wconf 91' lang='lat' dir='ltr'><strong>et</strong></span> <span class='ocrx_word' id='word_1_93' title='bbox 899 1232 1091 1265; x_wconf 69' lang='lat' dir='ltr'><strong>cau-ss</strong></span> <span class='ocrx_word' id='word_1_94' title='bbox 1108 1232 1203 1264; x_wconf 88' lang='lat' dir='ltr'><strong>am</strong></span> <span class='ocrx_word' id='word_1_95' title='bbox 1241 1215 1535 1264; x_wconf 80' lang='lat' dir='ltr'><strong>nominis</strong></span> <span class='ocrx_word' id='word_1_96' title='bbox 1570 1213 1726 1262; x_wconf 84' lang='lat' dir='ltr'><strong>inde</strong></span> <span class='ocrx_word' id='word_1_97' title='bbox 1758 1214 1925 1273; x_wconf 79' lang='lat' dir='ltr'><strong>tuli,-</strong></span> 
     </span>
     <span class='ocr_line' id='line_1_13' title="bbox 443 1293 1940 1361; baseline -0.001 -18"><span class='ocrx_word' id='word_1_98' title='bbox 443 1293 622 1344; x_wconf 89' lang='lat' dir='ltr'><strong>Paene</strong></span> <span class='ocrx_word' id='word_1_99' title='bbox 646 1310 785 1361; x_wconf 87' lang='lat' dir='ltr'><strong>puer</strong></span> <span class='ocrx_word' id='word_1_100' title='bbox 819 1311 848 1344; x_wconf 90' lang='lat' dir='ltr'><strong><em>v</em></strong></span> <span class='ocrx_word' id='word_1_101' title='bbox 866 1296 1015 1344; x_wconf 91' lang='lat' dir='ltr'><strong>ario</strong></span> <span class='ocrx_word' id='word_1_102' title='bbox 1050 1296 1333 1344; x_wconf 82' lang='lat' dir='ltr'><strong>iuvenes</strong></span> <span class='ocrx_word' id='word_1_103' title='bbox 1370 1294 1749 1343; x_wconf 82' lang='lat' dir='ltr'><strong>certamine</strong></span> <span class='ocrx_word' id='word_1_104' title='bbox 1781 1293 1940 1357; x_wconf 84' lang='lat' dir='ltr'><strong>vici,</strong></span> 
     </span>
     <span class='ocr_line' id='line_1_14' title="bbox 510 1373 1882 1441; baseline 0.001 -19"><span class='ocrx_word' id='word_1_105' title='bbox 510 1373 577 1422; x_wconf 96' lang='lat' dir='ltr'><strong>In</strong></span> <span class='ocrx_word' id='word_1_106' title='bbox 609 1375 790 1440; x_wconf 79' lang='lat' dir='ltr'><strong>quibus</strong></span> <span class='ocrx_word' id='word_1_107' title='bbox 823 1374 1146 1424; x_wconf 80' lang='lat' dir='ltr'><strong>Ilioneus</strong></span> <span class='ocrx_word' id='word_1_108' title='bbox 1179 1374 1391 1440; x_wconf 75' lang='lat' dir='ltr'><strong>Deiph</strong></span> <span class='ocrx_word' id='word_1_109' title='bbox 1408 1374 1697 1441; x_wconf 84' lang='lat' dir='ltr'><strong>obusque</strong></span> <span class='ocrx_word' id='word_1_110' title='bbox 1716 1375 1882 1439; x_wconf 84' lang='lat' dir='ltr'><strong>suit.&#39;’</strong></span> 
     </span>
     <span class='ocr_line' id='line_1_15' title="bbox 311 1454 1991 1521; baseline 0.001 -16"><span class='ocrx_word' id='word_1_111' title='bbox 311 1454 610 1521; x_wconf 81' lang='lat' dir='ltr'><strong>Fragmenta</strong></span> <span class='ocrx_word' id='word_1_112' title='bbox 657 1459 823 1504; x_wconf 88' lang='lat' dir='ltr'><strong>autem</strong></span> <span class='ocrx_word' id='word_1_113' title='bbox 867 1455 1013 1505; x_wconf 86' lang='lat' dir='ltr'><strong>huius</strong></span> <span class='ocrx_word' id='word_1_114' title='bbox 1059 1455 1351 1506; x_wconf 84' lang='lat' dir='ltr'><strong>narrationis</strong></span> <span class='ocrx_word' id='word_1_115' title='bbox 1397 1455 1530 1505; x_wconf 87' lang='lat' dir='ltr'><strong>nulla</strong></span> <span class='ocrx_word' id='word_1_116' title='bbox 1563 1454 1822 1521; x_wconf 82' lang='lat' dir='ltr'><strong>Euripidis</strong></span> <span class='ocrx_word' id='word_1_117' title='bbox 1835 1491 1850 1518; x_wconf 87' lang='lat'><strong><em>,</em></strong></span> <span class='ocrx_word' id='word_1_118' title='bbox 1899 1456 1991 1506; x_wconf 82' lang='lat' dir='ltr'><strong>sed</strong></span> 
     </span>
     <span class='ocr_line' id='line_1_16' title="bbox 268 1534 902 1602; baseline -0.003 -17"><span class='ocrx_word' id='word_1_119' title='bbox 268 1556 275 1565; x_wconf 88' lang='lat'><em>·</em></span> <span class='ocrx_word' id='word_1_120' title='bbox 311 1551 469 1602; x_wconf 87' lang='lat' dir='ltr'><strong>pauca</strong></span> <span class='ocrx_word' id='word_1_121' title='bbox 502 1534 651 1584; x_wconf 86' lang='lat' dir='ltr'><strong>Ennii</strong></span> <span class='ocrx_word' id='word_1_122' title='bbox 683 1539 902 1585; x_wconf 87' lang='lat' dir='ltr'><strong>exstant:</strong></span> 
     </span>
     <span class='ocr_line' id='line_1_17' title="bbox 443 1614 1989 1682; baseline 0 -17"><span class='ocrx_word' id='word_1_123' title='bbox 443 1653 478 1677; x_wconf 82' lang='lat'>„</span> <span class='ocrx_word' id='word_1_124' title='bbox 497 1614 929 1682; x_wconf 74' lang='lat' dir='ltr'><strong>Quapropter</strong></span> <span class='ocrx_word' id='word_1_125' title='bbox 985 1615 1207 1665; x_wconf 81' lang='lat' dir='ltr'><strong>Parim</strong></span> <span class='ocrx_word' id='word_1_126' title='bbox 1251 1621 1557 1682; x_wconf 81' lang='lat' dir='ltr'><strong>pastores</strong></span> <span class='ocrx_word' id='word_1_127' title='bbox 1606 1631 1781 1665; x_wconf 91' lang='lat' dir='ltr'><strong>nunc</strong></span> <span class='ocrx_word' id='word_1_128' title='bbox 1826 1614 1989 1665; x_wconf 85' lang='lat' dir='ltr'><strong>Ale-</strong></span> 
     </span>
     <span class='ocr_line' id='line_1_18' title="bbox 1103 1691 1832 1758; baseline 0.003 -14"><span class='ocrx_word' id='word_1_129' title='bbox 1103 1695 1437 1744; x_wconf 67' lang='lat' dir='ltr'><strong>¹vandram</strong></span> <span class='ocrx_word' id='word_1_130' title='bbox 1471 1691 1832 1758; x_wconf 84' lang='lat' dir='ltr'><strong>vocant*).’&#39;</strong></span> 
     </span>
     <span class='ocr_line' id='line_1_19' title="bbox 312 1775 1994 1842; baseline 0.001 -17"><span class='ocrx_word' id='word_1_131' title='bbox 312 1776 560 1842; x_wconf 85' lang='lat' dir='ltr'><strong>Deiphobi</strong></span> <span class='ocrx_word' id='word_1_132' title='bbox 592 1776 743 1825; x_wconf 83' lang='lat' dir='ltr'><strong>verba</strong></span> <span class='ocrx_word' id='word_1_133' title='bbox 776 1777 842 1825; x_wconf 92' lang='lat' dir='ltr'><strong>de</strong></span> <span class='ocrx_word' id='word_1_134' title='bbox 873 1780 1012 1825; x_wconf 88' lang='lat' dir='ltr'><strong>tauro</strong></span> <span class='ocrx_word' id='word_1_135' title='bbox 1046 1791 1160 1825; x_wconf 90' lang='lat' dir='ltr'><strong>cum</strong></span> <span class='ocrx_word' id='word_1_136' title='bbox 1185 1776 1464 1826; x_wconf 85' lang='lat' dir='ltr'><strong>Alexandro</strong></span> <span class='ocrx_word' id='word_1_137' title='bbox 1488 1775 1774 1826; x_wconf 85' lang='lat' dir='ltr'><strong>altercantis</strong></span> <span class='ocrx_word' id='word_1_138' title='bbox 1808 1776 1994 1827; x_wconf 89' lang='lat' dir='ltr'><strong>haecce</strong></span> 
     </span>
     <span class='ocr_line' id='line_1_20' title="bbox 315 1861 1484 1906; baseline -0.002 0"><span class='ocrx_word' id='word_1_139' title='bbox 315 1861 456 1906; x_wconf 87' lang='lat' dir='ltr'><strong>sunt:</strong></span> <span class='ocrx_word' id='word_1_140' title='bbox 1481 1866 1484 1870; x_wconf 86' lang='grc'>’</span> 
     </span>
     <span class='ocr_line' id='line_1_21' title="bbox 447 1934 1992 2003; baseline 0.001 -17"><span class='ocrx_word' id='word_1_141' title='bbox 447 1973 481 1998; x_wconf 85' lang='lat'>„</span> <span class='ocrx_word' id='word_1_142' title='bbox 499 1934 848 1986; x_wconf 81' lang='lat' dir='ltr'><strong>Hominem</strong></span> <span class='ocrx_word' id='word_1_143' title='bbox 886 1952 1014 2003; x_wconf 89' lang='lat' dir='ltr'><strong>app</strong></span> <span class='ocrx_word' id='word_1_144' title='bbox 1032 1936 1240 1986; x_wconf 82' lang='lat' dir='ltr'><strong>ellat.-</strong></span> <span class='ocrx_word' id='word_1_145' title='bbox 1283 1935 1447 2003; x_wconf 83' lang='lat' dir='ltr'><strong>quid</strong></span> <span class='ocrx_word' id='word_1_146' title='bbox 1484 1936 1800 1997; x_wconf 70' lang='lat' dir='ltr'><strong>lasciviS,</strong></span> <span class='ocrx_word' id='word_1_147' title='bbox 1853 1944 1992 1987; x_wconf 79' lang='lat' dir='ltr'><strong>sto-</strong></span> 
     </span>
     <span class='ocr_line' id='line_1_22' title="bbox 1109 2016 1992 2082; baseline 0.001 -16"><span class='ocrx_word' id='word_1_148' title='bbox 1109 2016 1292 2066; x_wconf 73' lang='lat' dir='ltr'><strong>lide?</strong></span> <span class='ocrx_word' id='word_1_149' title='bbox 1324 2032 1454 2066; x_wconf 91' lang='lat' dir='ltr'><strong>non</strong></span> <span class='ocrx_word' id='word_1_150' title='bbox 1484 2017 1833 2082; x_wconf 80' lang='lat' dir='ltr'><strong>intelligis</strong></span> <span class='ocrx_word' id='word_1_151' title='bbox 1855 2017 1992 2067; x_wconf 75' lang='lat'><strong>—2”</strong></span> 
     </span>
     <span class='ocr_line' id='line_1_23' title="bbox 315 2090 1993 2164; baseline 0.003 -20"><span class='ocrx_word' id='word_1_152' title='bbox 315 2094 650 2160; x_wconf 76' lang='lat' dir='ltr'><strong>Singulorum,</strong></span> <span class='ocrx_word' id='word_1_153' title='bbox 686 2090 772 2160; x_wconf 92' lang='lat' dir='ltr'><strong>qui</strong></span> <span class='ocrx_word' id='word_1_154' title='bbox 805 2095 856 2144; x_wconf 91' lang='lat' dir='ltr'><strong>in</strong></span> <span class='ocrx_word' id='word_1_155' title='bbox 887 2101 1139 2146; x_wconf 87' lang='lat' dir='ltr'><strong>certamen</strong></span> <span class='ocrx_word' id='word_1_156' title='bbox 1174 2098 1550 2157; x_wconf 79' lang='lat' dir='ltr'><strong>descenderant,</strong></span> <span class='ocrx_word' id='word_1_157' title='bbox 1585 2097 1801 2158; x_wconf 91' lang='lat' dir='ltr'><strong>nomina,</strong></span> <span class='ocrx_word' id='word_1_158' title='bbox 1835 2113 1993 2164; x_wconf 84' lang='lat' dir='ltr'><strong>genus</strong></span> 
     </span>
     <span class='ocr_line' id='line_1_24' title="bbox 315 2176 1781 2240; baseline 0.001 -15"><span class='ocrx_word' id='word_1_159' title='bbox 315 2180 369 2225; x_wconf 88' lang='lat' dir='ltr'><strong>et</strong></span> <span class='ocrx_word' id='word_1_160' title='bbox 401 2176 607 2239; x_wconf 86' lang='lat' dir='ltr'><strong>virtutes</strong></span> <span class='ocrx_word' id='word_1_161' title='bbox 642 2191 755 2225; x_wconf 91' lang='lat' dir='ltr'><strong>cum</strong></span> <span class='ocrx_word' id='word_1_162' title='bbox 787 2176 1127 2240; x_wconf 86' lang='lat' dir='ltr'><strong>praedicasset</strong></span> <span class='ocrx_word' id='word_1_163' title='bbox 1156 2178 1370 2240; x_wconf 78' lang='lat' dir='ltr'><strong>nuntius,</strong></span> <span class='ocrx_word' id='word_1_164' title='bbox 1404 2177 1530 2225; x_wconf 89' lang='lat' dir='ltr'><strong>haec</strong></span> <span class='ocrx_word' id='word_1_165' title='bbox 1564 2177 1781 2227; x_wconf 86' lang='lat' dir='ltr'><strong>addidit:</strong></span> 
     </span>
     <span class='ocr_line' id='line_1_25' title="bbox 448 2253 1994 2326; baseline 0.003 -23"><span class='ocrx_word' id='word_1_166' title='bbox 448 2291 483 2317; x_wconf 84' lang='lat'>„</span> <span class='ocrx_word' id='word_1_167' title='bbox 502 2253 706 2306; x_wconf 89' lang='lat' dir='ltr'><strong>Multi</strong></span> <span class='ocrx_word' id='word_1_168' title='bbox 730 2257 864 2306; x_wconf 83' lang='lat' dir='ltr'><strong>alii</strong></span> <span class='ocrx_word' id='word_1_169' title='bbox 888 2256 1129 2307; x_wconf 82' lang='lat' dir='ltr'><strong>advent</strong></span> <span class='ocrx_word' id='word_1_170' title='bbox 1146 2263 1286 2319; x_wconf 87' lang='lat' dir='ltr'><strong>ant,</strong></span> <span class='ocrx_word' id='word_1_171' title='bbox 1318 2263 1694 2323; x_wconf 80' lang='lat' dir='ltr'><strong>paupertas</strong></span> <span class='ocrx_word' id='word_1_172' title='bbox 1727 2275 1994 2326; x_wconf 88' lang='lat' dir='ltr'><strong>quorum</strong></span> 
     </span>
     <span class='ocr_line' id='line_1_26' title="bbox 1114 2338 1791 2389; baseline 0.001 -2"><span class='ocrx_word' id='word_1_173' title='bbox 1114 2338 1438 2387; x_wconf 81' lang='lat' dir='ltr'><strong>obscurat</strong></span> <span class='ocrx_word' id='word_1_174' title='bbox 1473 2339 1689 2387; x_wconf 88' lang='lat' dir='ltr'><strong>nomin</strong></span> <span class='ocrx_word' id='word_1_175' title='bbox 1707 2346 1791 2389; x_wconf 85' lang='lat' dir='ltr'><strong>a.”</strong></span> 
     </span>
     <span class='ocr_line' id='line_1_27' title="bbox 316 2413 1993 2483; baseline 0.003 -19"><span class='ocrx_word' id='word_1_176' title='bbox 316 2413 447 2465; x_wconf 89' lang='lat' dir='ltr'><strong>Tum</strong></span> <span class='ocrx_word' id='word_1_177' title='bbox 490 2416 842 2467; x_wconf 88' lang='lat' dir='ltr'><strong>certaminibus</strong></span> <span class='ocrx_word' id='word_1_178' title='bbox 877 2417 1025 2483; x_wconf 72' lang='lat' dir='ltr'><strong>ipsiS,</strong></span> <span class='ocrx_word' id='word_1_179' title='bbox 1076 2419 1250 2483; x_wconf 87' lang='lat' dir='ltr'><strong>quibus</strong></span> <span class='ocrx_word' id='word_1_180' title='bbox 1286 2419 1514 2467; x_wconf 90' lang='lat' dir='ltr'><strong>omnibus</strong></span> <span class='ocrx_word' id='word_1_181' title='bbox 1558 2418 1746 2468; x_wconf 86' lang='lat' dir='ltr'><strong>vicerat</strong></span> <span class='ocrx_word' id='word_1_182' title='bbox 1777 2419 1993 2469; x_wconf 83' lang='lat' dir='ltr'><strong>Alexan-</strong></span> 
     </span>
     <span class='ocr_line' id='line_1_28' title="bbox 315 2496 1992 2561; baseline 0.003 -16"><span class='ocrx_word' id='word_1_183' title='bbox 315 2497 454 2554; x_wconf 89' lang='lat' dir='ltr'><strong>drus,</strong></span> <span class='ocrx_word' id='word_1_184' title='bbox 474 2496 771 2561; x_wconf 75' lang='lat' dir='ltr'><strong>-descriptiS,</strong></span> <span class='ocrx_word' id='word_1_185' title='bbox 808 2498 886 2547; x_wconf 90' lang='lat' dir='ltr'><strong>his</strong></span> <span class='ocrx_word' id='word_1_186' title='bbox 921 2498 1087 2547; x_wconf 84' lang='lat' dir='ltr'><strong>verbis</strong></span> <span class='ocrx_word' id='word_1_187' title='bbox 1120 2497 1453 2547; x_wconf 83' lang='lat' dir='ltr'><strong>narrationem</strong></span> <span class='ocrx_word' id='word_1_188' title='bbox 1486 2500 1699 2548; x_wconf 59' lang='lat' dir='ltr'><strong>nuntius»</strong></span> <span class='ocrx_word' id='word_1_189' title='bbox 1718 2500 1992 2550; x_wconf 86' lang='lat' dir='ltr'><strong>concludit:</strong></span> 
     </span>
     <span class='ocr_line' id='line_1_29' title="bbox 448 2572 1642 2645; baseline 0.002 -20"><span class='ocrx_word' id='word_1_190' title='bbox 448 2573 579 2625; x_wconf 78' lang='grc' dir='ltr'><strong><em>ὅθεν</em></strong></span> <span class='ocrx_word' id='word_1_191' title='bbox 613 2572 671 2627; x_wconf 80' lang='grc' dir='ltr'><strong>δὲ</strong></span> <span class='ocrx_word' id='word_1_192' title='bbox 703 2581 860 2628; x_wconf 77' lang='grc' dir='ltr'><strong><em>νικᾶν</em></strong></span> <span class='ocrx_word' id='word_1_193' title='bbox 890 2580 1026 2645; x_wconf 84' lang='grc' dir='ltr'><strong><em>χρῆν</em></strong></span> <span class='ocrx_word' id='word_1_194' title='bbox 1060 2588 1134 2641; x_wconf 91' lang='grc' dir='ltr'><strong>σε,</strong></span> <span class='ocrx_word' id='word_1_195' title='bbox 1169 2576 1456 2644; x_wconf 82' lang='grc' dir='ltr'><strong><em>δυςτυχεῖς,</em></strong></span> <span class='ocrx_word' id='word_1_196' title='bbox 1491 2577 1642 2640; x_wconf 79' lang='grc' dir='ltr'><strong><em>ἄναξ,</em></strong></span> 
     </span>
     <span class='ocr_line' id='line_1_30' title="bbox 446 2653 1744 2727; baseline 0.002 -21"><span class='ocrx_word' id='word_1_197' title='bbox 446 2653 579 2707; x_wconf 78' lang='grc' dir='ltr'><strong><em>ὅθεν</em></strong></span> <span class='ocrx_word' id='word_1_198' title='bbox 613 2654 670 2708; x_wconf 84' lang='grc' dir='ltr'><strong>δέ</strong></span> <span class='ocrx_word' id='word_1_199' title='bbox 703 2653 750 2708; x_wconf 81' lang='grc' dir='ltr'><strong>σ’</strong></span> <span class='ocrx_word' id='word_1_200' title='bbox 783 2658 851 2709; x_wconf 84' lang='grc' dir='ltr'><strong>οὐ</strong></span> <span class='ocrx_word' id='word_1_201' title='bbox 884 2662 1037 2727; x_wconf 80' lang='grc' dir='ltr'><strong><em>χρῆν,</em></strong></span> <span class='ocrx_word' id='word_1_202' title='bbox 1073 2658 1306 2725; x_wconf 83' lang='grc' dir='ltr'><strong><em>εὐτυχεῖς</em></strong></span> <span class='ocrx_word' id='word_1_203' title='bbox 1319 2675 1332 2687; x_wconf 93' lang='grc'>·</span> <span class='ocrx_word' id='word_1_204' title='bbox 1369 2656 1610 2708; x_wconf 78' lang='grc' dir='ltr'><strong><em>δούλοισι</em></strong></span> <span class='ocrx_word' id='word_1_205' title='bbox 1641 2656 1744 2724; x_wconf 80' lang='grc' dir='ltr'><strong>γὰρ</strong></span> 
     </span>
     <span class='ocr_line' id='line_1_31' title="bbox 446 2733 1674 2806; baseline 0.003 -21"><span class='ocrx_word' id='word_1_206' title='bbox 446 2738 558 2796; x_wconf 86' lang='grc' dir='ltr'><strong><em>τοῖς</em></strong></span> <span class='ocrx_word' id='word_1_207' title='bbox 591 2739 730 2789; x_wconf 82' lang='grc' dir='ltr'><strong><em>σοῖσι</em></strong></span> <span class='ocrx_word' id='word_1_208' title='bbox 762 2743 930 2806; x_wconf 77' lang='grc' dir='ltr'><strong><em>νικᾷς,</em></strong></span> <span class='ocrx_word' id='word_1_209' title='bbox 964 2741 1077 2800; x_wconf 84' lang='grc' dir='ltr'><strong><em>τοῖς</em></strong></span> <span class='ocrx_word' id='word_1_210' title='bbox 1112 2733 1159 2790; x_wconf 84' lang='grc' dir='ltr'><strong>δ’</strong></span> <span class='ocrx_word' id='word_1_211' title='bbox 1197 2736 1557 2803; x_wconf 77' lang='grc' dir='ltr'><strong><em>ἐλευθέρωσιν</em></strong></span> <span class='ocrx_word' id='word_1_212' title='bbox 1592 2740 1674 2789; x_wconf 84' lang='grc' dir='ltr'><strong>οὔ.</strong></span> 
     </span>
     <span class='ocr_line' id='line_1_32' title="bbox 316 2814 1993 2886; baseline 0.004 -22"><span class='ocrx_word' id='word_1_213' title='bbox 316 2814 495 2865; x_wconf 90' lang='lat' dir='ltr'><strong>Prodit</strong></span> <span class='ocrx_word' id='word_1_214' title='bbox 540 2818 720 2867; x_wconf 89' lang='lat' dir='ltr'><strong>deinde</strong></span> <span class='ocrx_word' id='word_1_215' title='bbox 752 2820 892 2870; x_wconf 88' lang='lat' dir='ltr'><strong>Paris</strong></span> <span class='ocrx_word' id='word_1_216' title='bbox 936 2827 1192 2886; x_wconf 88' lang='lat' dir='ltr'><strong>pastorum</strong></span> <span class='ocrx_word' id='word_1_217' title='bbox 1228 2826 1423 2869; x_wconf 86' lang='lat' dir='ltr'><strong>caterva</strong></span> <span class='ocrx_word' id='word_1_218' title='bbox 1437 2856 1452 2880; x_wconf 94' lang='lat'><strong>,</strong></span> <span class='ocrx_word' id='word_1_219' title='bbox 1501 2835 1710 2884; x_wconf 91' lang='lat' dir='ltr'><strong>quorum</strong></span> <span class='ocrx_word' id='word_1_220' title='bbox 1757 2819 1855 2868; x_wconf 87' lang='lat' dir='ltr'><strong>dux</strong></span> <span class='ocrx_word' id='word_1_221' title='bbox 1900 2825 1993 2882; x_wconf 87' lang='lat' dir='ltr'><strong>est,</strong></span> 
     </span>
     <span class='ocr_line' id='line_1_33' title="bbox 316 2897 1995 2967; baseline 0.004 -23"><span class='ocrx_word' id='word_1_222' title='bbox 316 2897 457 2960; x_wconf 88' lang='lat' dir='ltr'><strong>quasi</strong></span> <span class='ocrx_word' id='word_1_223' title='bbox 491 2897 648 2947; x_wconf 88' lang='lat' dir='ltr'><strong>altero</strong></span> <span class='ocrx_word' id='word_1_224' title='bbox 684 2900 855 2958; x_wconf 92' lang='lat' dir='ltr'><strong>choro,</strong></span> <span class='ocrx_word' id='word_1_225' title='bbox 891 2903 1102 2967; x_wconf 88' lang='lat' dir='ltr'><strong>stipatus</strong></span> <span class='ocrx_word' id='word_1_226' title='bbox 1117 2939 1132 2962; x_wconf 80' lang='lat'>,</span> <span class='ocrx_word' id='word_1_227' title='bbox 1169 2902 1250 2964; x_wconf 89' lang='lat' dir='ltr'><strong>qui</strong></span> <span class='ocrx_word' id='word_1_228' title='bbox 1285 2904 1336 2950; x_wconf 88' lang='lat' dir='ltr'><strong>et</strong></span> <span class='ocrx_word' id='word_1_229' title='bbox 1369 2900 1589 2966; x_wconf 84' lang='lat' dir='ltr'><strong>praemia</strong></span> <span class='ocrx_word' id='word_1_230' title='bbox 1624 2901 1856 2950; x_wconf 84' lang='lat' dir='ltr'><strong>victoriae</strong></span> <span class='ocrx_word' id='word_1_231' title='bbox 1890 2917 1995 2950; x_wconf 90' lang='lat' dir='ltr'><strong>am-</strong></span> 
     </span>
     <span class='ocr_line' id='line_1_34' title="bbox 315 2976 1996 3047; baseline 0.003 -23"><span class='ocrx_word' id='word_1_232' title='bbox 315 2976 538 3042; x_wconf 87' lang='lat' dir='ltr'><strong>plissima</strong></span> <span class='ocrx_word' id='word_1_233' title='bbox 589 2978 837 3030; x_wconf 88' lang='lat' dir='ltr'><strong>adducunt</strong></span> <span class='ocrx_word' id='word_1_234' title='bbox 847 2979 925 3047; x_wconf 81' lang='lat'><strong>**)</strong></span> <span class='ocrx_word' id='word_1_235' title='bbox 980 2988 1030 3031; x_wconf 93' lang='lat' dir='ltr'><strong>et</strong></span> <span class='ocrx_word' id='word_1_236' title='bbox 1083 2982 1256 3031; x_wconf 87' lang='lat' dir='ltr'><strong>laudes</strong></span> <span class='ocrx_word' id='word_1_237' title='bbox 1311 2980 1515 3030; x_wconf 87' lang='lat' dir='ltr'><strong>victoris</strong></span> <span class='ocrx_word' id='word_1_238' title='bbox 1573 2981 1805 3031; x_wconf 51' lang='lat' dir='ltr'><strong>carmine¹</strong></span> <span class='ocrx_word' id='word_1_239' title='bbox 1835 2981 1996 3031; x_wconf 80' lang='lat' dir='ltr'><strong>extol-</strong></span> 
     </span>
    </p>
   </div>
   <div class='ocr_carea' id='block_1_3' title="bbox 343 3172 1995 3511">
    <p class='ocr_par' dir='ltr' id='par_1_3' title="bbox 343 3172 1995 3511">
     <span class='ocr_line' id='line_1_35' title="bbox 372 3172 863 3230; baseline 0 -13"><span class='ocrx_word' id='word_1_240' title='bbox 372 3175 423 3230; x_wconf 63' lang='lat'><strong>³⁶)</strong></span> <span class='ocrx_word' id='word_1_241' title='bbox 453 3174 523 3219; x_wconf 82' lang='lat' dir='ltr'><strong>of.</strong></span> <span class='ocrx_word' id='word_1_242' title='bbox 554 3174 721 3217; x_wconf 65' lang='lat' dir='ltr'><strong>Troas.</strong></span> <span class='ocrx_word' id='word_1_243' title='bbox 751 3172 863 3217; x_wconf 74' lang='lat'><strong>934:</strong></span> 
     </span>
     <span class='ocr_line' id='line_1_36' title="bbox 568 3240 1687 3306; baseline 0.004 -19"><span class='ocrx_word' id='word_1_244' title='bbox 568 3242 593 3287; x_wconf 84' lang='grc' dir='ltr'>ὁ</span> <span class='ocrx_word' id='word_1_245' title='bbox 624 3242 750 3299; x_wconf 80' lang='grc' dir='ltr'><strong>τῆςδ’</strong></span> <span class='ocrx_word' id='word_1_246' title='bbox 779 3240 1005 3306; x_wconf 72' lang='grc' dir='ltr'><strong><em>ἀλάστωρ,</em></strong></span> <span class='ocrx_word' id='word_1_247' title='bbox 1036 3244 1118 3292; x_wconf 82' lang='grc' dir='ltr'><strong><em>εἴτ’</em></strong></span> <span class='ocrx_word' id='word_1_248' title='bbox 1147 3243 1437 3303; x_wconf 77' lang='grc' dir='ltr'><strong><em>Ἀλέξανδρον</em></strong></span> <span class='ocrx_word' id='word_1_249' title='bbox 1460 3246 1613 3299; x_wconf 78' lang='grc' dir='ltr'><strong><em>θέλεις</em></strong></span> <span class='ocrx_word' id='word_1_250' title='bbox 1683 3287 1687 3291; x_wconf 91' lang='grc'><em>.</em></span> 
     </span>
     <span class='ocr_line' id='line_1_37' title="bbox 566 3311 1697 3375; baseline 0.002 -18"><span class='ocrx_word' id='word_1_251' title='bbox 566 3311 763 3368; x_wconf 79' lang='grc' dir='ltr'><strong><em>ὀνόματι</em></strong></span> <span class='ocrx_word' id='word_1_252' title='bbox 789 3322 1077 3375; x_wconf 72' lang='grc' dir='ltr'><strong><em>προςφωνεῖν</em></strong></span> <span class='ocrx_word' id='word_1_253' title='bbox 1106 3335 1179 3362; x_wconf 85' lang='grc' dir='ltr'><strong>νιν</strong></span> <span class='ocrx_word' id='word_1_254' title='bbox 1210 3318 1302 3361; x_wconf 79' lang='grc' dir='ltr'><strong><em>εἴτε</em></strong></span> <span class='ocrx_word' id='word_1_255' title='bbox 1330 3317 1411 3361; x_wconf 79' lang='grc' dir='ltr'><strong>καὶ</strong></span> <span class='ocrx_word' id='word_1_256' title='bbox 1439 3317 1607 3375; x_wconf 74' lang='grc' dir='ltr'><strong><em>Πάριν.</em></strong></span> <span class='ocrx_word' id='word_1_257' title='bbox 1632 3329 1637 3334; x_wconf 87' lang='grc'><em>·</em></span> <span class='ocrx_word' id='word_1_258' title='bbox 1693 3312 1697 3316; x_wconf 73' lang='grc'><strong>’</strong></span> 
     </span>
     <span class='ocr_line' id='line_1_38' title="bbox 343 3382 1995 3447; baseline 0.002 -19"><span class='ocrx_word' id='word_1_259' title='bbox 343 3383 421 3439; x_wconf 52' lang='grc' dir='ltr'><strong>*ἢ</strong></span> <span class='ocrx_word' id='word_1_260' title='bbox 449 3384 673 3440; x_wconf 80' lang='lat' dir='ltr'><strong>Aristoph.</strong></span> <span class='ocrx_word' id='word_1_261' title='bbox 704 3386 788 3428; x_wconf 85' lang='lat' dir='ltr'><strong>Av.</strong></span> <span class='ocrx_word' id='word_1_262' title='bbox 817 3387 950 3432; x_wconf 81' lang='lat'><strong>1104:</strong></span> <span class='ocrx_word' id='word_1_263' title='bbox 982 3385 1094 3441; x_wconf 71' lang='grc' dir='ltr'><strong><em>ὤςτε</em></strong></span> <span class='ocrx_word' id='word_1_264' title='bbox 1123 3390 1311 3446; x_wconf 71' lang='grc' dir='ltr'><strong><em>κρείττω</em></strong></span> <span class='ocrx_word' id='word_1_265' title='bbox 1341 3389 1471 3447; x_wconf 70' lang='grc' dir='ltr'><strong>δῶρα</strong></span> <span class='ocrx_word' id='word_1_266' title='bbox 1497 3385 1645 3434; x_wconf 78' lang='grc' dir='ltr'><strong><em>πολλὰ</em></strong></span> <span class='ocrx_word' id='word_1_267' title='bbox 1677 3387 1774 3431; x_wconf 79' lang='grc' dir='ltr'><strong>τῶν</strong></span> <span class='ocrx_word' id='word_1_268' title='bbox 1803 3382 1995 3440; x_wconf 77' lang='grc' dir='ltr'><strong><em>Ἀλεξάν-</em></strong></span> 
     </span>
     <span class='ocr_line' id='line_1_39' title="bbox 455 3455 764 3511; baseline 0.003 -14"><span class='ocrx_word' id='word_1_269' title='bbox 455 3455 567 3511; x_wconf 75' lang='grc' dir='ltr'><strong><em>δρου</em></strong></span> <span class='ocrx_word' id='word_1_270' title='bbox 595 3455 764 3511; x_wconf 83' lang='grc' dir='ltr'><strong><em>λαβεῖν.</em></strong></span> 
     </span>
    </p>
   </div>
  </div>
 </body>
</html>
