2170 3848
960 244 1040 301 83

154 413 242 447 rae
282 395 535 446 hominum
582 394 803 443 omnium
853 392 1060 458 proprii,
1113 390 1256 440 alteri
1292 392 1439 439 certis
1473 392 1652 441 civium
1683 408 1841 457 genev

154 477 305 528 ribus.
373 475 496 525 Illud
531 491 686 539 genus
722 473 1015 522 medicinam
1051 472 1244 535 quaerit
1278 487 1479 532 eornm,
1523 473 1606 535 qui
1641 473 1704 522 de
1737 476 1835 524 vita

154 557 476 620 moribusque
510 555 796 619 inquirunt,
830 553 927 601 hoc
962 568 1150 611 eorum,
1187 550 1270 615 qui
1298 550 1526 600 civitates
1561 555 1835 615 gubernant

158 644 213 688 et
258 637 455 703 legibus
489 635 831 698 institutisque
877 634 1172 696 temperant.
1244 630 1422 697 Neque
1468 632 1630 681 defuit
1662 635 1737 683 vir
1771 637 1834 685 ad

151 718 472 783 corrigendas
507 716 682 765 civium
718 713 968 777 opiniones
1004 712 1437 776 emendandosque
1474 728 1638 761 mores
1673 721 1834 780 aptus,

154 814 212 847 ac
244 797 343 846 iam
377 803 479 845 tum
514 795 689 844 aetatis
723 793 892 857 vigore
927 792 1107 841 florens
1145 792 1360 857 optimos
1397 808 1618 856 quosque
1653 800 1704 842 et
1756 798 1832 844 di-

155 878 340 927 scendo
372 876 704 925 habilissimos
741 874 1095 923 consuetudine
1130 873 1440 931 devinxerat,
1475 889 1637 936 neque
1674 875 1833 925 solum

154 956 467 1022 disputando,
502 970 668 1002 verum
695 953 859 1013 etiam,
897 953 1028 1017 quod
1051 953 1209 1000 maius
1238 958 1332 1010 est,
1369 970 1490 1003 suae
1515 953 1646 1002 vitae
1666 971 1832 1004 exem-

154 1037 290 1102 plum
323 1033 672 1100 proponendo,
720 1048 868 1096 quum
915 1032 1138 1082 moribus
1187 1034 1287 1081 suis
1321 1035 1505 1097 pariter
1540 1038 1690 1096 atque
1725 1051 1832 1086 ser-

148 1115 374 1164 monibus
409 1113 526 1178 quid
561 1129 760 1175 verum,
796 1120 987 1162 rectum
1040 1113 1320 1179 bonumque
1355 1119 1489 1164 esset
1524 1116 1832 1179 ostenderet,

151 1195 443 1244 incredibile
498 1194 559 1242 ad
619 1193 1000 1272 conformandos
1056 1194 1244 1242 animos
1295 1200 1592 1258 mentesque
1642 1211 1831 1258 eorum,

149 1276 440 1340 quibuscum
476 1275 782 1335 versabatur,
817 1279 1121 1323 momentum
1152 1273 1382 1326 habebat.
1454 1274 1550 1337 Qui
1586 1292 1831 1339 quaecun-

150 1372 250 1420 que
282 1354 524 1404 sentiebat
560 1354 753 1417 sibique
787 1359 1129 1418 persuaserat,
1166 1371 1226 1403 ea
1259 1371 1407 1418 quum
1443 1355 1622 1403 mirum
1650 1356 1699 1405 in
1724 1373 1830 1406 mo-

150 1435 266 1484 dum
303 1451 415 1485 cum
445 1435 700 1500 Euripidis
748 1436 997 1484 sententia
1030 1441 1305 1500 congruant
1339 1441 1389 1483 et
1423 1435 1555 1484 vitae
1589 1437 1719 1486 illius
1755 1439 1828 1487 in—

149 1516 376 1565 stitutum
418 1515 580 1580 ipsum
627 1514 790 1564 simile
825 1531 938 1564 esse
974 1516 1194 1565 moribus
1230 1515 1289 1563 ab
1324 1515 1422 1564 hoc
1455 1518 1707 1581 expressis
1743 1534 1830 1583 ap-

148 1601 351 1661 pareat,
398 1595 621 1660 plerique
665 1596 839 1657 hodie,
885 1597 1095 1644 rivulum
1144 1612 1255 1644 cum
1291 1595 1433 1644 fonte
1468 1603 1829 1660 permutantes,

146 1676 279 1725 huuc
324 1675 455 1724 illius
504 1675 684 1725 divitiis
721 1678 930 1725 ditatum
966 1692 1078 1725 esse
1113 1676 1389 1737 affirmant,
1437 1681 1715 1741 temporum
1749 1695 1829 1726 ra-

147 1756 282 1804 tione
315 1755 424 1821 ipsa
469 1773 678 1820 puerum
713 1756 967 1804 Socratem
1002 1756 1178 1816 fuisse,
1215 1772 1310 1820 quo
1347 1762 1574 1821 tempore
1607 1757 1830 1820 philoso-

147 1835 319 1899 phicas
353 1835 603 1898 Euripidis
638 1836 917 1899 tragoedias
951 1836 1162 1901 populus
1198 1836 1428 1884 admirari
1463 1837 1712 1899 coeperit,
1751 1854 1829 1886 ar-

148 1919 332 1978 guente
366 1914 456 1980 (cf.
478 1913 536 1962 T.
564 1915 600 1964 Ι.
631 1933 679 1980 p.
713 1914 864 1978 131).
934 1916 1031 1963 Hic
1065 1931 1261 1979 quoque
1298 1931 1464 1974 error,
1513 1921 1567 1963 ut
1611 1915 1828 1980 plurimi,

148 1994 494 2059 Aristophanis
529 1995 868 2059 depravatoris
904 1997 1195 2044 auctoritate
1229 1996 1418 2056 nititur,
1456 1995 1537 2059 qui
1563 2000 1728 2045 tamen
1754 1998 1828 2046 in-

146 2074 274 2122 vitus
310 2090 478 2122 verum
513 2075 830 2140 significavit,
867 2091 978 2124 cum
1015 2075 1192 2124 fecerit
1227 2075 1606 2141 Phidippidem,
1650 2076 1828 2125 Socra-

145 2153 208 2202 tis
243 2154 563 2217 discipulum,
599 2173 705 2204 eam
743 2156 1052 2220 potissimum
1089 2159 1151 2206 ob
1186 2173 1320 2217 rem,
1369 2157 1498 2221 quod
1536 2155 1827 2220 Euripidem

144 2234 560 2299 sapientissimum
609 2242 867 2300 sperneret
918 2233 1079 2300 (ὅςτις
1127 2235 1227 2287 οὐκ
1261 2234 1564 2302 Εὐριπίδην
1599 2232 1828 2297 ἐπαινεῖς

143 2312 511 2379 σοφώτατον),
559 2317 688 2380 patri
720 2318 1031 2366 irascentem.
1075 2318 1217 2368 Haec
1251 2319 1512 2366 admiratio
1547 2318 1693 2379 unde,
1729 2320 1827 2367 nisi

143 2411 206 2444 ex
238 2395 586 2456 admiratione,
624 2412 768 2460 quam
804 2398 936 2446 idem
971 2405 1117 2462 poeta
1148 2399 1343 2448 Socrati
1377 2399 1641 2460 iniecerat,
1691 2400 1826 2447 nasci

141 2476 343 2542 potuit?
377 2476 730 2539 Quamobrem,
765 2478 809 2525 si
843 2463 1097 2527 Theseum
1129 2484 1302 2527 noster
1336 2478 1530 2527 induxit
1562 2479 1708 2543 plane
1743 2496 1825 2527 ea-

142 2555 257 2604 dem
290 2557 356 2605 de
389 2557 593 2605 deorum
629 2558 951 2625 providentia,
986 2560 1049 2607 de
1085 2559 1395 2619 divinatione,
1432 2559 1496 2607 de
1522 2559 1651 2607 vitiis
1682 2568 1824 2608 natu-

140 2651 228 2684 rae
260 2635 501 2686 humanae
534 2638 825 2698 docentem,
861 2653 987 2703 quae
1023 2640 1087 2688 de
1120 2640 1200 2688 his
1238 2641 1386 2688 rebus
1417 2637 1674 2686 Socratem
1711 2655 1822 2687 sen-

141 2716 270 2764 sisse
302 2715 579 2780 Xenophon
612 2722 850 2778 testatur,
896 2721 990 2768 erit
1037 2721 1160 2769 haec
1211 2735 1405 2785 quoque
1450 2719 1738 2784 philosophi
1773 2724 1824 2767 et

139 2802 320 2860 poetae
352 2798 609 2846 consensio
643 2799 984 2848 testimonium
1019 2800 1184 2866 magni
1218 2799 1426 2859 ardoris,
1465 2814 1559 2862 quo
1588 2799 1820 2849 Socrates

140 2876 201 2924 ad
238 2875 446 2925 senioris
477 2875 570 2925 viri
602 2879 863 2928 amicitiam
900 2881 1182 2944 rapiebatur
1218 2885 1270 2928 et
1303 2879 1364 2926 ad
1400 2879 1681 2943 exemplum
1729 2880 1821 2928 ho-

138 2957 350 3016 miuum,
411 2972 532 3020 quos
581 2958 665 3007 ille
721 2960 1018 3010 carminibus
1066 2960 1365 3026 effingebat,
1416 2975 1554 3007 suam
1601 2966 1820 3010 mentem

80 3041 108 3059 ’β
140 3041 375 3099 suamque
411 3035 557 3085 vitam
605 3039 955 3088 conformabat.
1025 3042 1092 3091 At
1125 3039 1512 3103 Aristophanes,
1560 3039 1608 3087 in
1646 3039 1818 3089 detur-

138 3115 311 3180 pandis
346 3117 494 3165 rebus
534 3118 837 3180 sublimibus,
872 3137 1080 3184 quarum
1105 3119 1423 3169 meditatione
1448 3119 1641 3168 medela
1674 3137 1819 3184 prae-

137 3196 266 3244 senti
298 3204 493 3245 morum
528 3199 832 3262 corruptioni
866 3202 1095 3265 vitaeque
1128 3199 1485 3265 perturbationi
1513 3201 1674 3264 parari
1706 3215 1820 3263 pos-

138 3278 243 3333 set,
290 3277 338 3325 in
382 3277 760 3341 proscindendis
809 3281 983 3339 stu-diis
1030 3280 1424 3341 honestissimis,
1473 3279 1524 3327 in
1559 3279 1820 3328 laceranda

134 3356 532 3428 gravissimorum
567 3358 783 3408 virorum
816 3360 948 3408 fama
973 3360 1064 3408 sibi
1102 3365 1348 3420 constans,
1385 3376 1536 3423 quum
1560 3363 1709 3408 antea·
1730 3359 1818 3407 de-

136 3436 428 3499 torquendis
462 3437 718 3503 Euripidis
746 3440 1034 3489 carminibus
1061 3439 1266 3503 gloriam
1295 3440 1386 3488 sibi
1410 3439 1691 3502 fabulisque
1718 3438 1819 3487 suis

1410 3522 1485 3567 6
