2202 3892
999 246 1125 305 239

235 411 410 447 vorum
442 396 663 461 partibus
696 399 870 444 contra
901 393 1127 444 dominos
1152 398 1304 454 stare,
1339 407 1500 456 neque
1527 405 1677 457 posse
1700 405 1912 456 unquam

235 476 298 525 ad
330 477 508 526 horum
545 475 806 526 utilitatem
840 475 967 525 bona
1001 491 1092 524 sua
1127 473 1356 522 conferre
1391 471 1634 521 affirmat:

1025 552 1256 612 δούλους
1290 550 1392 617 γὰρ
1431 550 1497 601 οὐ

330 671 334 675 -
366 633 532 687 καλὸν
564 637 835 686 πεπᾶσθαι
866 631 1177 699 κρείσσονας
1209 634 1318 684 τῶν
1360 631 1630 683 δεσποτῶν

367 795 580 847 δούλων
613 793 732 846 ὅσοι
764 796 982 860 φιλοῦσι
1021 793 1294 845 δεσποτῶν
1327 790 1498 859 γένος,

367 875 502 942 πρὸς
532 877 640 927 τῶν
672 874 874 942 ὁμοίων
907 874 1143 941 πόλεμον
1181 874 1424 940 αἴρονται
1457 869 1638 939 μέγαν.

370 1035 428 1088 ἐκ
459 1041 567 1088 τῶν
600 1035 802 1102 ὁμοίων
837 1035 891 1087 οἱ
922 1035 1075 1088 κακοὶ
1110 1025 1341 1102 γαμοῦσ’
1371 1032 1452 1085 ἀεὶ

367 1196 633 1250 ἀκόλαστα
666 1196 839 1248 πάντα
873 1196 1107 1264 γίγνεται
1142 1196 1354 1249 δούλων
1387 1194 1562 1247 τέκνα.

372 1357 438 1409 οὐ
469 1357 573 1423 γάρ
608 1374 686 1418 τις
720 1356 861 1409 οὕτω
895 1358 1093 1419 παῖδας
1126 1351 1184 1409 εὖ
1218 1357 1573 1420 παιδεύσεται,

362 1435 479 1500 ῶςτ’
514 1436 572 1490 ἐκ
607 1439 866 1506 πονηρῶν
899 1437 971 1507 μὴ
1008 1440 1075 1491 οὐ
1112 1433 1315 1500 κακοὺς
1348 1438 1646 1506 πεφυκέναι
1659 1440 1728 1505 *).

365 1602 613 1668 ἤλεγχον·
660 1598 801 1652 οὕτω
837 1599 939 1668 γὰρ
973 1601 1142 1653 κακὸν
1175 1602 1378 1654 δοῦλον
1409 1598 1594 1667 γένος·

369 1681 569 1750 γαστὴρ
604 1681 831 1746 ἅπαντα,
870 1683 1108 1735 τούπίσω
1145 1682 1193 1733 δ’
1231 1681 1390 1733 οὐδὲν
1425 1683 1622 1735 σκοπεῖ.

369 1841 539 1908 σοφὸς
571 1840 668 1907 μὲν
701 1835 802 1893 οὖν
835 1836 897 1906 εἴ,
934 1841 1152 1910 Πρίαμ’,
1187 1840 1330 1910 ὅμως
1363 1840 1421 1894 δέ
1456 1853 1543 1895 σοι
1575 1840 1740 1908 λέγω·

371 1922 572 1975 δούλου
609 1928 948 1991 φρονοῦντος
981 1927 1183 1989 μᾶλλον
1216 1923 1250 1991 ἢ
1285 1927 1511 1990 φρονεῖν
1543 1922 1712 1991 χρεὼν

373 2003 474 2054 οὐκ
507 2003 648 2055 ἔστιν
681 2007 852 2070 ἄχθος
886 2007 1067 2070 μεῖζον
1102 2003 1228 2056 οὐδὲ
1262 2005 1502 2071 δώμασιν

368 2087 549 2152 κτῆσις
583 2085 787 2137 κακίων
822 2086 939 2137 οὐδ’
973 2085 1382 2153 οἷνωφελεστέρα.

239 2163 420 2214 Contra
467 2167 592 2215 haec
642 2168 911 2217 confidenti
956 2171 1179 2218 oratione
1224 2186 1293 2218 sev
1322 2167 1551 2217 defendit
1584 2168 1918 2219 Alexandrus:

235 2245 542 2295 nobilitatem
578 2263 675 2297 non
709 2248 914 2313 opibus,
951 2250 1038 2298 sed
1074 2251 1257 2298 virtute
1291 2249 1579 2308 terminari,
1615 2254 1667 2301 et
1700 2249 1810 2298 fere
1844 2249 1919 2298 di-

235 2325 363 2374 vites
395 2325 594 2392 ignavos
630 2343 760 2389 esse,
796 2345 979 2393 egenos
1014 2335 1199 2388 autem,
1227 2329 1358 2392 quod
1392 2329 1614 2393 pericula
1650 2334 1701 2378 et
1724 2329 1918 2379 labores

235 2405 374 2454 adire
407 2407 707 2457 necessitate
745 2415 997 2473 cogantur,
1033 2409 1189 2459 fortes
1220 2427 1274 2459 se
1301 2426 1359 2458 ac
1385 2416 1614 2458 strenuos
1636 2416 1919 2473 praestare3

236 2484 448 2550 denique
481 2487 727 2537 neminem
761 2505 852 2553 pro
889 2506 1031 2539 servo
1065 2490 1346 2539 habendum
1384 2505 1524 2549 esse,
1577 2491 1662 2554 qui
1709 2498 1919 2540 mortem

237 2570 540 2614 contemnat·

348 2635 528 2706 ’'Avoeg',
563 2643 810 2712 διαβολαὶ
843 2646 1022 2700 δεινὸν
1054 2648 1365 2713 ἀνθρώποις
1399 2646 1588 2710 κακόν,

363 2721 631 2794 α’γλωσσίᾳ
665 2726 722 2778 δὲ
755 2728 1004 2791 πολλάκις
1038 2729 1263 2797 ληφθεὶς
1297 2728 1451 2796 ανήρ,

366 2802 547 2857 δίκαια
579 2806 743 2870 λέξας,
777 2800 946 2877 ἧσσον
980 2811 1284 2878 εὐγλώσσου
1320 2808 1498 2878 φέρει·

372 2912 432 2920 ——
603 2916 667 2924 —
834 2921 897 2930 —
1064 2922 1071 2930 ι
1126 2922 1131 2929 ,
1300 2920 1362 2929 ,-...
1530 2914 1596 2925 -ο

365 2962 557 3016 ἄδικον
590 2965 621 3017 ὁ
652 2970 898 3035 πλοῦτος,
931 2971 1103 3024 πολλὰ
1138 2972 1185 3024 δ’
1223 2971 1323 3023 οὐκ
1356 2969 1537 3037 ὀρθῶς
1568 2972 1723 3020 ποιεῖ.

364 3073 430 3082 ι-
600 3075 664 3084 ι-
834 3081 894 3088 -
1062 3083 1128 3090 .-..
1295 3080 1357 3088 —
1526 3079 1590 3088 α-

363 3125 534 3178 κακόν
566 3143 617 3178 τι
650 3128 898 3196 παίδευμ’
931 3125 1001 3200 ἦν
1034 3134 1122 3199 ἄρ’
1158 3132 1231 3193 εἰς
1265 3130 1558 3197 εὐανδρίαν

289 3363 340 3417 *J
367 3364 553 3423 Fragm.
583 3366 669 3410 inc.
700 3366 798 3410 13⁰.
829 3372 875 3414 et
901 3369 973 3414 63.
1035 3373 1106 3416 cf.
1135 3372 1311 3416 we10k.
1343 3386 1388 3426 p.
1418 3369 1516 3412 470.
