2124 3860
1083 254 1207 311 34⁰

294 405 572 472 nuptiarum
621 416 842 450 mearum
905 398 1123 460 arbiter3
1187 398 1474 449 obliviscere
1519 401 1768 466 priorum,
1833 408 1882 452 ct
1923 403 1975 453 in

292 486 494 551 gratiam
540 497 735 530 mecum
771 480 906 529 redi:
954 495 1045 541 ego
1097 494 1214 527 vero
1249 495 1340 544 per
1373 495 1529 544 genua
1562 486 1648 530 tua
1680 488 1731 531 te
1764 483 1974 548 supplex

294 578 488 630 precor,
521 566 578 610 ut
610 560 895 609 defunctum
922 560 1077 607 virum
1107 559 1320 623 sepelire
1347 560 1465 607 mihi
1489 560 1652 612 liceat.
1711 562 1973 612 Annuente

295 660 411 707 rege
446 649 497 690 et
530 641 594 689 de
626 629 817 688 rati'one
861 639 1135 703 sepeliendi
1171 644 1465 702 quaerente,
1516 655 1704 689 morem
1757 657 1869 690 esse
1904 643 1975 690 ait

298 722 503 772 Graecis
549 721 597 769 in
644 725 849 784 pontum
893 719 981 779 iis,
1035 719 1117 781 qui
1160 719 1207 767 in
1255 724 1407 782 ponto
1454 719 1719 783 perierint,
1771 720 1972 771 inferias

294 803 571 853 demittere.
638 799 967 847 Promittente
1011 814 1128 860 rege
1175 814 1230 846 se
1265 799 1429 846 omnia
1473 815 1564 863 pro
1599 799 1839 849 facultate
1874 801 1973 849 lar-

294 883 421 947 giter
481 879 844 944 praebiturum,
903 878 988 925 illa
1043 878 1289 925 inscitiam
1355 894 1554 937 eorum,
1625 880 1803 942 quibus
1852 895 1976 944 opus

295 963 378 1022 sit,
412 959 662 1020 simulans,
706 972 943 1021 quaerere
979 972 1038 1006 ex
1075 956 1302 1005 Menelao
1337 957 1492 1009 iubet.
1563 958 1787 1007 Hostiam
1823 960 1976 1024 igitur

295 1043 377 1091 hic
411 1040 623 1104 primum
659 1038 881 1102 postulat
914 1043 964 1085 et
999 1037 1195 1100 quidem
1230 1052 1538 1100 generosam,
1583 1039 1760 1087 deinde
1795 1038 1976 1089 lectum

296 1126 503 1171 stratum
538 1133 750 1181 corpore
782 1132 1017 1176 vacuum,
1054 1120 1158 1163 tum
1194 1131 1355 1176 arma,
1393 1120 1445 1162 ut
1480 1117 1679 1165 militari
1714 1119 1821 1166 viro
1857 1123 2004 1167 con-'

294 1199 562 1257 venientia,
610 1197 821 1260 denique
858 1196 1080 1262 frugum,
1133 1211 1252 1258 quas
1287 1200 1421 1244 terra
1455 1196 1589 1256 fert,
1642 1197 1974 1261 pulcherrima

298 1278 535 1345 quaeque.
605 1277 725 1324 Navi
772 1281 1030 1340 praeterea
1081 1278 1130 1322 et
1165 1276 1433 1338 remigibus
1472 1292 1595 1339 opus
1631 1292 1773 1337 esse,
1823 1282 1880 1326 ut
1926 1277 1976 1326 in

298 1360 398 1407 alto
432 1358 604 1419 maris,
653 1356 784 1404 unde
818 1355 878 1403 ad
916 1361 1097 1402 terram
1135 1354 1367 1403 fluctibus
1403 1356 1542 1403 reiici
1579 1362 1849 1418 nequeant,
1901 1357 1974 1406 in-

297 1438 453 1488 feriae
487 1436 819 1484 demittantur.
887 1434 1026 1482 Haec
1062 1435 1222 1482 omnia
1258 1434 1415 1482 lactus
1453 1435 1723 1498 lubensque
1746 1451 1832 1484 rex
1859 1452 1975 1485 con-

300 1517 459 1573 cedit,
505 1516 698 1577 aegrius
730 1530 847 1562 vero
882 1514 1105 1562 Helenae
1140 1501 1294 1578 ipsius
1329 1530 1474 1562 manu
1511 1530 1650 1562 sacra
1685 1516 1852 1579 peragi
1888 1533 1974 1579 pa-

298 1597 446 1654 titur3
501 1594 591 1642 sed
634 1593 917 1642 affirmante
965 1593 1196 1641 Menelao
1247 1588 1479 1657 coniuges
1531 1611 1558 1642 a
1604 1595 1889 1658 coniugibus
1925 1600 1977 1644 et

299 1680 535 1741 cognatos
569 1690 597 1721 a
631 1674 853 1733 cognatis
889 1673 1007 1721 solis
1043 1675 1137 1722 rite
1172 1673 1403 1736 sepeliri,
1454 1675 1506 1723 id
1542 1689 1735 1738 quoque
1769 1675 1977 1724 assentit

297 1756 447 1805 homo
482 1753 825 1813 caeremoniis,
862 1753 1083 1817 neglecta
1117 1753 1368 1816 probitate
1403 1759 1454 1801 et
1485 1754 1686 1814 iustitia,
1723 1755 1866 1802 unice
1900 1754 1976 1802 in-

297 1839 486 1895 tentus,
536 1838 587 1882 et
623 1832 902 1881 conducere
939 1834 1034 1881 sibi
1068 1834 1190 1898 ipsi,
1240 1833 1371 1895 piam
1406 1834 1563 1898 magis
1599 1849 1742 1897 quam
1777 1833 1978 1882 infidam

300 1914 434 1963 alere
485 1928 716 1973 uxorem,
765 1913 1074 1977 intelligens3
1127 1913 1331 1976 insuper
1374 1912 1684 1972 Menelaum,
1732 1913 1870 1962 cuius
1915 1913 1979 1964 nit

298 1993 472 2044 nuntio
506 1992 669 2041 factus
704 2008 907 2055 compos
943 1994 1061 2051 voti,
1096 1993 1312 2040 vestibus
1347 1993 1572 2056 cibisque
1612 1997 1817 2041 recreat.
1866 1990 1979 2047 ‘His

299 2073 425 2122 actis
461 2073 765 2137 gratulantur
800 2072 922 2134 sibi,
971 2073 1199 2120 adstante
1231 2087 1375 2134 rege,
1410 2071 1668 2120 Menelaus
1702 2078 1754 2121 et
1786 2071 1980 2121 Helena

300 2153 391 2209 sic,
426 2158 482 2199 ut
515 2151 587 2198 illi
618 2152 851 2213 gratulari
887 2158 940 2200 et
984 2152 1131 2199 unice
1178 2153 1523 2215 obtemperare
1567 2152 1831 2200 videantur.
1893 2150 1977 2205 Sic

299 2232 567 2290 barbarus,
616 2237 671 2278 ut
720 2230 924 2277 callidus
973 2237 1025 2277 et
1070 2231 1374 2291 suspiciosus
1422 2230 1488 2276 ita
1530 2229 1758 2292 cupidine
1799 2235 1849 2278 et
1892 2245 1974 2278 su-

301 2311 524 2375 spicione
575 2324 782 2370 coecus,
835 2307 1242 2356 circumvenitur:
1293 2306 1423 2370 quod
1470 2307 1580 2369 quis
1625 2323 1720 2357 non
1752 2308 1978 2371 gaudeat,

298 2390 571 2454 potentiam
608 2405 718 2436 cum
754 2387 1025 2447 iniustitia,
1077 2386 1477 2449 superstitionem
1514 2401 1625 2434 cum
1660 2388 1978 2451 improbitate

300 2471 608 2517 coniunctam
643 2468 815 2516 eludi?

431 2547 697 2610 Postquam
749 2563 920 2595 omnes
966 2547 1094 2594 intro
1140 2545 1393 2602 abierunt,
1447 2547 1654 2606 chorus,
1703 2547 1975 2612 neprodat

300 2632 511 2686 secreta,
547 2627 810 2675 simulacro
845 2632 987 2674 utens
1022 2625 1236 2690 priorem
1264 2625 1486 2674 Helenae
1512 2626 1732 2674 dolorem
1757 2632 1808 2675 et
1831 2643 1974 2690 prae-

300 2710 492 2755 sentem
539 2706 762 2754 ciusdem
810 2707 1040 2754 laetitiam
1084 2704 1334 2768 depingit:
1382 2705 1594 2754 fabulam
1639 2706 1766 2754 enim
1799 2706 1976 2755 ldaeae

299 2786 472 2835 matris
517 2785 668 2832 filiam
718 2786 1002 2849 abreptam,
1053 2784 1397 2832 comitantibus
1447 2785 1668 2834 Minerva
1714 2801 1771 2833 ac
1822 2785 1974 2834 Diana

298 2865 601 2929 virginibus,
649 2880 758 2912 cum
805 2879 998 2913 summo
1041 2878 1270 2911 moerore
1315 2865 1619 2927 quaerentis,
1665 2870 1839 2928 postea
1882 2881 1975 2913 au-

298 2948 399 2992 tem
434 2942 671 3003 Veneris,
725 2943 1005 2992 Gratiarum
1039 2942 1389 3006 Musarumque
1433 2944 1693 2992 saltatione
1727 2943 1970 2992 exhilara-

300 3027 408 3083 tae,
443 3024 660 3071 carmine
693 3022 912 3072 celebrat
947 3022 1330 3088 elegantissimo.
1398 3022 1662 3071 Praeterea
1696 3037 1777 3070 res
1811 3022 1967 3085 ipsae,

300 3118 429 3166 quae
477 3106 761 3161 narrantur,
809 3102 1091 3166 primariam
1135 3101 1268 3150 illam
1303 3103 1623 3161 sententiam,
1671 3105 1796 3164 quae
1831 3101 1971 3164 quasi

298 3180 659 3245 tragoediarum
694 3180 1067 3230 fundamentum
1101 3185 1206 3239 est,
1243 3183 1519 3243 declarant,
1555 3181 1733 3230 tutiora
1766 3195 1822 3227 ac
1855 3179 1969 3227 feli-

302 3260 435 3308 ciora
481 3273 593 3307 esse
637 3261 907 3308 mediocria
940 3277 1084 3324 quam
1121 3261 1309 3310 eximia.
1377 3262 1550 3324 Neque
1584 3260 1712 3308 enim
1748 3273 1969 3307 summae

300 3338 470 3387 laudes
503 3338 651 3387 facile
685 3339 791 3387 sine
824 3341 1055 3404 superbia
1089 3345 1233 3403 atque
1268 3340 1452 3388 invidia
1475 3341 1732 3389 habentur.
1796 3337 1968 3402 ltaque

299 3417 523 3478 Helena,
557 3413 845 3468 dedecorari
878 3423 1186 3470 venustatem
1222 3435 1357 3470 suam
1392 3425 1589 3484 putans,
1637 3419 1678 3468 si
1707 3418 1966 3467 hinnuleo-
