2170 3848
1118 244 1196 300 12

343 385 653 435 celebrantur
669 386 867 446 heroes,
890 389 1118 437 contrarii
1133 387 1412 450 chimaeris,
1427 388 1731 456 sphingibus,
1746 390 1991 457 polyphe-

341 465 434 512 mis
476 464 680 526 aliisque
715 466 822 514 eius
857 468 1050 532 generis
1084 468 1315 516 monstris
1349 475 1493 532 atque
1526 469 1821 532 latronibus,
1870 486 1992 536 quo-

339 556 446 591 rum
492 543 673 606 rapinis
706 549 869 594 terrae
917 552 1165 596 vastentur
1212 563 1268 595 ac
1315 547 1449 610 leges
1486 548 1731 599 civitatum
1764 557 1991 600 evertan-

339 626 434 670 tur.
513 621 731 670 Heroum
775 630 939 672 autem
983 626 1211 690 princeps
1258 631 1336 675 est
1369 626 1640 685 Hercules,
1686 627 1807 677 lovis
1841 630 1992 688 filius,

340 700 478 748 cuius
523 700 767 750 laboribus
818 710 980 753 terrae
1025 721 1193 753 omnes
1242 711 1353 754 sunt
1396 715 1663 771 purgatae,
1698 709 1812 772 quin
1845 710 1992 758 etiam

338 780 444 827 orci
488 780 614 828 victa
661 782 908 830 terricula.
988 783 1111 832 Aevi
1158 784 1337 832 eruditi
1385 801 1500 850 spes
1547 786 1702 835 omnis
1737 787 1910 835 salutis
1941 787 1992 836 in

337 858 607 922 supientiae
648 861 923 924 praeceptis
975 863 1327 926 cognoscendis
1373 864 1667 929 utendisque
1713 866 1993 926 nitebatur3

337 936 461 985 baec
488 937 710 986 homines
737 940 1114 1000 admirabantur,
1138 941 1215 989 his
1252 943 1454 1003 animos,
1488 951 1680 993 mentes
1713 961 1992 1010 moresque,

338 1015 421 1064 alii
465 1016 605 1064 aliam
649 1025 836 1067 sectam
882 1021 981 1067 sive
1028 1019 1337 1084 disciplinam
1381 1028 1668 1085 sequentes,
1714 1024 1992 1073 conforma-

335 1095 469 1146 bant.
520 1095 689 1159 Itaque
722 1113 817 1146 non
851 1098 947 1146 iam
980 1099 1156 1148 heroes
1191 1107 1240 1148 et
1272 1101 1503 1161 latrones,
1539 1102 1627 1151 sed
1661 1104 1908 1167 sapientes
1941 1107 1993 1152 et

334 1175 472 1223 stulti
514 1175 711 1238 quinam
745 1183 910 1226 essent
941 1180 1266 1241 quaerebant3
1310 1196 1478 1229 omnes
1513 1188 1677 1230 autem
1711 1181 1887 1230 stultos
1917 1183 1993 1231 in-

335 1253 501 1302 sanine
550 1254 752 1303 crimine
796 1257 954 1304 teneri
1001 1258 1343 1307 affirmabant:
1401 1260 1621 1319 „etenim
1670 1261 1754 1325 qui
1798 1262 1991 1326 species

262 1339 266 1342 ’
333 1333 439 1381 veri
471 1333 679 1397 falsique
711 1334 929 1384 diversas
963 1338 1139 1384 mentis
1174 1339 1385 1388 tumultu
1419 1340 1698 1403 permiscet,
1748 1356 1833 1400 ac,
1874 1340 1991 1390 dum

335 1426 490 1474 aequa
524 1412 749 1476 iustaque
783 1430 838 1462 se
873 1417 1011 1479 sequi
1043 1416 1321 1473 arbitratur,
1361 1418 1548 1467 scelera
1582 1420 1911 1482 amplectitur,
1945 1420 1991 1469 is

334 1497 606 1540 commotus
641 1498 776 1540 recte
807 1494 1033 1556 habetur,
1082 1511 1241 1557 neque
1276 1498 1532 1561 quicquam
1566 1499 1787 1560 interest,
1824 1499 1992 1548 stulti-

333 1571 468 1619 tiane
501 1576 636 1619 erret
668 1588 728 1620 an
761 1573 831 1620 irs
862 1573 940 1621 vel
974 1574 1246 1638 cupidine.''
1313 1577 1592 1626 Christiano
1628 1577 1839 1643 denique
1872 1594 1991 1628 aevo

333 1655 529 1699 sanctos
561 1650 610 1697 in
636 1649 794 1699 locum
821 1652 1110 1716 sapientium
1147 1658 1448 1706 successisse
1476 1657 1714 1719 videmus,
1748 1657 1992 1721 iidemque

331 1729 510 1778 mortui
551 1728 770 1778 divorum
814 1746 1017 1779 numero
1063 1733 1214 1781 habiti
1249 1739 1300 1782 et
1331 1735 1507 1784 divinis
1538 1737 1805 1786 honoribus
1837 1737 1888 1787 in
1921 1737 1991 1786 si·

332 1807 660 1856 militudinem
698 1809 903 1858 heroum
939 1811 1105 1859 affecti
1137 1818 1265 1861 sunt.

463 1886 581 1935 Tria
615 1888 763 1950 igitur
805 1905 920 1936 aeva
967 1906 1055 1953 pro
1089 1891 1311 1952 duobus,
1347 1908 1472 1954 quae
1506 1892 1773 1943 Schillerus
1807 1895 1992 1960 posuit,

332 1965 676 2031 distinguenda
708 1972 847 2027 sunt,
885 1978 936 2016 et
967 1970 1195 2034 princeps
1230 1978 1514 2034 poetarum,
1550 1973 1632 2036 qui
1665 1975 1820 2022 sensis
1855 1975 1997 2038 cogi--

332 2047 547 2109 tutisque
589 2047 892 2110 exponendis
938 2047 1048 2110 plus
1082 2049 1157 2096 vel
1194 2051 1481 2098 tantundem
1517 2067 1660 2114 quam
1693 2052 1842 2101 rebus
1876 2053 1990 2101 imi-

332 2126 495 2174 tandis
528 2126 819 2186 tribuerunt,
851 2127 1114 2190 Euripides
1148 2132 1241 2188 est,
1277 2134 1478 2194 propter
1512 2131 1560 2178 id
1594 2131 1754 2194 ipsum
1788 2131 1988 2196 philo-

332 2206 575 2268 sophus
620 2207 913 2254 scenicus
969 2207 1028 2253 ab
1079 2207 1291 2270 antiquis
1339 2209 1612 2272 appellatus
1631 2209 1701 2269 *),
1747 2211 1797 2258 in
1844 2227 1989 2273 quem

330 2283 567 2349 pleraque
601 2300 788 2345 eorum,
821 2302 945 2349 quae
979 2285 1041 2333 de
1076 2302 1135 2334 eo
1168 2303 1348 2351 genere
1382 2303 1590 2351 poeseos
1623 2289 1707 2336 ille
1741 2291 1990 2352 praedica-

330 2363 419 2426 vit,
454 2365 743 2414 conveniunt
759 2362 857 2429 **).
910 2364 1166 2414 Perfectae
1199 2366 1391 2415 virtutis
1424 2367 1722 2431 exemplaria
1753 2386 1911 2434 paene
1941 2372 1991 2423 in

398 2565 448 2621 ἢ
475 2566 641 2608 Vitruv.
656 2567 799 2621 praef.
824 2568 1055 2609 lib.VllI.:
1083 2567 1318 2622 Euripides
1339 2568 1512 2610 auditor
1527 2569 1837 2626 Anaxagorae,
1858 2585 1989 2626 quem

469 2637 788 2692 philosophum
816 2637 1102 2679 Athenienses
1128 2639 1348 2680 scenicum
1380 2641 1727 2693 appellaverunt.
1785 2641 1991 2683 Clemens

468 2707 594 2751 Alex.
625 2708 786 2749 Strom.
828 2709 873 2747 V.
905 2723 948 2762 p.
980 2707 1076 2749 581.
1107 2709 1154 2748 C.
1193 2709 1350 2750 Sextus
1388 2709 1517 2763 Emp.
1547 2710 1603 2750 ad
1633 2724 1823 2766 gramm.
1853 2712 1888 2762 1,
1919 2710 1988 2753 13.

469 2791 516 2831 p.
543 2776 638 2817 279.
673 2777 843 2833 Origin.
875 2792 911 2818 c.
943 2778 1057 2819 Cels.
1089 2779 1157 2819 lv.
1186 2792 1229 2832 p.
1257 2776 1354 2818 214.
1386 2779 1628 2821 oraculum
1658 2780 1989 2836 Chaerophonti

469 2847 715 2888 consulenti
743 2848 911 2889 editum
939 2863 1035 2890 esse
1063 2848 1248 2890 traditur
1277 2848 1442 2889 hocce:

577 2915 736 2972 Σοφὸς
765 2918 1021 2972 Σοφοκλῆς,
1051 2915 1309 2974 σοφώτερος
1339 2913 1378 2960 δ’
1393 2913 1662 2974 Εὐριπίδης,

578 2984 759 3044 ἀνδρῶν
787 2986 838 3030 δὲ
866 2985 1052 3030 πάντων
1082 2985 1329 3044 Σωκράτης
1358 2985 1639 3042 σοφώτατος.

469 3057 540 3100 Cf.
574 3057 724 3100 Schol.
757 3058 884 3100 Arist.
914 3058 1028 3100 Nub.
1060 3055 1152 3098 145.
1186 3057 1276 3099 Cic.
1307 3057 1408 3100 Seu.
1439 3073 1475 3099 c.
1506 3057 1576 3099 21.

367 3127 445 3183 5⁶³⁵)
470 3128 708 3170 Diversum
745 3142 772 3169 a
809 3129 1030 3183 prioribus
1058 3127 1318 3182 Euripidem
1359 3131 1401 3169 et
1430 3129 1665 3182 plerosque
1693 3126 1990 3183 posteriorum

467 3199 751 3240 saeculorum
789 3198 1026 3252 scriptores
1055 3211 1149 3239 esse
1190 3211 1276 3238 non
1317 3196 1434 3252 fugit
1463 3197 1756 3249 Schsslemm,
1797 3196 1843 3238 id
1872 3196 1990 3251 quod

468 3267 593 3309 hisee
632 3268 726 3310 eius
762 3268 911 3309 verbis
947 3269 1222 3309 declaratur:
1270 3266 1431 3318 „Diese
1475 3267 1788 3322 Veriinderung
1823 3266 1867 3307 in
1908 3267 1987 3308 der

468 3337 932 3394 Empfindungsweise
969 3337 1026 3378 ist
1059 3338 1198 3379 sehon
1238 3337 1427 3378 iiul'serst
1455 3337 1695 3379 auffallend
1723 3335 1785 3377 im
1811 3334 1991 3390 Euripi-

475 3407 579 3464 des,
622 3422 749 3452 wenn
789 3420 893 3450 man
931 3406 1082 3449 diesen
1109 3406 1191 3450 mit
1216 3405 1368 3449 seinen
1397 3406 1714 3464 Vorgae'ingern‚
1749 3405 1990 3448 besonders
