2170 3866
1047 287 1171 345 anti

260 433 407 482 verba
452 429 834 480 interciderunt.
922 433 1019 482 Sed
1069 436 1355 483 memoriam
1404 436 1640 487 orationis
1687 440 1949 492 universae

260 512 474 560 servavit
496 511 745 576 Longinus
781 512 961 578 fragm.
990 512 1118 565 Vlll.
1146 531 1194 578 p.
1221 517 1332 566 118.
1361 516 1440 567 ed.
1472 516 1673 583 Egger.,
1720 524 1774 568 et
1798 536 1948 584 quos-

260 591 372 639 dam
412 592 680 639 versiculos
715 593 900 655 passim
937 594 1159 642 inventos
1196 600 1335 644 recte
1369 596 1486 644 huic
1522 614 1701 648 scenae
1733 601 1950 650 vindica-

258 675 327 720 vit
375 671 645 733 Por-sonus,
695 673 871 734 quibus
920 674 1148 736 equidem
1196 676 1319 724 alios
1365 693 1426 724 ex
1462 677 1660 728 Christo
1706 679 1813 730 Pat.
1858 682 1949 729 de-

256 759 483 817 promtos
516 751 701 799 addere
729 768 824 801 non
849 753 1038 802 dubito.
1089 755 1269 819 Agnito
1293 757 1445 820 igitur
1474 758 1562 805 filii
1586 759 1784 809 lacerati
1808 761 1949 810 vultu

257 830 423 894 A'wave
469 833 723 880 accusavit
768 849 822 880 se
869 834 1026 897 ipsam
1063 834 1312 899 movitque
1358 838 1747 888 misericordiam
1786 848 1949 905 (γνω-

257 911 448 976 ρίσασα
493 911 588 962 τὸν
633 910 802 961 παῖδα
849 911 1236 977 διεσπασμένον
1282 920 1572 981 κατηγορεῖ
1609 916 1708 985 μὲν
1740 916 1949 991 ἑαυτῆς,

253 988 404 1043 ἔλεον
438 990 494 1043 δὲ
528 994 687 1044 κινεῖ)
725 994 912 1056 dicens,
959 995 1050 1043 nisi
1085 996 1190 1060 ipsa
1226 998 1477 1061 piaculum
1515 1002 1850 1066 suscepissem
1885 1032 1950 1043 -

390 1072 436 1124 εἰ
468 1069 540 1139 μὴ
575 1070 678 1138 γὰρ
715 1071 858 1123 ι’διον
891 1072 1087 1140 ἑλαβον
1119 1074 1192 1135 εἰς
1224 1079 1399 1142 χεῖρας
1431 1078 1602 1142 μύσος
1632 1108 1700 1118 -

254 1155 430 1204 liceret
465 1156 585 1202 mini
622 1171 766 1203 saeva
802 1155 1100 1204 clamitando
1153 1159 1372 1206 dolorem
1417 1159 1677 1211 effundere
1710 1179 1769 1213 ac
1803 1163 1948 1215 dete-

256 1236 376 1287 stari
410 1252 515 1296 eos,
551 1251 758 1298 quorum
795 1238 1021 1284 manibus
1056 1236 1348 1287 foedissime
1381 1241 1622 1304 perisscst

388 1313 639 1365 λακιστὸν
675 1311 733 1363 έν
764 1311 1040 1378 πέτραισιν
1075 1315 1327 1379 εὑρέσθαι
1359 1318 1534 1382 μόρον
1563 1317 1633 1378 *).

254 1396 485 1446 Solamen
522 1396 769 1459 quoddam
807 1397 994 1445 doloris
1030 1404 1108 1445 est
1143 1399 1188 1446 in
1226 1398 1482 1447 funeribus
1511 1400 1799 1460 liberorum,
1835 1417 1948 1451 cor-

253 1495 366 1543 pus,
414 1478 544 1541 qnod
581 1477 762 1523 alueris
803 1475 1109 1540 foverisque‚
1155 1479 1376 1540 quamvis
1421 1479 1663 1538 exanime,
1715 1481 1949 1547 amplecti

256 1565 406 1622 atque
442 1556 675 1605 osculari.
761 1555 874 1603 Hoc
921 1556 1168 1618 quomodo
1204 1572 1296 1620 ego
1343 1556 1520 1606 faciam
1556 1560 1758 1625 corpori
1790 1577 1950 1611 mem-

254 1640 435 1690 bratim
473 1638 710 1684 distracto
745 1635 993 1698 foedeque
1027 1636 1343 1684 deformato?

388 1717 500 1776 πῶς
534 1714 622 1766 καί
655 1732 745 1766 νιν
776 1714 813 1781 ἦ
847 1713 1112 1779 δύστηνος
1143 1714 1513 1783 εὐλαβουμένη

392 1798 526 1862 πρὸς
562 1795 754 1861 στέρνα
786 1796 996 1860 ficuum,-
1032 1796 1151 1847 τίνα
1185 1794 1241 1847 δὲ
1276 1798 1533 1865 θρηνήσω
1567 1798 1795 1865 τρόπονς

256 1880 589 1931 Nihilominus
652 1878 842 1941 singula
890 1879 1114 1926 membra
1161 1879 1387 1944 amplexa
1442 1887 1492 1929 et
1543 1883 1804 1930 recordata
1845 1883 1947 1947 pri-

254 1961 415 2010 stinae
472 1976 641 2008 eorum
705 1960 970 2007 venustatis
1019 1959 1315 2021 virtutisque
1373 1959 1574 2009 foedum
1619 1962 1852 2010 laniatum
1899 1963 1949 2014 in

252 2056 552 2106 unoquoque
612 2039 842 2102 deplorat
890 2038 1143 2096 (ἕκαστον
1190 2038 1360 2090 αὐτοῦ
1405 2040 1513 2089 τῶν
1561 2042 1736 2107 μελῶν
1768 2040 1805 2108 ἦ
1838 2039 1938 2110 μή-

253 2138 352 2187 τηρ
386 2117 444 2171 έν
478 2121 595 2179 ταῖς
630 2115 773 2183 χερσὶ
806 2123 1080 2181 κρατοῦσα
1116 2118 1240 2170 καθ’
1278 2119 1505 2171 ἕκαστον
1539 2120 1866 2189 οἰκτίζεται)ε

385 2199 490 2267 ἄγ’,
527 2192 570 2250 ὦ
604 2201 829 2250 τάλαινα
862 2198 973 2266 χεὶρ
1011 2199 1126 2266 ἐμή,
1162 2200 1357 2266 νεκρὸν
1391 2200 1520 2268 λαβέ

388 2358 480 2413 καὶ
510 2363 620 2411 πᾶν
653 2359 1047 2426 κατασπάσαιμι
1082 2359 1180 2411 σὸν
1214 2358 1386 2424 μέλος,
1421 2358 1629 2420 τέκνον,

392 2445 640 2495 κυνοῦσα
675 2441 892 2505 σάρκας,
929 2439 1088 2505 ἅςπερ
1126 2438 1491 2506 έξεθρεψοέμην
1507 2439 1606 2500 **).

253 2525 383 2575 Tum
422 2523 730 2572 concinnavit
764 2539 937 2571 rursus
974 2525 1348 2588 composuitque
1372 2523 1539 2583 funus,
1576 2526 1631 2570 ut
1665 2525 1950 2573 servaretur

255 2606 505 2672 sepulcro
543 2610 596 2651 et
631 2603 853 2651 ultimum
892 2603 1146 2652 salutavit:
1474 2645 1488 2655 ,,

393 2683 528 2750 οἴχῃ,
563 2681 826 2734 ποθεινὸν
857 2682 1060 2747 τέκνον,
1098 2682 1171 2743 εἷς
1187 2677 1378 2733 ’Ἅιδου
1414 2681 1618 2746 δόμους
1644 2679 1778 2741 ***).

256 2765 428 2816 Motus
478 2767 555 2813 his
602 2766 817 2813 miseriis
864 2766 972 2828 ipse
1020 2766 1244 2813 Bacchus
1290 2765 1349 2812 ad
1398 2762 1726 2812 consolandos
1773 2778 1948 2825 aegros

260 2845 537 2907 descendit,
573 2846 821 2910 simulque
856 2846 987 2893 vitae
1024 2846 1185 2894 exitus
1211 2845 1365 2909 qualis
1390 2844 1588 2892 futurus
1614 2847 1753 2891 esset
1777 2848 1948 2892 osten-

261 2927 349 2976 dit.
421 2926 473 2973 ln
518 2926 760 2974 dracones
808 2926 939 2974 enim
987 2925 1227 2974 Cadmum
1275 2932 1424 2989 atque
1467 2923 1789 2974 Harmoniam
1837 2939 1947 2972 mu-

316 3129 363 3184 *)
393 3127 581 3171 Lucian.
608 3129 723 3171 Piso.
746 3129 868 3172 init:
898 3126 1112 3183 καθάπερ
1127 3124 1233 3171 τινὰ
1249 3124 1439 3169 Πενθέα
1465 3121 1497 3179 ἢ
1524 3120 1705 3181 Ὀρφέα
1733 3119 1949 3169 λακιστὸν

406 3197 456 3243 ἐν
484 3196 723 3254 virgatam
754 3197 974 3258 εὑρέσθαι
1003 3197 1163 3257 μόρον.
1231 3199 1298 3239 Ex
1339 3197 1495 3239 eodem
1525 3198 1627 3238 loco
1657 3195 1839 3250 decerpi
1866 3209 1948 3250 po-

405 3269 491 3312 tuit
530 3269 711 3326 fragm„
758 3272 874 3326 quod
904 3272 1045 3314 schol.
1081 3271 1252 3313 Phoen.
1284 3283 1327 3310 v.
1349 3268 1390 3310 3.
1429 3268 1572 3322 affert,
1604 3281 1631 3309 a
1662 3264 1949 3308 Zirndorfero

404 3354 450 3396 p.
473 3337 569 3381 105.
591 3345 908 3384 monstratum:
939 3341 1018 3385 και
1049 3340 1097 3384 ἓν
1128 3340 1352 3394 Βάκχαις’
1384 3335 1578 3396 αὐτῇσιν
1607 3334 1802 3388 ἐλάταις.

299 3409 393 3477 *J})
405 3409 514 3452 Chr.
536 3411 635 3452 Pat.
658 3425 701 3453 v.
725 3411 852 3454 1306.
882 3410 1155 3465 1254‚1255.
1185 3409 1312 3452 1312.

264 3471 432 3559 *RQ
396 3479 518 3534 Chr.
539 3479 638 3523 Pat.
659 3496 704 3525 v.
730 3480 857 3526 1502.

608 3544 706 3600 „fa
