2170 3866
1129 221 1256 279 474

338 385 395 419 re
427 384 524 419 non
565 369 743 427 audet3
780 367 993 433 denique
1041 384 1222 427 socco,
1259 384 1405 434 quam
1441 371 1719 431 cothurno,
1753 369 2029 434 digniorem

337 450 476 498 vides
528 449 801 497 materiam.
872 448 974 497 Sed
1023 466 1121 499 non
1155 450 1349 505 levibus
1382 451 1524 499 malis
1559 452 1621 510 ii,
1669 467 1880 516 quorum
1916 465 2027 498 sors

336 530 516 593 agitur,
553 529 802 588 laborant3
836 545 934 579 non
970 530 1105 580 leves
1140 547 1303 594 neque
1337 532 1686 580 contemnendi
1709 531 1744 578 ii
1770 530 1867 595 ipsi
1895 535 2029 591 sunt,

336 609 422 673 qui
452 609 690 657 laborant.
761 609 1048 659 Clarissimo
1082 612 1385 676 imperatore
1433 629 1526 678 per
1571 611 1818 660 nefarium
1865 610 2029 659 scelus

335 692 397 739 ab
430 706 589 739 uxore
623 690 873 751 adultera,
923 708 1074 754 quum
1119 699 1233 756 post
1267 693 1461 755 longam
1496 692 1770 740 absentiam
1806 691 2029 739 maximia

333 770 486 819 rebus
521 771 680 835 gestis
714 772 913 819 domum
949 789 1181 820 reversus
1218 779 1371 831 esset,
1414 771 1701 832 interfecto,
1735 771 1869 819 filius
1904 770 2029 833 eiua,

334 851 440 899 sive
488 850 621 914 quod
671 852 882 899 oraculis
931 852 1136 901 deorum
1184 853 1475 911 iubebatur,
1524 852 1627 900 sive
1662 852 1795 914 quod
1831 866 1968 899 more
2001 867 2031 899 a

333 931 606 980 maioribus
643 932 828 979 tradito
864 932 990 991 sibi,
1039 939 1097 981 ut
1138 933 1344 981 haeredi
1391 933 1633 981 bonorum
1669 933 1909 997 regnique
1941 947 2030 995 pa-

332 1012 490 1072 terni,
536 1011 760 1059 officium
796 1011 926 1060 illius
963 1012 1234 1061 ulciscendi
1270 1013 1455 1078 iniungi
1490 1013 1844 1072 arbitrabatur,
1892 1017 2031 1060 certe

331 1091 465 1140 nulla
498 1092 671 1139 vitiosa
709 1092 940 1156 cupidine
986 1094 1260 1152 adductus,
1313 1095 1403 1142 sed
1454 1094 1584 1142 tristi
1619 1093 1815 1142 cuidam
1850 1107 2030 1157 parens

333 1172 655 1231 necessitati,
708 1188 896 1236 poenas
949 1175 1117 1222 caedis
1163 1178 1396 1237 paternae
1444 1190 1471 1222 a
1518 1180 1676 1222 matre
1721 1175 1887 1236 exegit
1919 1188 2031 1221 eam

331 1252 695 1301 interficiendo.
767 1253 984 1316 Propter
1028 1255 1165 1317 quod.
1210 1254 1399 1302 sactum
1446 1254 1489 1302 si
1525 1269 1622 1316 quo
1670 1253 1917 1318 supplicio
1952 1253 2029 1302 af-

329 1333 575 1382 ficiendus
611 1339 707 1394 est,
743 1341 882 1381 certe
921 1349 1015 1381 non
1052 1350 1080 1381 a
1116 1335 1321 1396 civibus,
1359 1351 1567 1398 quorum
1592 1335 1822 1382 instituta
1844 1333 2029 1383 defen-

328 1413 421 1472 dit,
455 1413 841 1462 decernendum.
915 1414 1177 1477 Antigona,
1215 1430 1326 1462 cum
1362 1414 1573 1462 fratrem
1606 1414 1759 1461 invito
1793 1429 1911 1478 rege
1947 1430 2027 1463 se·

329 1494 537 1560 peliret,
586 1493 710 1541 fecit
746 1493 880 1556 quod
926 1502 1102 1541 natura
1139 1495 1367 1553 iubebat,
1415 1495 1551 1557 leges
1587 1494 1846 1555 vetabant3
1897 1495 2027 1545 Ore-

329 1580 463 1631 stes,
512 1574 643 1637 quod
694 1580 885 1636 patrem
923 1573 1056 1620 ultus
1092 1581 1172 1622 est
1222 1580 1429 1621 matrem
1482 1573 1854 1632 interficiendo,
1905 1575 2030 1625 fecit

330 1655 463 1720 quod
498 1655 841 1702 concedebant
875 1653 1038 1716 leges,
1074 1654 1165 1701 sed
1203 1661 1371 1702 contra
1404 1660 1746 1706 naturamest
1778 1655 1891 1704 luce
1926 1657 2029 1720 pri-

328 1751 450 1786 vare
485 1750 589 1796 eos,
625 1751 654 1782 a
688 1735 866 1799 quibus
900 1736 1010 1798 ipse
1045 1734 1209 1781 lucem
1245 1735 1517 1798 acceperis.
1589 1733 1759 1798 ltaque
1784 1735 2030 1801 Antigona

330 1831 429 1865 non
465 1817 732 1877 recusavit,
770 1816 1030 1878 quominus
1058 1830 1286 1877 poenam,
1320 1829 1467 1876 quam
1496 1830 1585 1862 rex
1610 1820 1871 1874 statuerat,
1908 1818 2028 1867 sub-

327 1896 454 1955 iret3
490 1902 716 1944 ceterum
749 1896 847 1954 hic,
883 1895 1014 1958 quod
1053 1894 1215 1959 legem
1251 1901 1456 1942 naturae
1503 1894 1798 1943 contrariam
1842 1913 2040 1962 propo-v

330 1983 518 2038 suerat,
554 1991 582 2023 a
615 1976 707 2024 diis
744 1976 946 2040 punitus
982 1981 1090 2034 est3
1128 1974 1335 2022 Orestes
1369 1990 1395 2021 a
1419 1974 1603 2034 Furiis,
1640 1974 1693 2022 id
1727 1981 1807 2024 est
1843 1971 2031 2044 angore

331 2057 665 2107 conscientiae
699 2055 991 2119 fraudisque
1030 2056 1281 2113 cruciatu,
1318 2054 1498 2103 merito
1533 2070 1589 2102 ac
1623 2059 1905 2106 necessario
1939 2075 2029 2108 ex-

329 2140 578 2203 agitatur,
627 2143 849 2185 ceterum
895 2137 1005 2184 iure
1047 2142 1288 2199 recteque
1324 2140 1498 2212 sperat
1535 2134 1674 2196 fore,
1725 2142 1781 2185 ut
1814 2137 2028 2187 interce-

329 2220 481 2269 dente
515 2218 640 2277 deo,
678 2217 816 2264 cuius
853 2217 991 2263 iussu
1026 2215 1217 2277 legibus
1253 2214 1580 2272 satisfecerit,
1615 2216 1676 2262 ab
1713 2215 1906 2264 illarum
1941 2233 2027 2265 co·

330 2298 510 2348 mitatu
559 2296 826 2360 aliquando
875 2295 1148 2354 liberetur3
1210 2292 1272 2340 ad
1324 2293 1458 2340 cives
1505 2308 1623 2340 vero
1665 2295 2028 2346 animadversio

330 2378 480 2429 huius
516 2377 722 2427 sceleris
758 2375 960 2424 minime
1011 2374 1260 2438 pertinet,
1310 2372 1423 2436 qui,
1473 2372 1517 2420 si
1553 2373 1721 2436 utique
1768 2391 1896 2438 quae
1930 2392 2029 2427 non

334 2465 453 2509 sunt
508 2458 733 2522 ipsorum
780 2455 1043 2520 potestatis
1089 2468 1264 2501 curare
1309 2452 1509 2512 voiunt,
1556 2454 1777 2516 praemio
1822 2456 2030 2506 afficere

334 2538 571 2589 Orestem
608 2538 807 2596 debent,
843 2535 974 2601 quod
1010 2550 1122 2584 cum
1159 2548 1248 2581 suo
1283 2533 1595 2581 incommodo
1627 2550 1795 2584 mores
1829 2535 2028 2586 institu-

333 2625 484 2684 taque
518 2619 714 2684 publica
748 2622 939 2666 tutatus
976 2621 1069 2675 est,
1107 2630 1205 2664 non
1232 2629 1387 2662 aures
1423 2615 1667 2678 praebere
1699 2615 2031 2666 calumniato-

333 2701 470 2750 ribus
505 2715 666 2763 neque
701 2700 1051 2762 obtemperare
1084 2695 1307 2744 factiosis
1343 2694 1717 2757 ambitiosisque
1745 2696 2029 2747 hominibus

333 2781 468 2829 illius
520 2779 791 2827 infortunio
842 2780 904 2827 ad
955 2776 1297 2840 occupandum
1342 2775 1674 2838 principatum
1712 2776 2030 2827 transferen-

334 2860 553 2923 dumque
589 2860 639 2907 in
675 2876 812 2907 suam
850 2859 1050 2907 domum
1086 2872 1294 2922 regnum
1319 2856 1650 2903 abutentibus.
1702 2855 1872 2904 Iunius
1900 2857 2027 2906 Bru-

335 2946 415 2991 tus
453 2945 505 2988 et
543 2939 757 2989 Manlius
792 2937 1095 3001 Torquatus,
1132 2937 1261 3001 quod
1298 2936 1463 3000 legum
1500 2951 1675 2984 caussa
1710 2936 1839 2984 filios
1874 2936 2029 2985 inter-

335 3020 596 3077 fecerunt,
647 3035 744 3068 non
781 3018 931 3067 modo
968 3034 1065 3066 non
1101 3017 1390 3080 reprehensi
1439 3022 1553 3064 sunt
1587 3033 1615 3063 a
1665 3015 1884 3074 civibus,
1935 3017 2027 3065 sed

336 3101 486 3152 etiam
520 3100 718 3148 laudati.
787 3099 1019 3148 Atrocius
1054 3103 1132 3146 est
1165 3102 1396 3160 parentes
1431 3113 1458 3143 a
1493 3095 1661 3143 liberis
1709 3111 1855 3159 quam
1878 3155 1881 3157 ,
1902 3095 2027 3144 libe·

335 3198 422 3232 ros
455 3197 484 3229 a
517 3180 807 3246 parentibus
841 3178 1081 3236 interfici3
1117 3178 1207 3226 sed
1243 3177 1562 3225 nihilominus
1593 3175 1844 3223 Homerus
1879 3174 2028 3224 laude

337 3261 540 3325 dignum
575 3259 807 3309 Orestem
854 3273 968 3307 esse
1012 3257 1246 3307 iudicavit
1280 3263 1330 3305 et
1363 3257 1652 3305 imitandum
1688 3253 2027 3304 Telemacho:

339 3341 578 3392 defuncto
623 3341 754 3391 enim
801 3345 946 3403 patre
987 3354 1110 3404 rege
1152 3336 1287 3387 filius
1333 3337 1514 3386 haeres
1547 3337 1678 3385 vitae
1709 3335 1944 3399 necisque
1976 3335 2028 3384 iu
