2170 3866
1096 303 1225 362 566

311 450 377 501 tis
391 449 466 511 ³¹).
533 449 675 500 Haec
709 452 861 515 atque
894 449 992 500 alia
1027 451 1135 502 eius
1169 451 1366 517 generis
1413 449 1600 500 docens
1635 449 1902 519 Euripides
1935 455 2008 506 si-

308 530 515 595 mulque
557 536 852 596 argumento
898 530 1136 582 dramatis
1184 532 1463 592 declarans,
1512 531 1631 595 quid
1665 532 1817 602 aliud,
1862 551 2013 600 quam

309 612 562 660 monuisse
578 611 878 661 Archelaum
902 613 1113 674 videtur,
1152 630 1214 662 ne
1248 613 1474 678 potentia
1506 614 1833 667 abuteretur-‘3
1877 614 2009 666 Eum

309 697 477 740 autem
515 707 703 757 regem,
754 694 837 755 qui
882 693 966 741 tali
999 699 1150 757 poeta
1183 694 1444 758 gauderet,
1489 691 1672 742 Pericli
1707 710 1856 758 quam
1889 689 2009 746 Dio-

309 772 467 836 nysiis
511 772 801 821 similiorem
846 773 1006 822 fuisse
1052 790 1263 823 necesse
1311 779 1405 825 est.
1492 773 1633 822 Haec
1683 779 1853 824 autem
1899 766 2012 825 sine

311 852 464 901 dubio
501 851 646 901 huius
683 853 913 901 carminis
949 853 1023 902 vis
1058 856 1314 918 virtusque
1350 854 1538 916 effecit,
1574 858 1644 914 ut,
1697 870 1847 919 quum
1872 871 2010 906 uun-

311 947 459 995 quam
494 934 544 981 in
570 932 946 998 Atheniensium
982 934 1235 983 theatrum
1272 935 1490 983 delatum
1527 940 1680 995 esset,
1714 942 1887 1000 utpote
1922 951 2010 985 ex-

308 1019 529 1062 terorum
576 1013 730 1062 rebus
775 1015 931 1079 magis
979 1030 1126 1077 quam
1176 1015 1483 1064 Graecorum
1531 1021 1783 1080 aptatum,
1842 1024 2018 1068 tamen.

309 1092 458 1158 vulgo
503 1094 838 1142 innotesceret
888 1099 940 1142 et
985 1094 1232 1143 familiare
1282 1101 1417 1144 esset
1464 1096 1645 1156 doctiS,
1690 1097 1742 1146 id
1778 1098 1910 1162 quod
1945 1113 2010 1148 ex

308 1172 588 1232 Plutarchi,
634 1174 860 1233 Diodori,
906 1174 1147 1239 Dionysii,
1200 1174 1480 1238 StraboniS,
1532 1175 1841 1239 Dicaearchi,
1889 1177 2010 1228 Me-

308 1253 502 1312 nandri,
550 1253 723 1303 Iustini
758 1256 929 1316 Mart.,
977 1254 1179 1304 Stobaei
1225 1256 1535 1322 aliorumque
1576 1262 1680 1306 tum
1717 1257 2011 1310 laudationi-

306 1333 401 1383 bus
437 1339 543 1383 tum
577 1334 938 1385 imitationibus
974 1335 1284 1402 intelligitur.

953 1544 1334 1551 ψ---ο-..--γ--.--.---.κἡ
1348 1546 1363 1549 »

371 1715 573 1800 XXI.
667 1715 782 1785 De
832 1714 1070 1808 gloria
1115 1714 1490 1808 Euripidis
1539 1714 1964 1809 superstite.

438 1970 621 2021 Nuntio
657 1972 721 2022 de
754 1976 917 2021 morte
950 1972 1209 2036 Euripidis
1242 1971 1465 2020 Athenas
1500 1971 1694 2035 perlato
1727 1972 2011 2022 universam

305 2052 591 2117 accepimus
641 2053 891 2101 civitatem
943 2051 1117 2100 dolore
1171 2068 1230 2100 ac
1285 2052 1538 2101 moestitia
1598 2051 1830 2101 affectam
1877 2067 2010 2114 esse,

306 2148 453 2196 quem
492 2133 669 2181 civium
708 2132 943 2181 affectum
974 2132 1296 2197 Sophoclem,
1333 2148 1485 2196 quum
1520 2131 1653 2181 forte
1689 2133 1736 2180 in
1765 2148 1827 2181 eo
1854 2137 2010 2193 esset,

303 2218 362 2261 ut
396 2213 678 2277 tragoedias
707 2213 1058 2271 committeret,
1096 2213 1237 2276 sequi
1267 2213 1579 2260 decrevisse:
1613 2213 1784 2275 itaque
1817 2216 2010 2262 vestem

304 2296 355 2340 et
395 2293 561 2356 ipsum
609 2298 830 2340 mutasse
877 2299 930 2341 et
976 2293 1247 2340 histriones
1299 2292 1508 2339 iussisse
1556 2291 1694 2354 pullo
1731 2291 1915 2339 amictu
1949 2306 2010 2339 ae

303 2371 412 2420 sine
446 2371 644 2419 coronis
693 2372 742 2420 in
789 2387 990 2419 scenam
1026 2371 1254 2435 prodire3
1300 2371 1385 2419 vit.
1416 2369 1824 2432 Thom.Magist.
1891 2369 2009 2418 Ma-

301 2452 434 2500 xime
470 2452 600 2500 enim
639 2451 857 2499 omnium
895 2452 1200 2516 tragicorum
1236 2450 1334 2498 illis
1370 2451 1464 2498 iam
1501 2450 1812 2513 temporibus
1849 2450 2009 2498 Athe-

300 2531 499 2580 nienses
537 2531 827 2595 Euripidem
863 2532 1251 2591 admirabantur,
1287 2535 1338 2578 et
1371 2529 1631 2589 videbatur
1667 2529 1750 2577 hie
1786 2528 2007 2593 reliquos

301 2613 521 2675 tragicos
557 2618 778 2673 cunctos,
813 2628 876 2661 ne
912 2610 1165 2674 Sophocle
1200 2610 1399 2675 quidem
1437 2615 1668 2672 excepto,
1717 2625 2005 2673 superasse.

300 2691 357 2740 Id
404 2708 467 2740 ex
515 2691 689 2751 Rarus,
737 2693 993 2741 comoedia
1040 2691 1407 2756 Aristophanis,
1454 2689 1763 2754 intelligitur,
1810 2688 1864 2738 in
1911 2705 2010 2753 qua

298 2772 385 2821 hic
426 2772 698 2837 Dionysum
745 2773 939 2823 induxit
983 2773 1034 2820 in
1082 2771 1457 2821 similitudinem
1502 2769 1884 2818 Atheniensium
1931 2769 2008 2817 di·

300 2853 508 2919 sciplina
532 2853 786 2918 Euripidis
823 2853 1138 2902 excultorum
1175 2851 1528 2912 deformatum,
1565 2850 1705 2914 quasi
1738 2848 2006 2912 imaginem

301 2950 497 2983 morum
533 2933 684 2982 huius
736 2939 918 2998 poetae
964 2933 1287 2982 admiratione
1322 2931 1705 2994 depravatorum
1740 2943 2010 2992 personam

300 3013 546 3078 effingens
593 3014 701 3076 dei,
747 3014 833 3078 qui
883 3014 1189 3078 tragicorum
1241 3010 1597 3060 certaminibus
1639 3013 1874 3074 praeerat
1902 3006 2007 3070 **).

306 3121 767 3148 ——-—-2.

355 3227 406 3282 ⁸²)
445 3227 548 3270 Hoc
575 3225 887 3268 Dicaearchus
916 3226 1038 3282 apua
1063 3224 1295 3268 Plutarch.
1336 3191 1392 3266 ae
1424 3221 1470 3267 εἰ
1492 3222 1718 3278 Delphico
1746 3236 1791 3277 p.
1824 3217 1923 3263 384.
1950 3219 2006 3261 n.

439 3298 612 3340 dictum
640 3297 698 3339 ab
714 3296 927 3352 Euripide
957 3298 1046 3339 hac
1078 3310 1176 3338 esse
1205 3298 1368 3344 mente,
1398 3297 1449 3337 ut
1478 3294 1594 3336 dona
1624 3307 1679 3335 ex
1708 3306 1820 3349 rege
1851 3293 2009 3333 extor-

443 3372 614 3423 queret,
643 3366 850 3423 opinatus
879 3371 959 3411 est.
1017 3367 1070 3409 Id
1102 3378 1483 3409 commemorasse
1513 3363 1624 3406 satis
1654 3363 1752 3406 erit.

329 3437 411 3493 M‘)
451 3438 520 3481 Cf.
561 3438 852 3482 Stallbaumii
894 3451 1048 3497 progr.
1095 3438 1152 3481 da
1190 3449 1387 3494 persona
1413 3433 1588 3479 Bacchi
1627 3432 1674 3478 in
1703 3430 1850 3476 Rani·
1874 3429 2007 3475 Arist.

443 3507 571 3565 Lips.
586 3507 715 3552 1839.
738 3523 783 3564 p.
806 3506 877 3552 10.
