2170 3866
912 267 1038 327 45⁷

134 420 334 471 landem
379 417 574 468 virtutis
621 415 929 483 praedicavit
960 419 1162 477 noster,
1207 429 1354 479 quam
1394 414 1436 464 si
1470 418 1664 480 septem
1698 414 1830 464 viro·

135 517 246 552 rum
294 500 526 562 nomina,
574 514 731 564 genus
779 503 833 546 et
878 511 1028 545 voces
1074 494 1321 562 gloriosas
1358 500 1832 557 commemorasset3

135 587 190 632 et
231 597 324 646 pro
383 580 613 628 lamentis
671 592 887 644 paeanes
944 577 1076 624 inter
1135 575 1407 624 certamina
1457 577 1646 625 cantari
1691 574 1831 637 fecit,

134 663 269 726 quod
320 667 456 710 esset
503 660 627 710 utile
680 657 962 722 exemplum
998 656 1088 717 iis,
1140 657 1223 720 qui
1270 655 1320 703 in
1355 656 1559 721 paribus
1594 656 1832 721 periculis

133 746 472 791 versarentur.
543 739 689 789 Nulla
735 739 866 787 enim
914 753 971 786 re
1006 736 1162 801 magis
1205 736 1464 800 eriguntur
1497 737 1647 785 animi
1681 742 1735 785 et
1768 736 1830 786 ad

137 820 338 871 fortiter
370 821 705 870 resistendum
742 819 1100 876 incenduntur,
1149 832 1295 880 quam
1328 816 1551 883 priorum
1587 818 1834 882 periculo·

137 918 247 951 rum
282 902 464 950 virtute
501 900 853 966 propulsurum
890 897 1250 946 recordatione.

270 980 473 1031 Tertius
522 989 664 1029 actus
712 978 1066 1045 catastrophen
1102 978 1340 1029 continet.
1409 978 1706 1044 Superiores
1741 979 1834 1029 de-

137 1061 322 1112 cedunt
354 1063 438 1126 qui
472 1060 739 1111 inferiores
774 1066 888 1109 sunt
924 1059 1240 1108 multitudine
1273 1058 1528 1120 Thebani,
1561 1059 1712 1123 idque
1745 1076 1834 1127 ge-

137 1157 322 1192 neroso
358 1141 625 1191 Menoecei
660 1139 883 1189 facinore
918 1140 1168 1200 efficitur,
1203 1156 1296 1205 pro
1333 1141 1491 1190 salute
1525 1140 1718 1206 patriae
1751 1155 1834 1190 ca-

137 1228 231 1289 put
277 1239 423 1272 suum
470 1222 778 1271 devoveritis.
850 1219 945 1269 Pro
993 1221 1137 1285 signo
1171 1220 1250 1268 vel
1284 1220 1528 1285 imagine,
1564 1236 1664 1284 qua
1698 1235 1837 1269 com-

139 1303 303 1352 munis
338 1301 583 1367 quaedam
618 1301 866 1349 sententia
893 1300 1222 1363 significetur,
1261 1305 1313 1348 et
1339 1301 1540 1349 devotio
1574 1299 1839 1350 Menoecei

139 1389 193 1432 et
240 1381 469 1432 vaticinia
499 1379 727 1429 Tiresiae
760 1380 990 1429 habenda
1023 1387 1165 1429 sunt:
1201 1396 1375 1430 revera
1410 1381 1543 1430 enim
1569 1381 1839 1447 Euripides

137 1462 262 1511 deos
295 1461 507 1511 victimis
541 1459 770 1509 humanis
803 1460 990 1526 placari
1037 1462 1264 1526 negabat.
1331 1460 1593 1511 Menoecei
1629 1462 1839 1524 factum,

138 1542 382 1592 bonorum
427 1541 646 1591 omnium
704 1541 1186 1608 praestantissimum
1249 1542 1438 1605 patriae
1483 1542 1839 1604 consecrantis,

140 1623 447 1672 contrarium
483 1628 563 1671 est
598 1637 779 1670 coecae
813 1638 870 1670 ac
905 1622 1200 1670 temerariae
1221 1621 1591 1688 oedipodarum
1626 1622 1837 1686 libidini,

139 1702 500 1768 rempublicam
550 1701 852 1766 domumque
896 1718 1036 1750 suam
1082 1704 1378 1752 vastantium
1428 1710 1480 1753 et
1524 1704 1575 1754 in
1608 1720 1666 1753 se
1698 1704 1839 1770 ipsos

141 1784 220 1833 ira
267 1783 483 1848 odioque
529 1783 867 1831 saevientium.
935 1782 1003 1830 Hi
1037 1782 1215 1846 igitur,
1255 1788 1310 1832 ut
1344 1785 1548 1834 materia
1584 1781 1840 1834 calamita-

143 1870 270 1925 tum,
306 1863 592 1913 removendi
627 1870 743 1911 sunt
779 1879 808 1911 e
844 1862 1072 1925 civitate,
1124 1869 1180 1911 ut
1224 1866 1428 1929 expulsa
1462 1866 1509 1914 vi
1542 1865 1686 1915 noxia
1721 1881 1842 1915 sana

142 1960 259 1994 esse
291 1945 479 2010 possit:
527 1959 653 2007 quae
702 1949 868 1991 autem
916 1943 1013 1991 iam
1049 1943 1229 1992 effecta
1265 1951 1379 1994 sunt
1411 1946 1542 1994 mala
1587 1951 1840 2008 sanantur,

146 2025 226 2087 „si
262 2023 394 2090 quod
432 2024 642 2088 quisque
677 2024 831 2072 habet
865 2024 1346 2087 praestantissimum
1383 2027 1433 2075 in
1468 2026 1687 2075 medium
1723 2042 1843 2091 pro-

143 2106 302 2155 latum
349 2104 544 2170 patriae
593 2101 888 2152 consecret''
927 2103 1017 2167 (cf.
1054 2120 1099 2152 v.
1136 2107 1547 2169 1015—1018.).
1614 2107 1843 2157 Eandem

144 2186 440 2235 sententiam
477 2184 645 2233 fabula
678 2183 973 2244 Erechthei,
1008 2185 1150 2233 cuius
1181 2186 1345 2235 simile
1374 2187 1544 2235 fuerat
1579 2203 1845 2254 argumen-

144 2271 281 2327 tum,
347 2264 691 2314 declaraverat
737 2263 1038 2328 Euripides,
1095 2265 1234 2314 cuius
1279 2266 1614 2316 similitudinis
1659 2269 1709 2316 in
1748 2268 1846 2319 hac

143 2346 399 2411 tragoedia
435 2343 679 2393 Tiresiam
730 2343 854 2393 fecit
899 2345 1061 2409 ipsum
1108 2359 1199 2393 nos
1234 2347 1504 2396 admonere
1540 2346 1628 2412 (cf.
1667 2364 1713 2398 v.
1746 2351 1846 2399 852

145 2423 382 2488 —856.).
451 2424 578 2474 Heri
617 2424 750 2473 enim
787 2440 843 2473 se
878 2425 1090 2474 Athenis
1124 2426 1316 2475 redisse
1349 2443 1501 2477 senex
1534 2429 1844 2495 decrepitus,

147 2506 268 2555 dum
303 2521 333 2554 a
366 2504 660 2566 Menoeceo,
697 2506 927 2555 Creontis
962 2506 1087 2567 filio,
1123 2506 1404 2567 adducitur,
1442 2515 1625 2571 narrat,
1662 2513 1715 2558 et
1750 2525 1845 2559 co·-

147 2601 272 2636 rona
306 2601 458 2636 aurea
493 2593 696 2636 ornatus
731 2586 1064 2651 conspicitur,
1115 2603 1260 2651 quam
1296 2604 1387 2652 pro
1423 2590 1647 2652 praemio
1681 2589 1847 2639 victo-

148 2666 272 2727 riae,
306 2665 466 2731 ipsius
502 2681 653 2732 opera
682 2675 872 2733 partae,
909 2667 1118 2732 accepit.
1172 2669 1215 2717 A
1242 2668 1364 2717 sede
1394 2685 1534 2718 sacra
1558 2670 1848 2734 auguraculi

151 2763 264 2796 cum
301 2747 520 2795 maxime
553 2748 756 2797 veniens
792 2753 953 2796 sortes
989 2749 1092 2796 sive
1125 2749 1334 2797 tabellas
1369 2751 1714 2800 vaticiniorum
1737 2767 1846 2801 ser-

149 2827 338 2876 vandas
390 2827 539 2876 castis
588 2828 922 2878 adolescentis
956 2829 1184 2878 manibus
1222 2830 1483 2883 commisit.
1553 2831 1849 2880 Consulenti

150 2907 362 2957 Creonti
417 2909 690 2972 respondet
746 2925 808 2958 ex
857 2909 1035 2974 Oedipi
1094 2917 1147 2959 et
1197 2910 1418 2960 filiorum
1465 2911 1574 2959 eius
1619 2911 1847 2961 nefandis

148 2989 457 3038 facinoribus
502 2993 689 3038 terram
739 2990 989 3051 laborare,
1038 2992 1215 3054 quibus
1263 3008 1318 3040 se
1355 2991 1538 3041 frustra
1573 2993 1847 3044 obstitisse.

149 3069 253 3119 lam
289 3085 349 3118 eo
386 3075 679 3134 perventum
717 3086 859 3131 esse,
898 3078 951 3119 ut
986 3079 1155 3120 mutua
1190 3072 1346 3121 caede
1378 3072 1562 3123 fratres
1596 3074 1848 3123 intereun-

150 3155 229 3200 tes
265 3166 438 3199 secum
474 3150 726 3199 civitatem
763 3152 823 3199 ad
858 3152 1111 3201 interitum
1149 3153 1363 3213 trahant,
1399 3155 1492 3202 nisi
1526 3154 1631 3203 suis
1656 3156 1847 3203 obtem-

151 3237 362 3297 peretur
406 3231 621 3282 monitis.
703 3232 949 3282 Debuisse
998 3232 1286 3298 Oedipodas
1347 3234 1543 3300 pridem
1589 3250 1743 3298 regno
1796 3239 1850 3283 et

153 3311 358 3361 civitate
392 3310 538 3377 pelli;
586 3312 684 3360 iam
728 3329 874 3363 uuam
922 3314 1162 3377 reliquam
1199 3330 1314 3363 esse
1347 3315 1520 3363 salutis
1554 3314 1712 3372 viam,
1757 3312 1849 3363 sed

154 3405 267 3441 eam
308 3393 529 3459 prodere
573 3408 739 3457 neque
788 3394 884 3442 sibi
929 3401 1090 3444 tutum
1134 3411 1248 3443 esse
1295 3402 1347 3445 et
1382 3395 1614 3445 acerbum
1649 3393 1742 3454 iis,
1786 3393 1851 3443 ad

154 3486 281 3537 quos
327 3471 421 3522 fati
470 3473 637 3524 veniat
682 3475 978 3528 necessitas.
1048 3475 1312 3527 Praestare
1357 3477 1508 3542 igitur
1540 3490 1597 3525 se
1630 3474 1768 3526 abire
1799 3479 1853 3524 et
