2150 3866
938 252 1062 311 209

139 400 316 466 quibus
360 399 536 450 moniti
584 398 646 449 ad
694 398 1003 464 antiquitatis
1050 396 1262 464 gloriam
1294 402 1488 449 mentes
1523 404 1830 463 convertant,

137 496 202 531 ex
235 496 330 546 qua
363 480 471 530 sola
505 480 785 530 doctrinam
819 484 870 529 et
904 478 1146 528 rationem
1192 483 1370 544 petere
1403 479 1588 530 debent
1622 481 1830 546 quicun-

138 576 236 627 que
270 560 332 610 ad
368 576 534 610 veram
582 559 947 610 humanitatem
979 559 1343 624 ingenuamque
1377 559 1709 612 eruditionem
1742 563 1831 613 ad·

136 639 372 707 spirant.'’

269 720 526 771 Praeierat
571 718 800 784 Euripidi
849 716 1132 783 Aeschylus
1177 717 1387 768 eandem
1431 720 1690 770 materiam
1721 722 1830 773 He-

134 800 324 852 liadum
371 801 540 850 fabula
585 814 858 860 exornans,
910 797 1050 848 cuius
1100 798 1246 863 quale
1279 799 1434 849 fuerit
1467 807 1830 866 argumentum,

138 897 202 932 ex
247 882 342 944 iis,
393 897 519 946 quae
561 879 789 945 Hyginus
836 878 938 928 fab.
978 880 1091 930 154.
1131 879 1338 943 retulit,
1384 881 1633 931 coniicere
1681 881 1830 932 licetz

136 977 284 1026 quem
318 961 392 1010 sic
427 965 631 1010 secutus
667 958 940 1025 Euripides
977 964 1083 1018 est,
1130 965 1188 1010 ut
1220 964 1271 1009 et
1305 962 1584 1027 nuptiarum
1619 978 1830 1027 appara-

134 1041 319 1090 tionem
367 1045 418 1089 et
465 1040 738 1105 Clymenae
787 1038 1070 1105 periculum
1117 1040 1387 1091 intexendo
1437 1042 1650 1092 variaret
1683 1059 1830 1110 argu-

132 1124 357 1169 mentum
404 1126 742 1187 augeretque,
791 1135 889 1184 quo
937 1119 1129 1170 factum
1178 1126 1283 1185 eat,
1334 1127 1391 1172 ut
1434 1123 1624 1188 primae
1658 1129 1829 1188 partes

135 1198 408 1264 Clymenae
455 1200 676 1265 agendae
722 1200 1059 1250 deferrentur.
1139 1201 1282 1252 Haec
1330 1207 1496 1252 autem
1548 1203 1830 1253 immutatio

133 1280 670 1346 praestantissimarum
718 1296 918 1340 rerum,
968 1281 1148 1346 quibus
1194 1281 1295 1335 hoc
1329 1283 1498 1333 drama
1533 1283 1827 1347 excellebat,

131 1359 246 1410 fona
280 1364 331 1411 et
363 1360 663 1427 principium
696 1360 810 1414 fuit.

601 1647 672 1703 B.
758 1648 1347 1725 Polyidus,

179 1841 186 1844 q
262 1782 621 1847 Argumentum
665 1787 717 1832 et
752 1783 979 1849 Hyginus
1013 1783 1113 1833 fab.
1142 1785 1255 1835 136.
1293 1786 1347 1832 et
1380 1783 1714 1848 Apollodorus
1739 1784 1824 1847 111,

131 1866 181 1923 3,
211 1863 259 1910 1.
307 1867 360 1910 et
393 1860 606 1911 Tzetzes
651 1861 712 1910 ad
747 1863 995 1929 Lycophr.
1038 1881 1081 1913 v.
1116 1866 1231 1915 811.
1271 1864 1573 1927 retulerunt,
1615 1881 1825 1929 quorum

130 1941 279 2008 primi
312 1941 463 1990 verba
495 1942 683 1991 haecce
719 1949 858 1992 sunt:
925 1945 1201 2007 „Glaucus,
1237 1943 1422 1994 Minois
1459 1948 1510 1994 et
1544 1944 1826 2010 Pasiphaae

127 2021 292 2083 filius,
336 2020 454 2070 dum
501 2022 629 2071 ludit
676 2023 798 2088 pila,
848 2025 1030 2074 cecidit
1075 2025 1126 2073 iu
1172 2024 1359 2074 dolium
1407 2025 1556 2074 melle
1590 2025 1822 2090 plenum:

83 2164 87 2166 -
130 2117 277 2166 quem
322 2115 434 2150 cum
467 2109 701 2167 parentes
747 2110 1074 2167 quaererent,
1121 2104 1402 2170 Apollinem
1437 2105 1676 2154 sciscitati
1710 2110 1826 2155 sunt

126 2179 192 2230 de
223 2195 400 2245 puero.
470 2181 662 2244 Quibus
697 2184 877 2250 Apollo
911 2184 1200 2249 respondit:
1248 2189 1528 2235 monstrum
1563 2185 1700 2234 vobis
1735 2201 1824 2234 na-

126 2266 234 2310 tum
278 2263 386 2309 est:
439 2263 572 2326 quod
620 2265 662 2313 si
708 2265 817 2330 quis
864 2265 1096 2326 solverit,
1148 2281 1359 2330 puerum
1394 2266 1534 2315 vobis
1569 2265 1820 2315 restituet.

125 2339 320 2403 MinoS,
368 2346 508 2392 sorte
551 2344 749 2407 audita,
802 2346 971 2409 coepit
1015 2350 1292 2394 monstrum
1338 2360 1366 2393 a
1412 2345 1514 2394 suis
1563 2361 1823 2409 quaerere.

30 2470 33 2471 γ
127 2419 221 2470 cni
255 2420 485 2472 dixerunt
533 2430 700 2474 natum
736 2441 851 2476 esse
886 2426 1122 2486 vitulum,
1166 2425 1249 2488 qui
1283 2432 1364 2475 ter
1396 2425 1449 2475 in
1484 2424 1567 2474 die
1603 2425 1823 2474 colorem

125 2504 342 2550 mutaret
379 2519 471 2567 per
506 2509 770 2569 quaternas
804 2506 979 2570 horas,
1008 2505 1225 2569 primum
1262 2505 1445 2566 album,
1482 2505 1701 2554 secundo
1736 2521 1822 2555 ru-

124 2580 307 2643 beum,
356 2581 538 2633 deinde
585 2585 796 2649 nigrum.
866 2585 1033 2636 Minos
1085 2589 1253 2634 autem
1302 2586 1366 2634 ad
1413 2590 1688 2634 monstrum
1725 2584 1822 2633 sol-

124 2660 339 2710 vendum
373 2677 585 2728 augures
621 2666 927 2716 convocavit.
997 2665 1094 2728 Qui
1129 2664 1244 2714 cuni
1276 2680 1376 2714 non
1401 2665 1691 2726 invenirent,
1726 2663 1822 2714 Po-

123 2739 310 2805 lyiduS‚
347 2741 559 2793 Coerani
592 2745 727 2794 filiu·
763 2745 972 2811 Byzanti
986 2744 1070 2810 ²¹²),
1122 2749 1402 2794 monstrum
1451 2744 1821 2806 demonstravit,

124 2835 241 2869 eum
275 2821 443 2871 arbori
473 2839 614 2874 moro
660 2826 871 2876 similem
919 2841 1062 2876 esse:
1110 2841 1222 2874 nam
1268 2825 1483 2890 primum
1523 2824 1690 2874 album
1726 2830 1820 2887 est,

123 2899 306 2950 deinde
348 2903 583 2965 rubrum,
635 2920 746 2954 cum
793 2906 1153 2971 permaturavit
1187 2905 1401 2971 nigrum.
1471 2903 1615 2954 Tunc
1649 2904 1820 2955 Minos

122 2980 196 3030 ait
241 2981 317 3030 ei:
387 2980 465 3031 Ex
520 2983 767 3048 Apollinis
818 3001 1060 3052 responso
1107 2985 1264 3035 filium
1322 2985 1443 3034 mihi
1494 2990 1693 3050 oportet
1739 3001 1820 3035 re-

123 3058 358 3111 stituas.’'

255 3141 396 3191 Haec
420 3142 660 3207 Polyidus
695 3144 807 3210 ipse
842 3146 1100 3210 prooemio
1137 3145 1422 3210 explicavit:
1457 3145 1653 3195 initium
1689 3135 1841 3195 enim'

123 3219 359 3272 dramatis
395 3227 505 3272 erat
540 3224 742 3288 auguris
789 3241 999 3289 puerum
1036 3225 1322 3291 quaerentis
1357 3225 1650 3291 auspicium.
1722 3224 1819 3272 Ce-

180 3387 230 3443 *)
262 3389 530 3444 Palaephat.
561 3389 640 3431 27:
684 3388 710 3433 ὁ
751 3390 915 3443 Μίνως
957 3391 1006 3437 ἐν
1047 3394 1113 3452 τῷ
1151 3389 1309 3450 τύμβῳ
1337 3389 1574 3450 κατώρυξε
1616 3386 1700 3434 τὸν
1737 3393 1821 3434 τοῦ

261 3457 501 3518 Κοιράνου
535 3458 808 3515 Πολύειδον,
845 3455 897 3514 ὃς
926 3455 986 3520 ἤν
1018 3461 1065 3508 ἐκ
1096 3465 1180 3508 τοῦ
1201 3458 1402 3520 ’Ἀργονςι

187 3526 251 3581 Τ.
287 3529 345 3581 11.
1423 3536 1485 3582 14
