2170 3848
1057 275 1176 331 142

294 420 449 470 sacris
484 418 723 484 Apollinis
756 419 806 467 in
839 417 962 468 Delo
995 437 1087 486 per
1119 436 1176 469 se
1209 420 1492 470 restauratis
1525 421 1754 486 ludisque
1787 422 1954 488 splen-

295 501 483 557 didius,
530 515 674 562 quam
710 498 905 548 fuerant
938 507 1109 558 antea,
1165 500 1426 550 celebratis
1472 499 1655 564 (Thuc.
1686 502 1766 565 ΙΙΙ,
1799 501 1954 568 104.),

294 579 346 627 id
397 578 525 642 quod
571 578 758 627 factum
803 585 907 628 erat
941 579 1017 628 Ol.
1045 582 1125 641 88,
1151 583 1198 629 3.
1268 580 1410 628 Hanc
1442 581 1592 644 igitur
1623 582 1953 646 quinquenna-

292 657 392 707 lem
441 658 666 707 ludorum
720 657 1100 708 celebrationem
1159 660 1209 708 in
1262 660 1468 723 gratiam
1527 660 1706 709 civium
1753 676 1954 711 suorum

293 753 683 787 commemorans
718 738 980 803 Euripides
1013 739 1095 788 illa
1129 741 1193 789 de
1226 739 1353 798 loco,
1388 740 1438 788 in
1472 755 1568 802 quo
1602 740 1703 788 nati
1742 741 1812 789 dii
1842 756 1954 790 esse

292 817 651 878 credebantur,
699 818 898 867 uberius
944 826 1231 882 persecutus
1267 825 1360 868 est.
1429 819 1569 881 Quod
1619 825 1781 869 autem
1817 818 1958 868 chori

290 897 521 946 mulieres
570 897 695 946 fecit
750 902 1011 961 querentes
1058 915 1114 948 se
1169 899 1329 964 patria
1383 899 1602 948 hostium
1649 899 1695 947 vi
1738 898 1955 964 privatas

289 982 342 1026 et
373 977 423 1025 in
456 977 773 1026 barbarorum
807 981 991 1026 terram
1024 979 1472 1037 abstractasesse,
1518 987 1571 1028 et
1621 979 1722 1028 acri
1764 979 1956 1044 patriae

287 1056 538 1106 desiderio
573 1057 852 1120 flagrantes,
889 1063 938 1106 et
972 1058 1170 1122 quidem
1204 1059 1252 1107 in
1287 1058 1395 1107 Deli
1441 1058 1755 1122 potissimum
1789 1063 1840 1107 et
1873 1073 1954 1106 sa-

287 1151 482 1185 crorum
518 1137 752 1201 Apollinis
787 1139 1249 1187 commemoratione
1290 1139 1606 1187 immorantes
1628 1137 1711 1202 *),
1757 1139 1808 1187 id
1854 1152 1954 1202 quo

287 1217 545 1280 pertineat,
581 1216 827 1280 intelliges
862 1217 1069 1280 cognitis
1104 1218 1181 1275 iis,
1218 1234 1341 1282 qnae
1365 1218 1689 1282 Thucydides
1712 1215 1777 1276 V,
1803 1219 1849 1268 1.
1871 1232 1954 1265 re-

285 1295 425 1345 tulit:
483 1296 799 1359 „Insequenti
832 1302 1019 1346 aestate
1053 1297 1189 1359 (anni
1222 1298 1354 1360 4⁶22.)
1392 1298 1719 1347 Athenienses
1768 1313 1798 1346 e
1831 1295 1956 1344 Delo

284 1375 443 1425 insula
476 1374 640 1424 Delios
675 1377 1055 1439 submoverunt,
1104 1378 1200 1427 rati
1245 1378 1355 1426 illos
1405 1394 1464 1427 ex
1513 1382 1708 1426 vetusta
1741 1376 1953 1440 quadam

286 1471 458 1505 caussa
509 1471 605 1504 non
653 1472 765 1505 esse
799 1463 960 1505 castos
994 1458 1057 1506 ad
1091 1474 1231 1506 sacra
1263 1458 1490 1507 facienda
1525 1463 1576 1506 et
1608 1458 1705 1505 hoc
1739 1457 1834 1505 sibi
1867 1471 1954 1505 re-

284 1541 419 1586 stare
465 1537 781 1600 expiationis,
830 1553 975 1600 quam
1027 1538 1258 1587 tollendis
1304 1543 1611 1587 mortuorum
1664 1536 1951 1600 corporibus

283 1616 382 1665 rite
414 1617 523 1665 fieri
556 1616 777 1664 arbitrati
803 1623 931 1667 sunt.
984 1617 1108 1667 Delii
1153 1623 1316 1667 autem
1349 1618 1698 1681 Atramyttium
1731 1617 1782 1665 in
1816 1615 1950 1676 Asia,

282 1696 446 1745 locum
478 1696 539 1744 iis
574 1695 722 1744 dante
755 1696 1022 1758 Pharnace,
1056 1702 1112 1746 ut
1145 1698 1351 1761 quisque
1376 1698 1556 1756 adibat,
1589 1694 1948 1746 incoluerunt.’'

283 1775 473 1839 Quibus
521 1774 648 1825 adde
695 1792 822 1841 quae
855 1776 988 1826 idem
1023 1793 1067 1828 c.
1091 1780 1170 1828 32.
1208 1777 1636 1826 commemoravit:
1703 1775 1836 1838 „Per
1871 1792 1949 1824 ea-

282 1855 396 1905 dem
445 1855 591 1904 huius
643 1857 846 1905 aestatis
893 1864 1120 1922 tempora
1157 1857 1262 1922 (Ol.
1286 1861 1367 1915 89,
1397 1859 1443 1907 4.
1467 1873 1590 1906 anno
1617 1858 1760 1918 421.)
1794 1856 1950 1904 Athe·

280 1936 476 1986 nienses
496 1973 511 1995 ,
546 1942 820 2001 expugnata
854 1937 1060 1998 Sciona‚
1095 1939 1308 2001 puberes
1342 1937 1724 1998 interfecerunt,
1767 1951 1952 2001 pueros

280 2033 340 2065 ac
373 2016 604 2066 mulieres
638 2032 730 2081 pro
765 2018 920 2067 servis
965 2018 1318 2077 vendiderunt,
1363 2034 1533 2080 agrum
1580 2016 1950 2067 Plataeensibus

282 2097 540 2146 colendum
588 2097 846 2146 dederunt.
912 2097 1080 2146 Delios
1134 2112 1249 2144 vero
1296 2111 1467 2144 rursus
1511 2096 1560 2144 in
1594 2095 1769 2143 Delum
1802 2095 1950 2143 redu-

279 2183 462 2226 xerunt
493 2182 597 2224 tum
633 2193 776 2226 casus
809 2183 1096 2242 reputantes
1130 2177 1429 2242 proeliorum
1464 2182 1567 2223 tum
1613 2174 1810 2223 oraculo
1842 2189 1949 2222 mo-

281 2256 371 2305 niti
404 2255 700 2321 Apollinis.”
767 2258 906 2306 Haec
961 2273 1109 2320 quum
1155 2258 1334 2321 respici
1369 2256 1428 2303 ab
1465 2255 1706 2319 Euripide
1738 2254 1949 2302 manife-

283 2342 413 2385 stum
449 2336 540 2396 sit,
587 2338 789 2386 doctum
834 2338 931 2386 hoc
980 2339 1148 2386 drama
1183 2353 1295 2385 esse
1329 2337 1492 2384 hieme
1525 2335 1655 2383 inter
1688 2340 1948 2398 utramque

283 2420 524 2466 aestatem
561 2417 850 2481 interposita
885 2419 1136 2482 suspicor,
1183 2421 1240 2466 ut
1274 2416 1472 2464 oraculo
1506 2415 1587 2463 dei
1622 2415 1950 2463 cummaxime

284 2495 416 2546 edito
464 2512 664 2546 carmen
715 2498 968 2562 Euripidis
1016 2497 1386 2560 suffragaretur.
1455 2494 1811 2559 Symplegadas
1859 2509 1949 2557 pe·

281 2581 484 2639 trasque
514 2576 734 2641 Cyaneas
759 2579 863 2627 sive
886 2578 1086 2636 insulas,
1122 2593 1239 2641 quas
1257 2575 1409 2625 Tauri
1427 2575 1720 2636 habitarent,
1755 2574 1950 2641 Bospo-

282 2673 338 2706 ro
384 2654 601 2705 Thracio
656 2658 881 2707 adiacere
930 2659 1163 2708 credebat
1223 2656 1526 2720 Euripides3
1599 2655 1664 2705 cf.
1711 2669 1788 2704 vv‚
1838 2654 1948 2702 124.

282 2738 397 2786 231.
432 2737 542 2786 250.
579 2739 719 2788 1354.
758 2741 903 2787 1371.
973 2739 1028 2788 In
1060 2737 1279 2787 iislocis
1323 2736 1452 2800 quod
1486 2736 1697 2783 feminas
1733 2733 1973 2781 Graecas-

282 2815 415 2865 bello
464 2822 634 2880 captas
683 2818 809 2868 fecit
855 2835 945 2884 pro
993 2819 1148 2868 servis
1181 2817 1400 2866 venditas
1436 2814 1758 2873 commorari,
1806 2812 1951 2861 finxit

280 2911 390 2946 rem
423 2895 523 2944 illis
556 2899 862 2962 temporibus
898 2900 1096 2948 minime
1128 2913 1331 2957 novam,
1376 2895 1465 2944 sed
1500 2912 1636 2954 eam,
1688 2908 1812 2956 quae
1858 2907 1949 2939 usu

279 2975 446 3025 venire
480 2978 767 3041 saepissime
798 2980 1030 3044 potuerit.

413 3056 759 3108 Consociatam
795 3076 907 3109 cum
930 3057 1180 3125 iphigenia
1209 3054 1364 3105 fuisse
1385 3055 1603 3104 fabulam
1625 3050 1796 3101 Phrixi
1830 3063 1946 3097 con-

280 3136 412 3198 iicio,
449 3137 512 3185 de
548 3153 640 3201 qua
678 3140 1022 3204 exponendum
1056 3139 1193 3205 prius
1229 3152 1342 3187 esse.
1377 3135 1581 3184 videtur.

336 3277 385 3332 *)
413 3279 491 3321 Vv.
522 3276 635 3323 1065
648 3305 697 3313 -
711 3279 839 3324 1⁰81.
