2124 3860
902 249 1024 307 289

118 396 363 453 movebat,
398 395 524 444 haec
560 395 707 444 tectis
743 395 1018 454 sententiiS,
1053 394 1104 444 id
1138 394 1270 457 qnod
1302 395 1364 444 ad
1396 395 1628 446 decorem
1659 398 1793 447 valet

115 472 434 542 plurimum.''
501 474 691 524 Eadem
719 476 973 540 Euripidis
1007 475 1248 523 sententia
1281 474 1394 537 fuit,
1431 492 1575 540 quam
1609 477 1658 527 in
1675 476 1790 527 Me-

114 555 343 620 nalippae
378 555 565 604 vinctae
600 555 767 604 fabula
801 555 1058 620 professus
1094 560 1200 612 est3
1237 552 1300 602 cf.
1326 552 1495 617 fragm.
1522 557 1599 603 29.
1645 556 1790 605 Diffi-

114 634 208 684 cile
243 640 322 683 est
355 635 520 693 factu,
568 643 625 684 ut
666 635 920 698 obscoenis
957 641 1006 682 et
1041 649 1361 698 quaecunque
1395 633 1641 682 belluinae
1676 642 1790 684 sunt

112 721 317 763 naturae
350 715 398 774 ii,
433 715 515 777 qui
550 715 705 762 risum
740 720 1024 776 sequuntur,
1062 713 1205 777 piane
1236 713 1527 770 abstineant,
1556 714 1646 761 sed
1675 731 1786 762 cum

116 795 309 858 pudore
342 794 403 841 iis
441 794 674 842 utendum
710 799 803 848 est,
840 799 897 841 ut
931 793 1268 857 significentur
1294 794 1539 848 modeste,
1574 808 1670 840 non
1708 809 1793 841 va-

117 878 194 922 ste
240 872 579 938 depingantur.
655 871 980 920 Meritissimo
1027 888 1167 932 vero,
1227 888 1290 920 ne
1335 872 1644 920 contumeliis
1688 872 1796 920 lae-

116 951 258 1000 deret
286 967 405 999 neve
431 951 704 999 maledictis
726 943 1003 1014 morderet,
1042 953 1329 1001 comoediae
1355 950 1670 1000 interdictum
1698 955 1794 1012 est,

116 1031 281 1081 indice
315 1030 555 1079 Horatio:

382 1110 509 1169 „sed
545 1112 598 1159 in
632 1112 815 1160 vitiam
851 1113 1068 1163 libertas
1105 1113 1301 1162 excidit
1338 1118 1389 1162 et
1422 1116 1524 1162 vim

244 1189 475 1255 Dignam
510 1191 626 1256 lege
659 1193 776 1256 regi
787 1211 807 1241 .·
843 1194 930 1240 lex·
966 1202 1043 1242 est
1078 1200 1295 1259 accepta
1330 1193 1611 1260 chorusque

251 1268 493 1335 Turpiter
527 1271 740 1319 obticuit
773 1272 976 1320 sublato
1010 1273 1127 1320 iure
1166 1271 1433 1321 nocendi.''

115 1346 311 1396 Deserit
345 1350 476 1396 enim
512 1349 732 1397 officium
768 1366 907 1398 suum
944 1352 1111 1416 poesis
1148 1351 1348 1399 laedens
1384 1366 1502 1410 eos,
1538 1364 1660 1414 quos
1695 1349 1788 1397 de-

113 1428 298 1476 lectare
348 1428 523 1487 debet,
574 1433 626 1476 et
687 1430 904 1493 privatae
952 1431 1054 1479 irae
1100 1431 1386 1494 gratiaeque
1431 1430 1704 1496 inserviens
1720 1425 1795 1491 ¹⁹⁸).

113 1505 274 1556 Recto
323 1508 478 1572 igitur
522 1507 707 1557 iudicio
754 1516 898 1558 utens
934 1510 1268 1573 Phrynichum
1305 1511 1545 1575 tragicum
1583 1507 1796 1573 populus

112 1586 521 1644 Atheniensium,
573 1604 722 1651 quum
770 1590 1182 1654 expugnationem
1218 1589 1384 1636 Mileti
1419 1591 1492 1637 sic
1526 1589 1796 1643 docuisset,

114 1671 171 1716 ut
204 1667 515 1731 propriorum
551 1669 790 1717 malorum
827 1669 1047 1716 dolorem
1085 1669 1338 1728 excitaret,
1373 1668 1582 1732 pecunia
1618 1667 1796 1715 multa-

112 1747 182 1794 vit
219 1746 492 1808 simulque,
543 1763 606 1794 ne
656 1747 765 1809 quis
801 1756 976 1811 postea
1012 1747 1256 1795 eiusmodi
1290 1749 1568 1812 tragoedias
1602 1746 1653 1794 in
1688 1761 1798 1794 sce-

112 1842 225 1875 nam
271 1825 517 1884 deferret,
570 1825 843 1877 interdixit.
913 1826 1048 1873 idem
1095 1827 1311 1890 populus
1357 1827 1573 1875 comicos
1608 1826 1655 1874 in
1691 1840 1800 1874 eam

112 1910 307 1970 partem
358 1920 567 1968 peccare
627 1921 870 1968 nunquam
930 1906 1274 1968 sustinuisset,
1334 1907 1425 1954 nisi
1482 1905 1797 1968 gravissimos

115 1999 338 2048 quosque
374 1990 422 2032 et
459 1984 756 2032 clarissimos
807 1986 932 2032 viros
981 1986 1140 2050 plebis
1188 1986 1425 2045 invidiae,
1462 2001 1614 2049 penes
1650 2000 1798 2047 quam

115 2068 222 2111 erat
255 2078 446 2111 summa
481 2063 694 2127 imperii,
730 2070 904 2128 poetae
939 2065 1187 2113 ambitiosi
1215 2065 1575 2128 propinassent.
1646 2063 1798 2111 Cete-

115 2157 223 2190 rum
273 2142 325 2190 hi
372 2159 614 2206 nunquam
667 2145 851 2191 maiore
898 2145 974 2192 usi
1008 2151 1123 2192 sunt
1156 2144 1347 2193 honore
1382 2160 1527 2208 quam
1564 2159 1651 2205 eo,
1701 2157 1799 2206 quo

115 2221 293 2283 dignae
355 2227 470 2269 sunt
514 2223 788 2272 Baubones.
886 2223 1123 2271 Testatur
1186 2225 1316 2271 enim
1367 2223 1666 2271 Aristoteles
1722 2222 1803 2270 vix

115 2302 310 2364 dignam
356 2302 577 2350 habitam
625 2303 932 2351 comoediam
979 2319 1117 2364 esse,
1169 2319 1295 2366 quae
1345 2304 1549 2352 chorum
1602 2301 1800 2367 publice

121 2381 428 2444 impetraret.
495 2381 732 2431 Testatur
765 2383 1122 2446 Aristophanes
1157 2379 1351 2446 (Equit.
1382 2399 1429 2432 v.
1468 2380 1607 2447 418.)
1651 2381 1803 2429 cadu-

119 2475 225 2508 cam
276 2461 435 2509 fuisse
467 2469 722 2525 poetarum
766 2463 1002 2527 gratiam,
1055 2467 1107 2510 et
1152 2462 1403 2511 CratInum
1452 2462 1584 2510 fame
1620 2460 1803 2523 sitique

116 2538 393 2587 confectum
444 2541 676 2589 miseram
740 2547 1050 2590 senectutem
1098 2542 1339 2601 traxisse,
1400 2558 1428 2589 a
1485 2539 1818 2605 popularibus

118 2624 434 2666 contemtum.
504 2620 613 2682 lpse
648 2626 813 2669 autem
844 2621 1202 2684 Aristophanes
1239 2620 1400 2684 paiam
1429 2637 1484 2668 se
1510 2622 1559 2668 in
1588 2619 1804 2678 theatro,

118 2697 507 2760 inspectantibus
545 2699 728 2747 civibus
765 2706 816 2747 et
850 2701 1215 2764 piaudentibus,
1254 2701 1540 2763 castigatum
1581 2696 1804 2748 verberi-

117 2776 209 2823 bus
263 2791 351 2840 per
397 2777 654 2825 Cieontem
699 2795 811 2827 esse
844 2780 1062 2835 fatetur,
1100 2786 1149 2828 et
1184 2787 1287 2828 tum
1323 2780 1520 2843 quidem
1557 2776 1800 2826 adulando

118 2854 314 2904 hostem
370 2856 650 2919 mitigasse,
706 2863 881 2921 postea
930 2875 1103 2907 rursus
1156 2859 1499 2907 momordisse.
1578 2857 1803 2919 Denique

117 2933 275 2994 Plato,
320 2951 463 2998 quem
500 2936 624 2984 falso
660 2923 867 2986 credunt
900 2944 1074 3001 pectus
1114 2938 1455 3003 Aristophanis
1494 2936 1695 3000 plenum
1730 2936 1802 2983 le-

116 3016 251 3079 poris
300 3016 652 3078 epigrammate
701 3018 907 3079 quodam
955 3018 1297 3081 praedicasse,
1346 3017 1541 3066 servilis
1579 3031 1693 3064 esse
1726 3015 1804 3063 in-

116 3094 248 3158 genii
283 3090 475 3142 censuit
511 3095 714 3142 ridicula
748 3096 945 3154 imitari,
982 3103 1033 3144 et
1068 3098 1212 3162 longe
1250 3101 1308 3147 ab
1346 3097 1571 3162 ingenuis
1607 3094 1796 3144 naturis

117 3173 360 3230 alienum,
414 3175 551 3222 cuius
601 3176 747 3222 verba
797 3175 918 3223 haec
966 3182 1106 3225 sunt:
1163 3176 1442 3241 „Turpium
1480 3176 1800 3240 imitationem

117 3258 344 3315 spectare
380 3255 576 3316 quidem
613 3262 663 3302 et
698 3269 995 3319 cognoscere
1031 3272 1240 3305 necesse
1277 3263 1382 3316 est,
1431 3256 1659 3319 quoniam
1697 3254 1804 3301 sine

174 3416 549 3536 'gAdstipulamr
579 3421 708 3463 Plato
739 3421 784 3463 in
814 3422 958 3480 Legg.
988 3425 1066 3467 xi.
1104 3438 1144 3479 p.
1175 3422 1272 3466 935.
1302 3423 1358 3465 E.

232 3524 245 3538 .
279 3489 336 3538 11.
1405 3516 1468 3561 19
