2124 3860
953 255 1074 313 283

183 407 295 456 lena
331 405 554 455 decertat
570 402 652 471 ²⁶¹),
703 405 749 455 si
792 404 953 454 otiosa
985 405 1120 452 esset
1153 415 1212 449 ea
1246 398 1451 448 certatio
1483 411 1645 462 neque
1673 395 1852 463 partim

183 493 241 537 ut
288 487 523 536 varietate
572 493 623 536 et
672 485 967 535 remissione
1029 479 1236 546 quadam
1282 479 1607 528 reficerentur
1655 484 1851 544 specta-

182 572 318 617 tores
380 567 562 633 partim
615 571 671 615 ut
728 567 791 615 de
837 563 1021 614 caussis
1065 577 1230 610 rerum
1282 558 1444 623 deque
1478 558 1700 609 Helenae
1745 573 1853 608 mo-

182 649 320 697 ribus
377 648 708 696 edocerentur
758 643 1172 709 interponeretur.
1260 639 1405 701 Quod
1458 646 1622 688 autem
1684 640 1852 688 incon-

185 727 395 778 stantiae
428 729 682 777 Hecubam
731 726 919 791 arguit,
965 730 1018 773 ut
1062 738 1213 787 quae,
1262 738 1372 770 cum
1422 720 1585 786 paullo
1631 726 1744 768 ante
1777 718 1855 768 vel

180 809 472 874 adspectum
508 788 726 856 Helenae
760 805 990 854 Menelao
1027 803 1313 869 fugiendum
1348 818 1461 851 esse
1499 801 1695 860 dixerit,
1729 816 1858 850 nunc

183 889 329 937 etiam
365 889 644 952 purgationi
676 886 900 936 eiusdem
936 902 1077 933 aures
1103 878 1347 949 praebere
1373 884 1556 941 iubeat,
1591 882 1710 931 satis
1730 883 1856 931 hanc

182 968 590 1034 vituperationem
625 969 731 1033 ipsa
766 968 907 1016 diluit
941 967 1136 1014 dicens:

844 1042 1116 1104 συντεθεὶς
1151 1043 1198 1095 δ’
1236 1042 1265 1094 ὁ
1298 1047 1399 1103 πᾶς
1433 1041 1592 1108 λόγος

313 1128 486 1178 κτενεῖ
513 1144 601 1178 νιν
635 1123 821 1191 οὕτως,
857 1124 981 1187 ὥςτε
1016 1125 1271 1193 μηδαμῶς
1305 1127 1514 1190 φυγεῖν.

183 1206 364 1256 Levius
410 1214 516 1270 est,
567 1210 701 1272 quod
747 1218 1175 1273 argumentorum,
1223 1209 1399 1271 quibus
1434 1206 1640 1254 Hecuba
1689 1203 1860 1265 utitur,

187 1288 428 1350 quaedam
475 1288 653 1337 minus
681 1292 946 1354 probabilia
984 1306 1097 1338 esse
1143 1285 1545 1352 arbritratur**).
1626 1283 1864 1349 Turpiter

181 1366 367 1416 labitur
394 1367 612 1416 Menelai
638 1370 1100 1435 interrogationem:
1135 1366 1184 1416 τί
1203 1366 1250 1418 δ’
1288 1366 1425 1426 ἕσας
1455 1367 1636 1431 μεῖζον
1669 1367 1863 1431 βρῖθος

181 1443 216 1512 ἢ
249 1444 467 1509 πάροιθ’
501 1445 601 1513 ἔχει
633 1448 700 1514 (v.
723 1453 908 1513 104:3.),
945 1451 1007 1499 ad
1042 1451 1244 1499 verbnm
1267 1450 1599 1513 interpretans
1635 1449 1696 1497 ob
1724 1465 1860 1497 eam-

183 1543 279 1591 que
313 1545 418 1577 rem
454 1531 713 1579 ridiculam
748 1548 860 1580 esse
896 1532 1080 1579 dicens.
1151 1530 1271 1578 Mox
1298 1532 1608 1579 decantatum
1645 1529 1765 1578 illud
1800 1527 1864 1578 de

182 1608 445 1658 mulierum
479 1612 592 1659 odio
617 1611 866 1677 Euripidis
903 1612 1112 1675 profert,
1147 1627 1291 1674 quam
1321 1610 1730 1668 criminationem,
1766 1610 1862 1658 sic-

185 1692 240 1737 ut
286 1690 433 1739 etiam
480 1691 779 1755 reliquarum
826 1692 1114 1757 plerasque,
1161 1692 1518 1755 Aristophanes
1554 1690 1670 1739 huic
1702 1689 1863 1738 homi-

184 1782 300 1816 num
349 1771 521 1833 generi
569 1773 788 1835 praeivit.
860 1772 1083 1835 Denique
1117 1772 1247 1836 quod
1284 1771 1368 1835 (ad
1405 1787 1448 1818 v.
1487 1769 1655 1834 1119.)
1692 1771 1863 1819 effica-

186 1849 291 1897 cius
338 1855 482 1914 putat
517 1851 675 1900 fuisse
723 1851 783 1900 ad
819 1853 1188 1901 miserationem
1224 1852 1512 1900 movendam
1548 1852 1787 1910 futurum,
1821 1848 1866 1901 si

189 1929 535 1979 Andromache
583 1931 692 1995 ipsa
731 1948 966 1996 praesens
1001 1933 1158 1980 filium
1195 1948 1336 1981 suum
1372 1926 1585 1982 luctibus
1618 1938 1668 1981 et
1701 1932 1866 1997 queri-

186 2010 361 2058 moniis
398 2019 664 2074 prosecuta
699 2020 850 2072 esset,
886 2013 938 2062 id
972 2029 1065 2076 qua
1101 2013 1164 2061 de
1200 2029 1374 2062 caussa
1407 2013 1575 2063 facere
1598 2013 1866 2078 Euripides

185 2088 418 2152 noluerit,
455 2107 606 2156 supra
639 2109 665 2141 a
700 2095 842 2143 nobis
878 2093 1269 2142 demonstratum
1307 2100 1398 2143 est.

321 2171 548 2220 Habitam
595 2189 709 2221 esse
756 2174 1008 2223 Troadum
1055 2174 1270 2223 fabulam
1314 2191 1342 2224 a
1376 2174 1868 2225 veteribussnumero

185 2253 721 2315 praestantissimarum
774 2260 827 2302 et
861 2255 1094 2304 Aelianus
1140 2255 1188 2302 in
1223 2255 1315 2313 iis,
1364 2271 1489 2319 quae
1531 2256 1594 2304 de
1638 2255 1871 2305 universa

187 2331 388 2396 scripsit
424 2334 712 2399 tetralogia,
763 2340 814 2383 et
860 2336 1209 2401 grammaticus
1244 2337 1441 2400 quidam
1478 2336 1528 2384 in
1564 2336 1737 2386 Rhett.
1776 2335 1869 2384 Gr.

190 2407 297 2458 Vll.
314 2429 362 2477 p.
380 2414 522 2459 1330.
542 2403 806 2476 testantur,
832 2417 972 2465 cuius
988 2416 1170 2465 haecce
1190 2419 1492 2468 snntverba:
1521 2415 1709 2468 αὐτίκα
1731 2418 1871 2482 γοῦν

190 2488 488 2557 Εὐριπίδης
527 2487 891 2562 Ἀνδρομάχην
936 2493 1025 2548 καὶ
1077 2496 1332 2564 Τρῳάδας
1383 2497 1591 2564 ἐποίησε
1631 2496 1706 2549 τὰ
1756 2514 1869 2549 πο-

189 2570 635 2640 λυθρύλλητα
662 2577 1003 2642 δράματα,
1032 2579 1291 2644 χορηγίαν
1311 2579 1613 2646 τραγῳδίας
1638 2577 1689 2642 ἐξ
1707 2572 1871 2646 Ὁμή-

188 2667 290 2714 ρου
324 2652 516 2718 λαβών.
587 2659 944 2725 Aristophanes
980 2662 1271 2724 quibusdam
1306 2664 1469 2711 verbis
1507 2678 1568 2711 ex
1595 2663 1872 2726 hymenaeo

186 2732 387 2797 virginis
420 2735 712 2787 furibundae
747 2742 929 2789 abusus
966 2748 1044 2789 est
1078 2742 1128 2789 in
1163 2758 1222 2789 eo
1246 2742 1540 2806 hymenaeo,
1576 2759 1724 2806 quem
1747 2741 1873 2791 fecit

188 2813 249 2860 ab
295 2815 476 2863 Avibus
519 2817 566 2865 in
611 2818 711 2867 fine
755 2820 950 2870 fabulae
986 2824 1187 2871 cantari.
1260 2822 1475 2870 Primum
1512 2823 1734 2872 eiusdem
1769 2829 1872 2872 tra-

187 2894 396 2959 goediae
430 2911 628 2946 versum
663 2898 936 2951 Menander
970 2903 1018 2951 in
1053 2903 1351 2952 Nauclerum
1386 2903 1664 2953 transtulit:

244 3096 296 3152 ⁹⁶)
327 3097 638 3156 καταφέρεται
677 3102 741 3152 εἰς
771 3101 823 3146 τὸ
852 3102 1033 3160 νόσημα
1061 3107 1155 3149 τῶν
1186 3101 1492 3150 ἀντιθέσεων·
1533 3106 1562 3164 ἡ
1590 3106 1677 3164 γὰρ
1705 3106 1876 3165 πρότε-

330 3184 413 3226 ρον
443 3169 635 3225 λέγουσα
669 3168 786 3230 ,βρα
816 3173 878 3229 μή
909 3190 957 3219 σε
989 3173 1092 3234 ἓ’λῃ”
1132 3177 1219 3219 νῦν
1250 3191 1392 3231 φησιν
1417 3175 1655 3231 ,,ἇ’κουσον
1686 3173 1874 3232 αὐτῆς.”

219 3236 301 3293 *ἢ
331 3240 402 3282 Ad
430 3256 473 3283 v.
507 3240 630 3285 1⁰03.
688 3245 757 3286 Ea
787 3246 927 3289 verba
957 3247 1222 3302 corruptelis
1241 3249 1479 3292 obscurata
1505 3255 1630 3292 sunt:
1664 3246 1874 3292 καθόλου

327 3309 415 3352 νῦν
451 3308 580 3368 παρὰ
621 3308 672 3356 τὸ
714 3313 890 3372 πρέπον
930 3316 959 3373 ἡ
988 3314 1155 3375 Ἑκάβη
1188 3320 1488 3375 δικαιολογεῖ,
1515 3316 1577 3370 ι’ὅς
1606 3333 1721 3376 φησι
1751 3321 1875 3362 Νικτ

338 3377 365 3424 ὁ
409 3380 626 3438 ποιητής·
682 3385 803 3439 „scaz
854 3386 902 3431 δὲ
952 3389 1002 3432 αἱ
1053 3390 1272 3434 τοιαῦται
1321 3388 1622 3449 ἐπιχειρήσεις
1666 3384 1875 3447 ἁμαρτο-

334 3449 551 3502 πίστεις.”
