2170 3848
1161 279 1279 336 132

387 446 502 482 care
532 426 696 486 voice,
743 426 793 474 in
826 423 948 473 duas
981 423 1262 489 tragoedias
1307 422 1631 490 dispescenda
1662 428 1790 491 erit,
1841 442 2045 493 quarum

388 511 543 559 altera
578 505 970 555 interfectionem
1005 503 1158 568 regie,
1192 504 1346 552 altera
1368 503 1640 556 Macbethii
1663 507 1913 558 interitum
1933 523 2048 557 con-

387 590 558 637 tineat.
624 584 818 633 Multae
869 599 931 632 ex
974 584 1070 632 hac
1103 584 1282 632 veteris
1316 585 1598 649 tragoediae
1629 592 1800 636 natura
1833 587 2052 653 pendent

387 667 740 733 proprietates,
790 665 964 726 quibus
997 663 1080 711 illa
1114 679 1142 710 a
1176 663 1506 713 recentiorum
1542 666 1833 715 carminibus
1867 666 2051 731 longis·

388 748 514 795 sime
547 745 726 802 distat,
775 759 898 806 quae
933 742 1193 791 diversitas
1229 759 1256 790 a
1291 744 1468 792 nostris
1503 744 1898 794 aestimatoribus
1930 760 2051 793 neu-

387 827 573 888 tiquam
608 823 728 871 satis
763 826 1024 886 perspecta
1058 827 1150 870 est.
1219 821 1374 873 Velut
1406 838 1642 886 personas
1678 823 1932 887 primarias
1967 840 2051 873 ve-

387 910 547 954 terum
594 902 888 964 tragicorum
928 901 1106 950 fabulis
1150 901 1304 963 tales,
1353 902 1522 966 quales
1554 903 1847 963 recentium,
1889 901 2057 952 inesse

390 984 576 1033 debere
622 980 747 1028 falso
794 981 888 1029 sibi
932 986 1308 1044 persuaserunt,
1358 986 1411 1030 et
1456 982 1690 1045 quasdam
1723 982 1919 1031 illorum
1953 986 2056 1030 tra-

389 1062 609 1126 goedias,
645 1060 776 1109 ultra
808 1060 1012 1108 istarum
1048 1060 1409 1123 principalium,
1443 1076 1561 1123 quas
1595 1067 1789 1124 putant,
1822 1076 2059 1126 persona-

389 1158 498 1191 rum
548 1140 649 1188 fata
699 1144 985 1203 porrectas,
1034 1141 1171 1202 quasi
1217 1140 1536 1203 simplicitate
1570 1146 1826 1203 carentes,
1876 1140 2060 1190 iniuste

390 1222 638 1271 damnant.
708 1219 931 1281 Quorum
977 1219 1143 1284 opinio
1191 1236 1218 1267 a
1258 1225 1483 1268 veterum
1525 1221 1819 1285 tragicorum
1852 1220 2061 1282 ratione,

390 1301 567 1365 quibus
601 1298 722 1347 nihil
756 1298 855 1346 tale
888 1299 938 1347 in
972 1306 1185 1348 mentem
1233 1299 1401 1348 venire
1434 1299 1623 1364 potuit,
1670 1298 1816 1363 longe
1846 1299 2060 1349 aberrat.

389 1380 585 1429 Etenim
622 1379 664 1426 si
699 1379 831 1426 circa
863 1378 1051 1427 factiun
1086 1394 1267 1439 unum,
1314 1394 1410 1427 non
1444 1378 1575 1427 circa
1609 1394 1760 1426 unum
1791 1377 2062 1437 hominem,

394 1459 619 1508 Graecae
654 1458 934 1520 tragoediae
979 1462 1252 1522 occupatae
1303 1463 1417 1506 sunt
1462 1462 1512 1506 et
1556 1452 1932 1522 καταστροφὴν
1965 1473 2063 1506 non

390 1541 535 1598 vitae,
571 1537 658 1585 sed
701 1554 869 1586 rerum
915 1537 992 1584 vel
1027 1538 1320 1601 privatarum
1355 1537 1431 1585 vel
1464 1537 1795 1602 publicarum,
1839 1538 1871 1585 i.
1908 1553 1952 1588 e.
1984 1537 2065 1586 vel

392 1618 687 1668 familiarum
714 1617 792 1665 vel
822 1612 1104 1674 civitatium,
1141 1617 1421 1678 ostendunt,
1463 1617 1661 1682 planum
1683 1622 1760 1665 est
1793 1631 1889 1664 non
1914 1632 2065 1681 posse

393 1714 540 1747 unam
574 1697 781 1759 aliquam
819 1711 1078 1760 personam
1113 1697 1162 1743 in
1197 1696 1396 1756 lumine,
1430 1696 1643 1760 reliquas
1677 1697 1724 1744 in
1751 1697 1926 1744 umbra
1959 1695 2062 1745 col-

397 1778 579 1836 locari,
627 1776 714 1824 sed
765 1781 953 1823 tantum
1002 1776 1176 1839 cuique
1209 1775 1521 1823 tribuendum
1567 1791 1697 1834 esse,
1731 1781 1966 1838 quantum
2000 1774 2062 1823 ad

397 1873 504 1906 rem
540 1871 780 1904 summam
826 1853 1001 1902 afferat
1034 1854 1290 1905 momenti.
1357 1853 1528 1917 ltaque
1563 1869 1625 1902 ne
1658 1870 1836 1903 nomen
1869 1854 2065 1919 quidem

396 1951 641 2002 personae
687 1933 974 1998 principalis
1020 1933 1172 1981 ullum
1221 1934 1350 1997 apud
1386 1939 1581 1982 veteres
1617 1934 1886 1998 scriptores
1918 1950 2066 1983 usur·

397 2022 570 2081 patum
628 2013 887 2062 invenitur.
988 2011 1112 2060 Nam
1181 2010 1628 2077 πρωταγωνιστὴν
1696 2013 1802 2062 sive
1857 2013 2066 2077 primam

397 2110 659 2160 personam
705 2093 832 2141 sicut
881 2089 1365 2158 δευτεραγωνιστὴν
1412 2099 1465 2142 et
1512 2089 1925 2158 τριταγωνιστὴν
1968 2108 2067 2141 non

400 2191 463 2223 ex
518 2174 767 2222 hominum
822 2174 1108 2232 momentis,
1167 2173 1256 2221 sed
1316 2189 1377 2221 ex
1421 2173 1664 2222 actionum
1709 2173 2068 2237 temperatione

401 2255 692 2303 constitutos
741 2268 853 2300 esse
913 2252 1109 2315 planum
1168 2259 1243 2301 est
1256 2251 1325 2316 *).
1404 2251 1550 2301 Nulla
1606 2253 1752 2318 igitur
1796 2252 1927 2300 inest
1969 2266 2069 2300 una

399 2332 687 2399 principalis
758 2347 975 2396 persona
1026 2331 1165 2380 Aiaci
1227 2332 1517 2396 SophocliS‚
1586 2332 1717 2380 nulla
1770 2321 2068 2389 Trachiniis,

400 2413 490 2461 sed
548 2411 765 2476 singulae
822 2426 904 2459 res
963 2426 1210 2471 summae,
1279 2419 1425 2476 atque
1485 2427 1573 2460 eae
1619 2426 1774 2475 aequa
1820 2426 1882 2460 ex
1926 2415 2070 2475 parte

401 2493 463 2541 ad
499 2492 700 2541 Aiacem
734 2495 882 2554 atque
914 2490 1177 2554 Ulyssem,
1214 2491 1274 2538 ad
1310 2490 1587 2540 Deianiram
1620 2496 1768 2554 atque
1799 2489 2070 2540 Herculem

401 2573 666 2637 pertinent.
744 2570 983 2620 Videmus
1029 2570 1079 2618 in
1124 2570 1286 2620 Aiacis
1336 2569 1502 2619 fabula
1548 2570 1765 2633 corporis
1822 2569 1974 2618 robur
2021 2575 2072 2619 et

402 2650 759 2706 contumaciam
811 2665 922 2697 cum
969 2648 1228 2713 prudentia
1263 2650 1623 2698 conflictantem
1672 2649 1724 2698 in
1770 2663 1929 2712 eoque
1962 2663 2070 2697 cer-

403 2732 585 2780 tamine
627 2729 702 2777 sic
751 2729 1179 2789 succumbentem,
1223 2734 1278 2777 ut
1323 2729 1471 2777 etiam
1515 2728 1656 2777 iustis
1701 2728 1991 2779 funebribus
2025 2727 2071 2776 ei

405 2809 669 2859 carendum
708 2807 851 2870 foret,
885 2809 980 2858 nisi
1013 2809 1191 2856 aemuli
1214 2808 1454 2857 beneficio
1479 2808 1795 2872 impetraret3
1828 2808 1879 2856 in
1913 2808 2071 2856 altera

405 2889 658 2953 tragoedia
703 2889 779 2937 vir
824 2888 1084 2936 exhibetur
1130 2887 1356 2951 pellicem
1392 2903 1541 2951 super
1587 2902 1794 2936 uxorem
1829 2886 2070 2935 reducens

406 2974 457 3017 et
499 2967 869 3016 materfamilias
914 2969 1043 3018 bona
1099 2972 1263 3016 mente
1308 2982 1522 3016 amorem
1569 2966 1731 3016 mariti
1775 2980 2073 3029 recuperare

406 3047 630 3107 studens,
662 3062 788 3111 quae
821 3062 901 3095 res
934 3047 984 3095 in
1019 3046 1283 3110 perniciem
1318 3046 1468 3095 vertit
1499 3046 1714 3109 utrique.
1783 3044 1945 3093 Huius
1981 3060 2069 3110 ge-

407 3127 539 3176 neris
573 3132 690 3175 sunt
723 3127 998 3174 communia
1029 3125 1141 3186 illa,
1177 3141 1300 3189 quae
1333 3126 1384 3174 in
1419 3124 1766 3189 componendis
1797 3124 2072 3188 tragoediis

461 3253 512 3308 >xc)
542 3254 722 3295 Terent.
743 3254 924 3297 Phorm.
948 3251 1086 3306 proh:
1127 3249 1274 3304 „Quia
1302 3249 1470 3304 primas
1497 3249 1636 3305 partis
1665 3247 1739 3303 qui
1766 3252 1893 3305 aget,
1921 3249 1961 3290 is
1990 3248 2074 3292 erit

543 3323 756 3364 Phormio
783 3322 1025 3377 parasitus,
1065 3332 1161 3373 per
1191 3333 1351 3372 quem
1379 3333 1472 3362 res
1500 3322 1735 3376 geretur
1762 3317 1969 3361 maxim
1985 3318 2073 3369 e”;

539 3392 598 3434 cf.
631 3406 743 3446 quae
772 3394 826 3435 K.
858 3393 933 3434 Fr.
963 3393 1207 3434 Hermann.
1244 3389 1288 3432 in
1319 3391 1479 3434 annall.
1518 3388 1631 3433 critt.
1665 3387 1866 3431 Berolin.
1909 3387 2075 3431 mensis

534 3462 691 3506 Martii
707 3463 808 3507 anni
833 3460 960 3506 1843.
984 3459 1201 3504 disseruit.
