2170 3848
930 242 1051 299 189

296 387 507 437 Invicem
546 393 724 454 poetae
758 393 976 438 actorum
1011 404 1102 438 usu
1137 403 1194 435 ac
1227 388 1442 436 sollertia
1463 387 1825 449 adiuvabantur,

166 466 299 515 velut
331 468 608 533 Aeschylus
645 469 873 518 Cleandri
907 476 1054 532 atque
1089 466 1301 531 Mynisci
1336 465 1691 516 Chalcidensis.
1758 467 1827 516 Et

163 550 372 596 testatur
406 550 695 596 Aristoteles
718 548 856 598 Poet.
878 548 966 607 IX,
998 550 1071 595 10.
1118 547 1323 594 multum
1357 561 1554 611 semper
1587 562 1616 594 a
1648 546 1827 610 poetis,

167 631 219 676 et
260 627 318 675 iis
366 630 564 692 quidem
617 629 789 684 bonis,
838 628 1068 674 tributum
1116 627 1360 673 actoribus
1405 634 1556 690 atque
1601 628 1746 674 etiam
1778 629 1827 676 in

166 708 415 755 struendis
462 707 725 772 tragoediis
770 706 983 753 habitam
1032 721 1202 754 eorum
1237 707 1474 754 rationem
1510 721 1635 754 esse.
1702 707 1828 755 Am-

168 787 449 851 plificabant
501 788 627 834 enim
682 791 964 849 argumenta
1017 786 1434 842 contentionibus,
1490 790 1547 833 ut
1591 785 1829 834 haberent

167 866 446 924 histriones,
482 866 530 913 in
564 866 737 927 quibus
773 866 972 930 agendis
1006 866 1232 914 virtutem
1270 863 1606 916 ostenderent.
1653 864 1829 928 Neque

166 946 262 993 hoc
309 944 768 1008 reprehendendum
804 952 909 1002 est,
961 945 1198 1009 siquidem
1246 944 1374 1010 quod
1412 944 1658 992 actoribus
1694 960 1828 993 com-

167 1026 395 1082 muniter,
430 1039 525 1071 non
562 1026 711 1072 certis
746 1025 958 1088 proprie,
987 1026 1145 1085 datur,
1179 1025 1227 1072 id
1253 1024 1532 1088 tragoediae
1555 1024 1668 1087 ipsi,
1703 1038 1829 1086 quae

166 1103 365 1167 quidem
415 1103 554 1167 posci
598 1105 714 1152 velit
758 1108 808 1152 et
855 1110 1074 1168 spectata
1126 1106 1323 1170 reponi,
1374 1104 1479 1152 dari
1521 1103 1828 1167 intelligitur.

165 1182 328 1231 Huius
373 1181 527 1247 igitur
577 1185 649 1231 rei
698 1199 870 1232 caussa
917 1185 1126 1233 societas
1173 1186 1466 1250 scriptorum
1510 1190 1831 1246 actorumque

165 1264 354 1311 utiliter
388 1262 553 1321 initur,
591 1279 749 1326 neque
788 1263 893 1312 sere
927 1265 1180 1327 qnisquam
1217 1273 1501 1328 poetarum,
1551 1263 1636 1324 qui
1670 1277 1831 1325 neque

170 1342 286 1405 quid
314 1342 558 1390 theatrum
588 1345 862 1407 requireret
888 1360 1046 1407 neque
1073 1344 1185 1406 quid
1213 1344 1392 1392 acturis
1422 1350 1612 1408 gratum
1636 1348 1829 1406 aptum-

167 1437 262 1485 qne
296 1421 440 1479 soret,
476 1424 776 1486 respiceret,
813 1432 944 1471 stare
981 1426 1138 1487 potuit
1172 1431 1254 1472 aut
1286 1424 1332 1470 in
1369 1422 1569 1471 theatris
1604 1437 1829 1487 regnare.

168 1491 310 1563 Quod
346 1502 488 1564 igitur
523 1502 586 1549 de
620 1502 871 1568 Sophocle
904 1505 1174 1552 memoriae
1211 1511 1289 1551 est
1324 1502 1586 1567 proditum,
1621 1517 1732 1549 eum
1767 1501 1831 1551 ad

167 1588 414 1629 certorum
449 1588 670 1630 actorum
705 1591 900 1631 naturas
935 1584 981 1631 iu
1017 1583 1290 1631 scribendis
1331 1582 1512 1630 fabulis
1549 1591 1830 1645 respectum

166 1660 431 1719 habuisse,
480 1662 710 1724 quodque
744 1662 875 1710 idem
912 1664 974 1711 de
1007 1665 1336 1712 recentiorum
1387 1663 1684 1726 tragicorum
1720 1661 1829 1726 plu-

165 1741 329 1799 rimis,
382 1740 685 1803 Schaxpcrio
718 1742 987 1806 imprimis,
1043 1747 1263 1801 constat,
1310 1742 1440 1789 idem
1487 1743 1546 1789 ab
1591 1741 1830 1805 Euripide

165 1819 350 1868 factum
397 1835 508 1867 esse
564 1820 714 1868 multa
764 1822 1028 1872 declarant.
1097 1813 1270 1870 Intima
1316 1822 1444 1869 enim
1498 1820 1829 1870 familiaritate

168 1913 280 1945 cum
324 1897 725 1962 Cephisophonte
759 1901 992 1950 histrione
1041 1901 1234 1949 iunctus
1269 1901 1391 1962 fuit,
1435 1900 1559 1948 adeo
1594 1906 1649 1948 ut
1683 1900 1830 1949 etiam

166 1977 216 2025 in
249 1978 395 2025 domo
431 1995 519 2026 sua
552 1978 687 2026 illum
725 1980 948 2029 habitare
982 1981 1206 2038 voluerit,
1242 1997 1300 2029 ex
1336 1996 1430 2045 quo
1467 1981 1676 2029 virorum
1713 1995 1829 2028 con-

169 2057 325 2105 sortio
362 2065 541 2121 quanta
575 2060 805 2108 uxoribus
841 2060 1090 2126 Euripidis
1125 2061 1327 2109 infamia
1351 2067 1458 2108 nata
1480 2060 1560 2120 sit,
1595 2060 1688 2107 alio
1719 2059 1828 2107 loco

168 2137 505 2199 exposuimus.
576 2137 715 2199 Quod
753 2140 896 2189 etiam
933 2151 1097 2190 natum
1142 2142 1187 2189 in
1226 2141 1371 2188 domo
1407 2140 1655 2204 Euripidis
1690 2138 1830 2187 illum

167 2214 322 2264 fuisse
355 2218 578 2280 tradunt,
624 2219 673 2266 id
709 2235 771 2268 ex
806 2223 1070 2270 eorundem
1110 2222 1406 2271 comicorum
1441 2220 1678 2269 calumnia
1712 2224 1831 2283 puto

165 2295 398 2360 originem
434 2297 666 2347 duxisse:
714 2299 763 2348 iu
807 2317 986 2350 vernae
1034 2303 1164 2350 enim
1210 2302 1368 2349 locum
1407 2296 1687 2366 (οἰκογενὲς
1720 2314 1828 2364 μει-

166 2375 470 2439 ράκιον,τίῐ.
501 2379 606 2430 cod.
639 2378 874 2445 Vindob.)
925 2383 1133 2431 amicum
1178 2390 1353 2446 poetae
1387 2382 1650 2431 detrahere
1683 2396 1829 2429 cona-

163 2456 355 2504 bantur.
423 2456 567 2507 Hunc
619 2459 767 2522 igitur
816 2460 1101 2526 frequenter
1146 2464 1205 2510 ab
1258 2461 1495 2526 Euripide
1550 2461 1827 2509 consultum

167 2550 280 2583 esse
314 2536 667 2600 Aristophanes
725 2547 775 2587 et
806 2543 888 2604 qui
924 2559 1032 2590 eum
1071 2543 1225 2590 secuti
1261 2549 1373 2591 sunt
1417 2541 1719 2607 grammatici
1753 2547 1828 2588 te-

167 2620 374 2676 stantur,
409 2615 862 2684 Cephisophoutem
898 2622 958 2670 ad
995 2623 1354 2685 componendas
1399 2622 1590 2669 fabulas
1626 2635 1827 2684 operam

166 2708 303 2742 suam
376 2699 640 2747 contulisse
688 2701 935 2749 dicentes:
1014 2703 1266 2766 Aristoph.
1310 2702 1432 2750 Ran.
1468 2703 1622 2749 1452:
1674 2696 1828 2751 ταυτὶ

165 2772 338 2837 πότερ’
389 2774 546 2836 αὐτὸς
590 2768 736 2841 εὗρες
780 2778 813 2846 ἢ
851 2782 1188 2847 Κηφισοφῶν
1200 2801 1220 2840 ;
1287 2777 1448 2846 »Ἐγὼ
1494 2779 1683 2845 μόνος·
1735 2779 1827 2840 τὰς

166 2851 213 2903 δ’
259 2851 436 2914 ὀξίδας
484 2857 869 2925 Κηφισοφῶν.”
937 2863 1039 2913 Vit.
1070 2864 1176 2912 cod.
1214 2861 1453 2914 Vindob.:
1500 2860 1827 2926 διαβάλλεται

165 2931 221 2984 δὲ
246 2932 351 2984 ὑπὸ
388 2936 621 3001 φθόνου,
657 2938 727 3000 ὡς
758 2940 852 2992 τὸν
888 2942 1288 3010 Κηφισοφῶντα
1323 2935 1422 3008 εἶχε
1457 2946 1825 3006 συμποιοῦντα

166 3014 309 3081 αὐτῷ
338 3014 431 3077 τὰς
465 3019 774 3085 τραγῳδίας.
843 3025 908 3072 Et
943 3026 1131 3073 cantica
1167 3024 1418 3088 imprimis,
1452 3024 1501 3072 iu
1528 3026 1706 3088 quibus
1732 3025 1824 3072 sci-

165 3094 286 3144 licet
330 3099 533 3162 agendis
572 3101 922 3167 Cephisophon
968 3105 1177 3153 maxime
1220 3103 1511 3160 excelleret,
1562 3105 1704 3152 huius
1740 3119 1827 3152 so-

165 3176 292 3224 ciato
339 3179 499 3227 studio
548 3179 725 3229 effecta
784 3200 894 3234 esse
940 3192 1174 3248 arguunt:
1243 3182 1493 3247 Aristoph.
1530 3183 1651 3233 Ran.
1699 3184 1823 3230 944:

165 3247 255 3304 εἶτ’
290 3253 581 3322 ἀνέτρεφον
614 3260 924 3329 μονῳδίαις,
961 3261 1365 3329 Κηφισοφῶντα
1398 3261 1601 3327 μιγνύς.
1653 3262 1825 3325 Itaque

165 3350 351 3397 ⁰¹¹¹¹¹e⁸s
386 3355 512 3402 quae
544 3340 727 3406 ubique
760 3345 1103 3404 invenirentur,
1138 3344 1413 3392 infimorum
1435 3345 1684 3392 hominum
1709 3357 1822 3391 cau-

162 3415 600 3488 tileuasrcollectas
636 3418 768 3474 etin
800 3425 1099 3491 tragoediam
1143 3424 1357 3489 ingestas
1407 3439 1520 3474 esse
1565 3421 1823 3472 criminan-

162 3498 268 3558 tur,
300 3496 420 3550 ibid.
450 3513 494 3549 v.
524 3500 681 3549 1301:
