2170 3866
1121 274 1246 334 516

326 437 466 474 mare
499 425 669 488 potest
701 425 842 471 recte
877 436 933 471 se
968 421 1156 472 habere
1190 422 1324 487 quod
1359 427 1439 473 est
1473 428 1645 475 contra
1683 429 1908 477 naturam
1946 442 2025 476 ra-

329 505 643 567 tionemque:
678 517 793 551 nam
827 516 992 566 neque
1026 502 1166 552 initio
1204 504 1401 568 quaerit
1433 519 1587 554 senex
1622 520 1698 567 ea,
1731 510 1858 570 quae
1891 507 2025 573 Aga-

330 598 564 634 memnon
609 582 912 646 respondet,
968 598 1133 648 neque
1181 588 1442 648 postquam
1491 583 1576 632 hic
1623 586 1854 651 exposuit
1899 602 2027 651 quae

330 679 478 714 nemo
513 661 920 723 desideraverat,
955 663 1041 712 ille
1074 679 1276 722 eorum,
1326 680 1452 727 quae
1487 666 1822 715 cummaxime
1854 666 2025 716 multis

330 744 497 794 verbis
544 742 810 807 explanata
853 747 994 804 sunt,
1055 759 1262 807 gnarum
1314 760 1371 792 se
1419 759 1534 793 esse
1582 745 1818 795 ostendit.
1896 744 2028 795 Num

330 826 500 875 demta
533 823 616 871 illa
650 823 930 872 narratione
965 822 1213 886 reliquum
1250 823 1550 889 conoquium
1596 841 1692 874 non
1732 829 1871 875 recte
1905 840 2031 890 pro-

331 906 514 955 cedere
559 909 612 952 et
653 902 844 965 singula
879 907 998 967 apte
1033 902 1245 952 haerere
1281 904 1654 954 concedendum
1689 906 1804 956 est?
1863 905 2031 971 Expe-

332 987 489 1035 ditum
547 982 753 1047 profluit
815 982 1115 1046 colloquium
1169 990 1222 1033 et
1269 991 1544 1048 congruunt
1603 985 1734 1036 inter
1780 1002 1837 1036 se
1881 986 2033 1036 verba

333 1065 527 1124 omnia3
575 1063 658 1127 qui
702 1067 869 1111 autem
918 1078 947 1110 a
993 1062 1291 1126 quibusdam
1340 1065 1458 1113 viris
1505 1065 1669 1114 doctis
1710 1066 1882 1115 iniecti
1914 1069 2032 1116 sunt

333 1143 587 1210 scrupuli,
634 1141 672 1190 ii
716 1142 932 1191 faciliori
973 1142 1178 1207 negotio
1226 1142 1470 1192 tolluntur
1515 1160 1663 1208 quam
1697 1146 1867 1201 iniecti
1900 1151 2031 1196 sunt.

331 1225 464 1276 Num
508 1223 570 1272 ad
607 1222 902 1288 principium
938 1222 1096 1272 relata
1129 1224 1349 1272 narratio
1385 1223 1468 1272 illa
1501 1240 1598 1274 non
1634 1225 1754 1275 iusti
1786 1224 2033 1292 prooemii

334 1319 544 1356 munere
589 1303 816 1368 fungitur
862 1306 915 1351 et
961 1301 1124 1350 forma
1172 1302 1280 1351 eius
1315 1304 1585 1367 prooemiis
1619 1305 1923 1369 reliquarum
1955 1304 2034 1355 fa-

334 1386 563 1436 bularum
606 1398 704 1431 non
751 1382 927 1431 similis
974 1382 1090 1430 est‘}
1147 1380 1300 1431 Plane
1340 1383 1462 1431 nihil
1495 1399 1658 1447 neque
1693 1385 1837 1434 deest
1869 1400 2034 1450 neque

335 1463 569 1526 abundat,
602 1463 696 1512 nisi
720 1462 854 1526 quod
880 1462 1239 1527 Agamemnon,
1277 1477 1375 1526 quo
1402 1463 1468 1511 sit
1490 1463 1708 1526 nomine,
1735 1479 1832 1514 non
1858 1467 2033 1530 aperte

335 1544 651 1612 pronuntiat:
686 1542 819 1607 quod
854 1543 898 1590 si
934 1541 1129 1590 omnino
1150 1542 1485 1591 necessarium
1513 1542 1597 1606 sit,
1631 1544 1892 1594 nonnullos
1918 1559 2033 1593 ver-

337 1641 424 1676 sus
473 1641 503 1673 a
543 1622 792 1689 principio
838 1622 948 1671 eius
991 1636 1086 1685 per
1118 1620 1526 1685 interpolatorem
1560 1622 1753 1674 ablatos
1788 1639 1901 1674 esse
1935 1622 2036 1674 de-

339 1704 646 1756 cernendum
682 1703 794 1752 erit.

469 1783 672 1833 Duabus
720 1781 832 1831 fere
880 1796 941 1830 ex
974 1780 1235 1847 partibus,
1285 1785 1343 1832 ut
1377 1782 1572 1848 saepius
1606 1782 1800 1844 monui,
1841 1782 2037 1849 prologi

338 1865 621 1917 fabularum
656 1862 929 1928 Euripidis,
961 1863 995 1914 i.
1029 1878 1075 1912 e.
1113 1863 1333 1913 actiones
1370 1879 1474 1923 eae,
1510 1879 1637 1927 quae
1672 1863 1812 1912 chori
1844 1864 2036 1927 ingres-

341 1962 452 1997 sum
498 1944 807 2010 praecedunt
853 1941 1040 2008 (μέρος
1091 1940 1219 1993 ὅλον
1259 1942 1559 2010 τραγῳδίας
1606 1941 1667 1994 τὸ
1712 1940 1818 2008 πρὸ
1862 1943 2036 2008 χοροῦ

340 2022 609 2092 παρόδου,
637 2024 849 2074 Aristot.
877 2024 1019 2073 Poet.
1043 2039 1085 2073 c.
1111 2026 1192 2084 12,
1218 2024 1316 2088 1.)‚
1351 2028 1605 2085 constant,
1639 2039 1848 2089 quarum
1879 2023 2037 2073 altera

342 2113 421 2158 est
465 2106 697 2155 continua
741 2105 958 2153 narratio
972 2104 1056 2168 *),
1111 2104 1267 2153 altera
1310 2103 1423 2154 fere
1469 2104 1733 2169 colloquii,
1785 2103 2035 2154 interdum

342 2187 539 2245 cantici,
572 2184 788 2233 formam
820 2184 995 2233 induit.
1061 2183 1358 2235 Narratione
1393 2185 1622 2234 continua
1648 2185 1752 2234 sive
1778 2183 2036 2250 prooemio

342 2266 530 2317 nullum
563 2263 820 2327 Euripidis
856 2263 1025 2311 drama
1072 2264 1294 2312 caruisse
1339 2265 1551 2312 testibus
1596 2263 1690 2324 iis,
1745 2278 1870 2327 quos
1907 2262 1970 2312 T.
1997 2260 2036 2310 1.

342 2364 395 2414 p.
419 2348 484 2395 12
511 2359 614 2408 seq.
655 2347 707 2390 et
729 2343 847 2393 322.
881 2342 1053 2407 posui,
1089 2342 1392 2390 credendum
1430 2348 1523 2391 est.
1592 2342 1731 2404 Quae
1765 2341 1848 2405 qui
1883 2344 2038 2406 agunt

343 2424 628 2492 prooemia,
661 2421 700 2469 ii
730 2420 794 2469 ad
827 2421 1080 2470 theatrum
1115 2422 1340 2470 conversi
1375 2421 1439 2471 de
1472 2422 1641 2482 rebus,
1677 2437 1804 2486 quae
1826 2419 2038 2470 actioni-

345 2507 438 2556 bus
471 2502 775 2570 praecedere
807 2500 1088 2566 finguntur,
1133 2502 1325 2566 prolixe
1359 2501 1601 2563 edocent,
1637 2501 1735 2550 hoc
1767 2517 1919 2550 unum
1955 2516 2038 2550 cu-

345 2589 544 2646 ranteS,
593 2586 654 2631 ut
704 2596 913 2630 caussae
958 2598 1128 2630 rerum
1177 2596 1349 2630 omnes
1407 2581 1775 2646 spectatoribus
1816 2584 2038 2645 pateant,

348 2680 447 2730 quo
480 2663 568 2721 fit,
615 2666 679 2717 ut,
716 2666 898 2726 poetae
932 2662 1088 2728 magis
1126 2677 1271 2726 quam
1306 2676 1446 2710 suam
1481 2677 1748 2726 personam
1782 2676 1933 2725 agere
1963 2659 2041 2709 vi-

347 2743 577 2793 deantur.
630 2739 818 2790 Omnes
853 2741 984 2790 enim
1020 2745 1410 2790 commemorant
1443 2746 1772 2804 enarrantqne
1801 2756 1877 2801 ea,
1913 2755 2042 2804 quae

349 2836 743 2873 commemorare
777 2825 926 2885 atque
960 2836 1193 2870 enarrare
1228 2836 1390 2883 neque
1423 2820 1701 2880 affectibus,
1737 2819 1916 2883 quibus
1949 2833 2038 2869 eos

349 2901 683 2952 cummaxime
715 2900 905 2949 moveri
937 2916 1146 2950 necesse
1179 2899 1273 2962 sit,
1314 2915 1477 2965 neque
1510 2899 1919 2964 occupationibus
1952 2914 2040 2948 eo-

348 2998 459 3032 rum
504 2985 591 3031 aut
638 2980 883 3045 temporis
929 2980 1218 3030 necessitati
1265 2981 1391 3029 satis
1447 2980 1692 3028 convenit.
1772 2978 1929 3028 Deme
1979 2992 2041 3027 ex

352 3060 536 3111 fabulis
588 3059 713 3109 haec
772 3061 1060 3126 prooemia,
1121 3065 1175 3110 et
1230 3059 1442 3108 habebis
1500 3059 1733 3124 prologos
1779 3056 2040 3125 Euripidis

353 3157 467 3190 cum
511 3139 775 3204 Sophoclis
818 3140 1041 3206 prologis
1089 3144 1388 3202 exaequatos
1438 3153 1601 3204 neque
1659 3138 1882 3187 dramata
1928 3151 2040 3185 mu-

352 3220 500 3271 tilata
533 3235 648 3269 esse
680 3220 990 3270 videbuntur.
1058 3219 1151 3269 Est
1187 3219 1340 3284 igitur
1375 3217 1632 3284 Euripidis
1674 3215 2040 3283 prooemiorum

410 3402 464 3457 *)
493 3417 513 3445 ε
528 3400 545 3444 Z
560 3398 659 3459 9μό
675 3416 698 3452 ς
718 3400 776 3444 τὰ
793 3399 1018 3457 γεγονότα
1035 3397 1063 3456 ἢ
1086 3397 1143 3444 τὰ
1168 3396 1363 3456 ἐσόμενα
1392 3399 1567 3456 δηλῶν,
1598 3395 1923 3456 grammaticus
1943 3394 2042 3453 qui·

495 3471 602 3517 dam
627 3471 675 3517 in
701 3471 858 3518 Rhett.
887 3471 974 3518 Att.
1005 3471 1061 3516 T.
1091 3470 1150 3515 11.
1181 3485 1225 3526 p.
1255 3470 1325 3514 19.
1356 3470 1426 3513 ed.
1454 3468 1598 3514 Wnlz.
