2124 3860
1110 248 1233 305 338

313 400 486 460 ,lenae
527 394 696 460 specie
739 398 855 444 nata
899 394 1232 460 deplorantur.
1312 393 1423 444 Non
1456 400 1721 462 potuerunt
1754 397 2017 450 Athenien-

345 494 426 527 ses
472 492 568 525 uon
623 475 854 540 propriae
915 475 1068 523 cladis
1120 476 1395 537 reminisci,
1452 482 1656 526 canente
1703 479 1857 528 choro
1903 478 2015 528 illaz

343 557 526 620 „Multi
562 555 863 606 Achivorum
909 556 1160 604 hastarum
1211 562 1262 604 et
1307 571 1534 604 saxorum
1578 557 1756 606 ictibus
1792 558 2018 623 percussi

346 654 403 685 ac
450 637 632 683 misere
679 635 912 683 exstincti
959 637 1006 684 in
1051 636 1232 684 luctum
1270 636 1504 700 coniuges
1550 652 1662 684 suas
1706 639 2020 687 coniecerunt

344 717 674 779 orbaruntque
709 717 900 775 domuS,
937 715 1116 763 multos
1152 716 1200 763 in
1236 716 1400 764 reditu
1441 732 1563 764 unus
1598 717 1672 764 vir
1704 717 1866 765 fallaci
1901 718 2017 766 sub-

344 796 445 845 lata
491 795 600 843 face
646 796 874 851 sustulit..
927 796 1057 844 saxis
1105 795 1258 843 illisos
1308 792 1628 859 Caphareis.'’
1709 795 1884 860 Neque
1927 797 2017 844 mi·

344 891 435 924 nus
483 875 771 923 sententiam
817 876 1193 923 Atheniensium
1253 875 1551 923 afflictorum
1605 876 1790 924 haecce
1837 875 2018 924 imitari

344 957 597 1004 videntur:
658 954 746 1016 „lu
800 960 932 1003 tanta
976 971 1139 1001 rerum
1188 956 1509 1004 humanarum
1556 955 1910 1014 inconstantia,
1968 954 2018 1002 in

344 1035 597 1084 eventibus
646 1032 755 1097 spei
790 1040 840 1082 et
875 1034 1050 1082 rationi
1086 1035 1368 1092 contrariis,
1415 1036 1524 1098 quis
1561 1035 1691 1083 dicat
1737 1051 1821 1093 se,
1868 1030 2019 1098 quum

345 1115 406 1164 ad
453 1114 577 1161 fines
623 1114 984 1162 remotissimos
1024 1115 1285 1162 scrutando
1337 1114 1661 1178 procederet,
1717 1113 1834 1177 quid
1886 1118 2020 1162 esset

345 1195 550 1243 deorum
586 1193 867 1251 consilium,
916 1193 1033 1256 quid
1070 1209 1192 1252 non,
1238 1191 1584 1258 invenisse‘3*)
1642 1194 1852 1243 Errores
1887 1191 2019 1241 enim

345 1273 637 1322 mortalibus
684 1273 955 1320 immittunt
1001 1273 1069 1321 dii
1114 1279 1164 1322 et
1213 1290 1363 1336 saepe
1397 1273 1610 1322 miseriis
1645 1274 1779 1337 ipsos
1813 1273 2019 1321 deorum

344 1354 527 1402 liberos
561 1353 725 1400 vexari
758 1352 1008 1411 videmus3
1061 1354 1151 1401 sed
1202 1353 1340 1400 stulti
1387 1359 1501 1401 sunt
1546 1353 1627 1416 qui
1671 1352 1880 1417 gloriam
1928 1365 2021 1416 per

345 1433 474 1482 bella
507 1437 775 1495 quaerunt,
812 1432 949 1478 stulti
984 1433 1065 1494 qui
1101 1433 1247 1480 armis
1285 1432 1408 1480 mala
1445 1447 1617 1480 sanare
1652 1431 1870 1492 student,
1906 1446 2019 1478 cum

343 1512 509 1561 verbis
544 1512 655 1559 lites
691 1525 990 1572 componere
1025 1511 1200 1559 liceat:
1247 1512 1377 1560 bello
1425 1513 1554 1560 enim
1590 1512 1631 1558 si
1667 1511 2017 1575 disceptentur,

299 1632 313 1644 ,
344 1607 587 1654 nunquam
634 1588 812 1636 caedes
859 1592 1147 1638 cessabunt:
1200 1592 1476 1639 cuiusmodi
1523 1592 1885 1640 contentionum
1934 1587 2019 1653 qui

345 1673 410 1721 sit
441 1670 582 1728 finis,
631 1668 957 1716 Troianorum
993 1685 1101 1718 sors
1138 1670 1372 1729 ostendit,
1407 1670 1683 1719 interfectis
1719 1670 2017 1729 homiuibus,

345 1750 492 1800 tectis
526 1755 689 1797 autem
725 1748 856 1812 igne,
891 1755 1120 1813 tanquam
1143 1749 1271 1797 Iovis
1306 1749 1526 1809 fulmine,
1563 1750 1788 1798 vastatist
1825 1766 1883 1797 ex
1909 1748 2018 1811 qui-

343 1832 436 1881 bus
471 1829 837 1878 calamitatibus
872 1830 1161 1878 miserrimis
1197 1829 1396 1878 dolores
1431 1845 1583 1895 super
1611 1830 1808 1878 dolores
1842 1829 1890 1877 in
1916 1827 2020 1876 He-

345 1911 505 1960 lenam
544 1907 875 1958 redundant.''

474 1987 694 2036 Rediens
730 2004 758 2035 a
790 1992 965 2036 venatu
1001 1985 1399 2051 Theoclymenus
1434 1989 1648 2051 primum
1682 1987 1881 2052 quidem
1915 2003 2019 2035 ma-

346 2085 433 2118 nes
475 2068 630 2131 patris
677 2067 726 2114 in
759 2067 1017 2115 vestibulis
1066 2068 1248 2130 sepulti
1282 2074 1510 2131 tanquam
1550 2074 1754 2132 penates
1787 2068 2019 2130 religiose

348 2148 558 2196 salutatz
623 2162 719 2209 quo
765 2147 898 2195 facto
947 2147 1111 2194 statim
1170 2147 1291 2196 dicit
1344 2149 1596 2212 accepisse
1656 2164 1712 2195 se
1771 2148 2015 2195 Graecum

346 2226 587 2291 quendam
622 2224 871 2273 homiuem
909 2226 1166 2273 advenisse
1207 2233 1257 2273 et
1283 2226 1524 2274 fefellisse
1546 2226 1898 2289 speculatores,
1932 2225 2015 2290 qui

347 2304 618 2354 timendum
653 2319 765 2351 esse
799 2320 862 2352 ne
894 2304 1133 2351 Helenam
1169 2303 1342 2352 furtim
1380 2306 1626 2353 abducere
1648 2313 1866 2354 conetur.
1923 2306 2015 2353 Cui

346 2386 465 2434 dum
511 2390 718 2432 mortem
769 2384 1051 2442 minitatur,
1100 2383 1235 2432 illam
1278 2385 1442 2432 abisse
1491 2401 1518 2431 a
1566 2385 1795 2449 sepulcro
1829 2384 2016 2444 videns,

346 2480 572 2514 reserare
606 2464 746 2512 iubet
778 2464 1020 2520 claustra,
1068 2465 1302 2527 expedire
1337 2480 1527 2522 currus,
1562 2465 1809 2513 adducere
1843 2479 2014 2529 equos,

346 2549 402 2592 ut
423 2544 699 2603 mulierem,
736 2560 879 2607 quam
913 2543 1171 2590 abductam
1197 2550 1350 2606 putat,
1385 2551 1659 2607 recuperet.
1727 2544 1778 2592 ln
1802 2545 1898 2592 hoc
1922 2546 2014 2593 im-

348 2630 466 2688 petu
512 2629 721 2687 repente
771 2623 1009 2671 Helenam
1056 2624 1294 2685 conspicit
1339 2640 1398 2672 ex
1435 2624 1637 2672 aedibus
1672 2624 2013 2688 prodeuntem,

345 2703 539 2768 lugubri
571 2703 788 2751 indutam
822 2708 987 2763 veste,
1035 2702 1258 2750 detonsis
1290 2704 1502 2768 capillis,
1549 2721 1635 2752 ore
1678 2705 1890 2752 lacrimis
1925 2721 2013 2769 op-

347 2783 494 2847 pleto.
577 2783 707 2844 „Qui
757 2783 935 2831 exinde
982 2783 1253 2831 conseritur
1299 2784 1429 2846 regis
1475 2784 1788 2848 Helenaeque
1833 2799 2012 2845 sermo,

346 2862 626 2925 perfectum
673 2863 795 2911 artis
840 2878 968 2928 opus
1015 2869 1117 2922 est,
1166 2878 1354 2911 summa
1392 2865 1641 2928 diligentia
1689 2863 2011 2929 perpolitum,

401 3071 449 3125 ἧς)
476 3071 770 3115 scribendum
800 3078 865 3116 est
893 3090 936 3117 v.
967 3073 1098 3118 1149:

617 3143 660 3185 τί
688 3142 740 3186 τὸ
771 3143 929 3196 σαφές,
960 3142 988 3188 δ’
1015 3162 1059 3189 τι
1088 3142 1188 3188 ποτ’
1218 3143 1265 3188 ἐν
1293 3147 1474 3204 βροτοῖς

621 3214 757 3257 θεῖον
785 3213 893 3265 ἔπος
922 3210 1093 3266 ἀλαθὲς
1121 3209 1284 3274 εὔρους

483 3282 529 3323 in
551 3282 825 3339 antistropha
854 3290 1027 3328 autem:

622 3351 697 3396 ἐπὶ
729 3351 778 3397 δὲ
807 3352 966 3399 πάθεα
991 3353 1162 3399 πάθεσι
1194 3353 1346 3414 φέρεις

621 3420 804 3476 ἀθλίοις
832 3424 881 3469 ἐν
908 3429 1227 3484 συμφοραῖσιν.
