2170 3866
945 267 1072 327 455

165 422 334 484 portas
371 416 608 483 disponit,
646 418 697 467 in
732 432 942 481 quornm
979 415 1330 483 praedicandis
1363 414 1629 464 virtutibus
1662 414 1870 463 minime

164 500 484 559 immoratur,
521 499 746 562 ineptum
783 513 897 546 esse
934 499 1135 556 dicens,
1171 497 1403 547 hostibus
1439 495 1638 543 iamiam
1671 495 1870 544 moenia

164 579 425 640 iuvasuris,
462 578 784 643 singulorum,
822 595 945 642 quos
981 579 1258 643 praeficiat,
1295 593 1448 639 arma,
1485 592 1642 640 genus
1677 581 1729 626 et
1763 574 1866 623 for-

161 659 428 707 titudinem
466 659 689 707 oratione
724 659 1072 723 persequendo
1105 663 1304 723 tempus
1329 672 1650 706 consumere:
1687 656 1867 720 quibus

164 739 471 803 Aeschylum
520 740 788 804 perstringi
836 741 1000 788 verbis
1063 745 1235 787 notum
1286 736 1454 802 est*);
1514 737 1579 785 cf.
1625 735 1686 784 Τ.
1725 734 1782 784 ll.
1817 753 1866 799 p.

163 823 277 869 293.
347 819 474 868 Cum
501 820 807 868 mulierculis
838 837 1034 883 quoque
1061 820 1204 867 istius
1235 820 1506 883 imperator
1531 817 1680 866 modo
1716 817 1866 865 alter-

166 917 282 949 cans
317 901 466 948 modo
502 901 837 948 sermocinans
875 905 1073 964 tempus
1118 901 1264 959 terit3
1316 904 1486 948 contra
1541 898 1864 963 Euripideus‚

163 982 424 1046 impatiens
474 997 667 1039 morae,
724 982 1015 1043 paucissima
1064 996 1155 1028 nec
1195 980 1286 1027 nisi
1336 980 1619 1028 necessaria
1667 979 1864 1027 locutus

163 1062 212 1110 in
246 1067 497 1110 certamen
534 1076 588 1108 se
621 1062 843 1124 proripit.
913 1060 1137 1109 Necesse
1172 1061 1300 1108 enim
1339 1066 1418 1108 est
1451 1061 1559 1125 regi
1597 1059 1661 1108 de
1703 1059 1867 1122 capite

164 1156 254 1189 suo
290 1141 600 1200 dimicaturo,
637 1142 678 1189 si
716 1143 834 1205 quid
871 1142 1177 1190 domesticae
1203 1141 1494 1204 publicaeve
1519 1140 1594 1188 rei
1618 1139 1866 1188 infectum

163 1221 416 1284 relinquit,
452 1222 732 1269 successori
769 1223 1134 1271 commendare.
1208 1222 1445 1270 Ceterum
1481 1220 1561 1268 his
1601 1219 1867 1268 commode

163 1302 330 1350 futura
353 1309 724 1366 praeparantur.
792 1303 1024 1364 „Abeo‚''
1060 1302 1238 1365 inquit,
1271 1317 1372 1361 „ne
1396 1302 1457 1349 ab
1482 1316 1638 1364 opere
1664 1304 1867 1347 cessent

161 1397 362 1429 manus:
413 1387 465 1428 et
497 1381 685 1428 utinam
723 1384 1003 1444 contingat,
1050 1388 1105 1430 ut
1151 1382 1357 1430 fratrem
1404 1386 1578 1429 nactus
1628 1381 1867 1428 adversa-

160 1462 286 1510 rium
321 1459 668 1522 transfodiam,
706 1465 790 1526 qui
826 1464 960 1512 venit
989 1470 1170 1512 terram
1208 1480 1370 1512 meam
1405 1461 1712 1510 vastaturus!
1757 1459 1864 1508 Nu-

159 1542 296 1607 ptiae
330 1547 497 1590 autem
534 1541 812 1606 Antigonae
848 1551 898 1592 et
931 1544 1232 1604 Haemonis,
1274 1545 1315 1592 si
1350 1542 1467 1607 quid
1503 1542 1709 1590 humani
1743 1540 1866 1588 mihi

159 1621 426 1681 acciderit,
462 1627 515 1670 tu
551 1625 776 1685 curabis3
821 1625 1019 1685 dotem,
1054 1641 1201 1688 quam
1238 1624 1476 1689 promisi,
1513 1629 1670 1670 ratam
1705 1621 1865 1680 facio;

159 1702 238 1751 ale
272 1707 325 1750 et
374 1701 486 1750 fove
538 1719 673 1765 eam,
723 1712 776 1752 ut
810 1714 1051 1756 meretur.
1122 1705 1324 1754 Patrem
1358 1720 1455 1753 non
1504 1703 1677 1762 laudo,
1722 1702 1862 1750 cuius

160 1798 310 1831 caeca
345 1782 417 1830 ira
453 1788 504 1831 et
538 1783 635 1847 ipsi
672 1785 836 1848 iniqua
873 1792 954 1834 est
991 1792 1040 1834 et
1063 1802 1170 1843 nos,
1208 1787 1251 1834 si
1282 1785 1555 1848 contingat,
1587 1782 1860 1849 perditura.

160 1862 326 1910 Unum
363 1869 547 1921 restat,
596 1871 654 1931 ut
689 1863 937 1913 Tiresiam
976 1868 1237 1929 consulas,
1276 1867 1318 1915 si
1353 1883 1449 1929 qua
1483 1866 1617 1913 forte
1652 1864 1862 1912 deorum

159 1945 345 1992 monita
387 1945 644 2009 cognovit:
697 1962 845 2009 quem
895 1963 986 2011 ego
1035 1964 1126 2012 per
1159 1948 1317 1995 filium
1353 1956 1493 1996 tuum
1528 1945 1863 1994 Menoeceum

158 2025 258 2073 huc
306 2025 587 2074 ducendum
643 2027 841 2077 curabo.
926 2027 1042 2077 Tibi
1104 2029 1236 2077 enim
1290 2029 1465 2077 lubens
1516 2025 1861 2090 respondebit,

159 2106 300 2166 mihi,
338 2106 471 2168 quod
507 2106 906 2156 vaticinationem
943 2110 1245 2173 vituperavi,
1282 2109 1506 2157 infensus
1543 2114 1636 2154 est.
1708 2105 1861 2169 Poly-

156 2187 281 2235 nicis
317 2202 514 2249 corpusc,
553 2188 595 2233 si
632 2189 890 2251 occiderit,
929 2190 1132 2254 sepeliri
1166 2196 1299 2246 veto,
1336 2195 1386 2237 et
1422 2180 1669 2252 supplicio
1706 2185 1862 2248 affici,

156 2268 199 2316 si
233 2267 349 2331 quis
380 2266 515 2314 iusta
549 2267 597 2314 ei
631 2269 945 2332 persolverit.
996 2269 1190 2318 Efferte
1213 2271 1308 2318 iam
1336 2285 1476 2318 arma
1500 2268 1639 2329 mihi,
1669 2266 1862 2329 famuli,

155 2353 210 2396 ut
242 2347 304 2396 ad
338 2331 587 2401 cfi'rtamen
620 2350 934 2413 propositum
966 2350 1290 2408 contendam3
1327 2348 1645 2398 Prudentiam
1673 2353 1860 2410 autem,

153 2428 469 2477 utilissimam
505 2429 733 2486 deorum,
766 2430 957 2490 invoco,
996 2435 1050 2477 ut
1083 2430 1212 2477 hanc
1248 2431 1421 2478 urbem
1458 2428 1680 2477 servet.''

289 2505 526 2570 Sequitur
572 2523 770 2556 carmen
803 2510 1315 2572 praestantissimum,
1367 2510 1549 2568 rebus,
1601 2524 1728 2572 quae
1761 2509 1860 2557 hoc

157 2594 384 2652 tempore
419 2594 683 2650 geruntur,
732 2590 1275 2640 convenientissimum.
1357 2589 1469 2638 Etsi
1504 2589 1858 2653 grandiloquus

158 2683 272 2717 esse
305 2683 371 2716 ne
405 2668 456 2715 in
491 2668 660 2731 lyricis
696 2670 896 2733 quidem
937 2670 1068 2719 solet
1096 2669 1395 2734 Euripides,
1433 2676 1614 2729 tamen,
1653 2670 1739 2719 ubi
1774 2686 1856 2718 res

155 2747 338 2814 poscit,
372 2763 470 2795 non
504 2748 742 2799 deficiunt
777 2767 887 2799 eum
924 2752 1069 2814 vireS‚
1110 2751 1249 2800 velut
1282 2752 1329 2799 in
1364 2752 1462 2799 hoc
1498 2751 1717 2799 carmine
1751 2766 1857 2799 am-

154 2829 299 2893 plus,
346 2829 576 2891 copiosus
621 2836 674 2878 et
706 2832 995 2896 magnificus
1033 2838 1263 2896 apparet,
1300 2833 1566 2896 strepitum
1602 2846 1855 2881 armorum

152 2925 318 2975 paene
365 2909 557 2972 aequali
602 2913 815 2975 strepitu
864 2915 1129 2962 verborum
1184 2912 1476 2977 depingens.
1547 2912 1648 2961 Sed
1689 2913 1858 2962 insunt

153 2989 396 3054 quaedam
431 2991 763 3053 corruptelae,
800 3010 829 3041 a
855 2995 1033 3042 scribis
1064 2998 1115 3042 et
1139 2993 1474 3057 grammaticis
1504 2993 1687 3054 illatae,
1726 3010 1855 3058 quae

153 3070 387 3120 eruendis
435 3070 498 3117 iis
546 3070 874 3138 lectionibus,
927 3091 1055 3139 quae
1100 3075 1281 3139 partim
1331 3074 1382 3122 in
1428 3074 1633 3124 scholiis
1668 3076 1852 3139 partim

151 3150 204 3200 in
242 3150 496 3200 codicibus
533 3151 706 3214 latent,
741 3155 848 3204 tolli
883 3172 1035 3221 posse
1070 3156 1300 3204 videntur
1335 3154 1408 3203 sic
1441 3155 1735 3205 scribendo:

207 3339 258 3395 ἠὲ)
287 3338 539 3395 Benignius
570 3339 792 3396 Didymus
819 3341 1136 3398 interpretatus
1167 3346 1254 3384 est:
1297 3338 1595 3398 πεφύλακται
1622 3339 1708 3391 τὰς
1747 3337 1853 3383 ὀνο-

291 3413 460 3466 μασίας
491 3406 648 3452 αὐτῶν
678 3411 822 3456 εἰπεῖν
852 3410 930 3457 διὰ
970 3410 1023 3457 τὸ
1054 3407 1146 3456 ὑπὸ
1178 3411 1400 3469 Αἰσχύλου
1431 3413 1651 3469 εἰρῆσθαι
1676 3410 1726 3456 ἐν
1755 3414 1854 3462 τοῖς

294 3478 412 3525 ἑπτὰ
442 3477 517 3525 ἐπὶ
551 3477 743 3538 Θήβαις.
