2124 3860
1091 246 1212 303 312

309 397 469 450 Ambo
513 409 630 444 vero
665 392 1003 458 imprudentes
1055 393 1231 442 vicisse
1280 392 1376 442 sibi
1410 393 1502 443 visi
1536 400 1677 458 sunt,
1728 399 1990 462 antequam

309 483 490 527 metam
552 470 911 540 contigerant.’'
991 473 1166 522 Potest
1213 477 1317 522 tota
1366 474 1490 523 haec
1538 477 1694 525 oratio
1739 477 1993 542 superflua

310 572 422 605 esse
467 554 655 615 videri,
704 553 845 617 quasi
880 569 941 602 ex
976 552 1185 602 docendi
1232 553 1562 617 monendique
1609 556 1814 605 libidine
1863 563 1991 607 nata.

311 635 413 684 Sed
449 634 577 683 solet
611 634 658 683 in
694 633 949 699 Euripidis
984 633 1255 696 tragoediis
1290 649 1434 682 nemo
1471 634 1577 682 sine
1611 636 1991 699 exprobratione

311 714 557 765 scelerum
605 713 683 762 vel
733 713 1046 762 accusatione
1081 729 1239 777 poena
1283 719 1370 762 ant
1403 714 1645 778 supplicio
1680 714 1828 763 affici.
1895 716 1994 765 Ae-

313 793 469 860 gisthi
504 799 669 841 antem
706 795 950 842 accusatio
987 794 1243 858 quominus
1281 800 1395 842 ante
1430 794 1726 857 supplicium
1763 794 1995 843 institue-

311 881 480 933 retur,
532 873 753 921 absentia
796 873 927 921 illius
979 881 1030 922 et
1075 889 1232 938 genus
1276 873 1518 922 vindictae
1563 873 1742 922 obfuit.
1822 873 1999 936 Neque

311 958 428 1002 ante
471 953 670 1001 multam
720 968 781 1000 an
829 958 943 1017 post
990 968 1098 1001 eam
1145 952 1349 1000 crimina
1397 953 1758 1016 exprobrentur
1790 953 1998 1002 multum

312 1033 503 1090 refert,
573 1033 756 1096 quippe
818 1049 965 1096 quum
1016 1046 1111 1080 non
1162 1037 1262 1079 tam
1309 1032 1495 1081 iustitia
1545 1033 1800 1097 supplicii,
1855 1049 1999 1096 qnam

314 1127 489 1162 caussa
537 1112 643 1176 ipsa
687 1128 1009 1177 personarum
1063 1112 1353 1175 exponenda
1401 1113 1479 1160 sit.
1558 1112 1828 1163 instituitur
1869 1113 2000 1162 enim

314 1192 397 1242 illa
434 1192 730 1240 iudiciorum
766 1192 865 1238 fori
900 1193 1110 1239 imitatio
1147 1207 1204 1238 ea
1240 1192 1451 1239 maxime
1487 1208 1688 1254 caussa,
1737 1200 1791 1241 ut
1825 1193 1891 1240 sit
1924 1192 2000 1241 sa·

313 1272 475 1320 cultas
532 1286 698 1319 mores
758 1287 1080 1334 personarum
1128 1276 1178 1319 et
1223 1271 1355 1319 facta
1403 1272 1641 1335 prolixius
1689 1271 1997 1336 explicandi=

318 1367 412 1415 qua
457 1350 508 1399 in
553 1366 610 1398 re
656 1350 788 1413 quod
826 1349 1142 1398 sententiosis
1194 1351 1265 1398 uti
1301 1351 1604 1399 orationibus
1640 1351 1768 1399 solet
1803 1351 2001 1416 Euripi-

316 1430 439 1490 des,
489 1430 690 1478 minime
734 1429 1107 1494 vituperandum
1160 1437 1265 1488 est,
1315 1431 1498 1494 quippe
1532 1447 1680 1494 quum
1714 1431 1811 1479 hoc
1845 1447 1998 1495 genus

316 1514 369 1559 et
402 1510 746 1575 gravissimum
783 1515 835 1557 et
875 1510 1006 1558 idem
1042 1509 1357 1558 utilissimum
1395 1511 1471 1559 sit.

449 1589 672 1654 Corpore
718 1589 949 1652 Aegisthi
998 1598 1218 1649 remoto,
1285 1589 1682 1652 Clytaemnestra
1731 1591 1998 1640 adveniens

316 1668 489 1735 procul
528 1670 855 1734 conspicitur,
907 1685 1035 1732 quae
1081 1669 1143 1716 ad
1179 1670 1470 1717 sacrificium
1507 1670 1616 1735 ipsa
1652 1686 1848 1735 quoque
1882 1686 2001 1736 pro-

317 1749 511 1799 fectura
556 1754 632 1797 est
675 1765 732 1797 ac
779 1749 899 1797 deos
951 1765 1041 1798 una
1091 1765 1202 1796 cum
1251 1749 1354 1797 viro
1389 1750 1603 1798 scelesto
1639 1750 1855 1799 scelesta,
1883 1766 2002 1814 pro-

318 1830 469 1895 pitios
505 1829 717 1877 reddere
753 1829 949 1888 studet;
986 1829 1074 1877 sed
1098 1834 1242 1876 antea
1267 1828 1538 1877 invitationi
1566 1829 1699 1878 filiae
1725 1832 2003 1894 obsequens

316 1910 368 1958 in
411 1908 615 1973 laqueos
664 1908 877 1957 devenit.
946 1909 1053 1971 Qua
1100 1915 1366 1974 conspecta
1413 1909 1650 1958 dubitatio
1686 1909 1855 1958 Oresti
1891 1909 2003 1957 inii·-

319 1989 476 2048 citur,
527 2005 586 2036 an
633 1994 771 2037 recte
822 1989 946 2038 deus
996 1994 1204 2038 matrem
1253 2005 1281 2036 a
1329 2005 1383 2037 se
1420 1990 1578 2038 occidi
1614 1989 1840 2038 iusserit:
1877 1988 2004 2038 adeo

318 2069 449 2117 enim
486 2068 709 2127 facinus,
748 2070 878 2132 quod
915 2076 1083 2133 parat,
1121 2073 1322 2117 naturae
1357 2069 1598 2118 humanae
1632 2075 1900 2135 repugnat,
1949 2072 2006 2118 ut

318 2149 518 2207 merito,
554 2165 615 2196 ne
650 2149 1052 2213 larvmquaedam
1089 2149 1241 2196 fuerit
1275 2149 1351 2197 vel
1375 2150 1628 2197 maleficus
1655 2151 1827 2212 genius
1855 2145 2005 2212 (α’λοέ-

319 2231 485 2291 στωρ)
534 2228 719 2276 oraculi
765 2235 967 2286 auctor,
1015 2234 1263 2278 vereatur.
1334 2228 1433 2276 Sed
1470 2244 1583 2275 mox
1619 2229 1802 2276 sororis
1836 2228 2003 2277 verbis

319 2308 666 2367 confirmatus,
713 2307 771 2354 ad
813 2309 1143 2371 perpetranda
1178 2308 1283 2355 (lira
1318 2307 1367 2354 in
1404 2307 1600 2354 domum
1638 2324 1692 2355 se
1728 2308 1833 2356 sine
1865 2323 2005 2356 mora

320 2388 527 2438 confert.
581 2387 783 2435 lmmani
818 2387 990 2435 furore
1016 2388 1144 2451 apud
1173 2386 1471 2450 Sophoclem
1507 2386 1556 2435 in
1593 2387 1795 2435 caedem
1832 2387 2003 2436 matris

318 2466 478 2516 fertur
514 2466 747 2526 Orestes,
801 2482 962 2530 neque
1012 2467 1315 2514 dubitatione
1360 2468 1484 2526 ulla,
1534 2473 1798 2531 antequam
1839 2467 2005 2527 saciat,

321 2563 483 2611 neque
518 2548 823 2612 poenitentia
859 2548 973 2609 ulla,
1008 2555 1265 2611 postquam
1299 2546 1437 2603 fecit,
1475 2551 1838 2596 commovetur:
1874 2546 2006 2611 quod

321 2627 517 2676 etiamsi
552 2627 793 2676 credibile
829 2634 996 2685 esset,
1033 2642 1328 2691 quemquam
1364 2642 1460 2675 non
1495 2633 1799 2691 repugnante
1834 2633 2006 2676 natura

321 2715 520 2771 patrare
555 2724 682 2771 quae
716 2713 832 2756 sunt
869 2714 1037 2755 contra
1071 2714 1323 2768 naturam,
1366 2712 1527 2755 tamen
1563 2723 1658 2756 non
1695 2722 1851 2769 aeque
1886 2721 2005 2770 poe·

321 2787 502 2844 ticum,
538 2803 634 2835 non
669 2803 826 2851 aeque
863 2787 1118 2835 movendis
1154 2786 1491 2849 docendisque
1524 2787 1802 2835 hominibus
1836 2791 2006 2850 aptum

324 2872 429 2926 est,
478 2883 620 2930 quam
657 2867 921 2915 haesitatio
955 2867 1037 2915 illa
1071 2865 1215 2914 animi
1251 2866 1560 2926 reluctantis,
1597 2883 1740 2931 quam
1778 2871 2007 2930 spectan-

322 2948 401 2994 tes
436 2946 485 2994 in
521 2948 743 2995 intimum
782 2963 971 3010 eorum,
1006 2947 1086 3009 qui
1121 2946 1236 2995 talia
1271 2947 1603 3006 meditantur,
1652 2953 1823 3012 pectus
1862 2944 2004 2993 nobis

321 3034 584 3093 penetrare
642 3027 879 3076 videmur.
975 3027 1149 3090 Neque
1209 3027 1441 3076 dedecuit
1493 3027 1721 3076 Orestem
1770 3024 2003 3074 mollities

322 3106 502 3164 animi,
552 3121 679 3168 quae
726 3107 1064 3156 Iovemillum
1099 3107 1420 3156 Homericum
1467 3123 1564 3156 non
1601 3106 1856 3163 dedecuit,
1902 3103 2005 3167 qui,

325 3186 716 3249 quotiescunque
752 3187 861 3236 duri
896 3187 1096 3252 aliquid,
1133 3188 1356 3252 quamvis
1391 3187 1580 3252 pridem
1610 3186 1861 3234 decretum
1886 3200 2004 3232 con-

324 3266 676 3329 stitutumque,
731 3267 1001 3318 effecturus
1050 3274 1151 3328 est,
1199 3267 1360 3315 denuo
1403 3272 1567 3315 versat
1611 3265 1908 3330 cogitatione
1952 3268 2008 3314 et

320 3362 383 3396 an
418 3347 484 3396 sit
516 3347 853 3397 necessarium
889 3349 1127 3408 haesitat3
1164 3346 1228 3396 cf.
1265 3347 1316 3397 ll.
1355 3347 1506 3406 XXll,
1543 3348 1639 3394 168
1672 3361 1809 3410 seqq.

446 3425 633 3492 Pompa
669 3432 722 3477 et
754 3428 1122 3494 magnificentia
1157 3427 1597 3493 Clytaemnestrae,
1631 3424 1848 3487 famulis,
1881 3437 2005 3490 quas
