2124 3860
887 254 1009 318 327

102 406 153 455 in
186 409 383 468 turpem
418 418 585 450 ursam
623 400 987 460 transformata,
1023 406 1079 450 ut
1112 398 1472 464 aegritudinem
1500 399 1646 451 simul
1675 418 1788 452 cum

100 490 357 534 venustate
393 487 624 542 exueret3
672 483 791 530 item
838 481 1034 529 felicior
1078 481 1301 544 Meropis
1337 481 1463 537 filia,
1501 482 1785 547 priusquam

99 569 391 629 perpetuam
447 563 808 627 aegritudinem
861 577 923 609 ex
957 561 1149 609 formae
1185 559 1368 609 decore
1403 562 1703 625 conciperet,
1736 565 1786 615 in

99 660 290 693 cervam
343 660 370 690 a
407 642 554 690 Diana
602 650 804 690 mutata.
875 641 986 690 Hoc
1031 641 1505 704 praestantissimum
1542 644 1784 693 canticum

97 724 302 774 vocibus
353 723 491 771 chori
541 721 840 770 consolantis
901 721 1264 785 mitigantisque
1313 722 1536 770 dolorem
1585 725 1784 787 saepius

98 804 467 868 interpellatur3
512 802 648 849 finito
694 808 858 849 autem
896 818 955 850 eo
994 817 1164 850 omnes
1199 803 1326 850 intro
1359 803 1571 864 abeunt,
1609 812 1663 851 ut
1694 821 1782 852 va-

98 883 326 932 cuefacta
362 899 505 930 scena
541 882 780 945 temporis
817 882 1144 941 intervallum,
1182 881 1245 929 de
1275 898 1370 946 quo
1394 882 1622 942 diximus,
1659 885 1780 933 satis

96 963 294 1026 longum
332 962 648 1024 significetur.
720 961 801 1010 Sic
836 962 885 1010 in
923 964 1046 1011 duas
1082 963 1219 1025 quasi
1256 970 1422 1026 partes
1459 963 1625 1011 drama
1662 964 1778 1015 diri-

95 1043 271 1103 mitur,
334 1059 536 1107 quarum
589 1043 631 1090 si
677 1044 813 1107 prior
860 1043 1035 1091 iniuria
1081 1050 1395 1106 temporum,
1448 1045 1577 1091 sicut
1625 1043 1781 1094 Rhesi

89 1123 315 1180 fabulae,
350 1123 627 1181 interisset,
666 1129 834 1172 essent
868 1123 952 1186 qui
986 1123 1169 1171 nullam
1206 1139 1419 1186 unquam
1459 1123 1616 1172 fuisse
1651 1125 1777 1173 mul-

90 1203 155 1251 tis
192 1204 494 1267 argumentis
532 1210 583 1252 et
616 1204 1030 1267 probabilioribus
1067 1203 1292 1267 quidem,
1342 1219 1488 1267 quam
1521 1206 1568 1253 in
1603 1205 1774 1254 Rheso

87 1282 296 1340 faciunt,
339 1283 682 1331 defenderent.

218 1362 390 1410 Prodit
433 1363 614 1410 deinde
657 1362 918 1412 Menelaus
954 1361 1250 1426 naufragus,
1287 1364 1463 1428 pannis
1498 1365 1634 1413 navis
1671 1365 1772 1413 eie-

84 1443 244 1491 cticiis
278 1442 408 1490 male
443 1450 622 1503 tectus,
659 1450 711 1492 et
744 1443 804 1491 ad
842 1444 1089 1491 theatrum
1129 1442 1317 1491 faciens
1351 1445 1502 1492 verba
1540 1445 1630 1509 (cf.
1655 1444 1714 1493 T.
1735 1445 1769 1494 1.

81 1539 133 1586 p.
172 1521 311 1585 323.)
361 1523 423 1570 de
459 1523 606 1570 rebus
643 1523 746 1570 suis
782 1525 996 1588 exponit.
1068 1523 1315 1572 Maximas
1352 1540 1379 1571 a
1416 1540 1471 1572 se
1507 1526 1670 1588 copias
1708 1525 1771 1573 ad

81 1602 283 1652 Troiam
321 1602 603 1652 volentibus
639 1603 846 1652 Graecis
884 1605 1060 1652 ductas
1097 1620 1227 1659 esse,
1264 1619 1384 1666 quas
1423 1607 1598 1669 partim
1637 1604 1767 1652 bello

79 1685 260 1748 partim
300 1684 346 1731 in
386 1684 527 1730 undis
570 1685 804 1746 periisse,
856 1700 1040 1747 paucos
1081 1684 1375 1747 superstites
1414 1701 1557 1734 esse:
1607 1684 1767 1747 ipsum

80 1779 171 1828 per
217 1769 376 1811 totum
419 1770 643 1825 tempus,
682 1780 742 1811 cx
771 1780 868 1826 quo
910 1763 1062 1811 Troia
1096 1780 1268 1812 eversa
1306 1765 1386 1825 sit,
1426 1780 1613 1822 errare,
1649 1779 1767 1813 ven·

80 1843 147 1890 tis
184 1857 384 1904 semper
419 1859 444 1889 a
480 1843 638 1906 patria
674 1845 735 1892 ad
772 1845 968 1892 deserta
1003 1850 1054 1892 et
1088 1844 1338 1908 inhospita
1373 1845 1562 1908 Libyae
1600 1843 1766 1893 littora

77 1922 439 1979 reficientibus,
501 1932 752 1986 postremo
799 1924 960 1972 fracta
1008 1940 1129 1971 nave
1178 1925 1471 1987 amissisque
1518 1925 1765 1972 sociorum

76 2001 355 2067 plerisque,
402 2002 459 2048 ad
506 2004 723 2066 ignotam
771 2010 948 2051 terram
999 2004 1209 2052 eiectum
1259 2020 1386 2054 esse.
1459 2004 1651 2068 Cogere
1696 2004 1765 2051 ci-

82 2082 253 2131 borum
290 2082 602 2146 vestiumque
640 2084 852 2147 inopiam
887 2085 948 2132 ad
984 2085 1167 2132 victum
1203 2085 1295 2132 sibi
1331 2085 1575 2147 sociisque
1614 2099 1762 2146 quae-

75 2163 315 2218 rendum,
381 2178 502 2225 quos
566 2164 761 2225 quidem
824 2165 870 2212 in
930 2164 1196 2228 speluncae
1242 2180 1444 2213 recessu
1496 2180 1606 2210 cum
1658 2162 1762 2211 He·

72 2241 182 2291 lena
239 2241 506 2302 occultari,
571 2259 626 2289 se
678 2250 870 2302 autem,
921 2244 1216 2307 prohibente
1263 2260 1291 2291 a
1341 2242 1618 2306 frequentia
1669 2242 1760 2291 ho-

69 2322 253 2371 minum
292 2322 515 2370 adeunda
557 2323 763 2386 pudore,
807 2324 1143 2386 conspicatum
1189 2324 1392 2372 domum
1442 2323 1757 2388 magnificam

71 2402 290 2466 opulenti
327 2402 579 2449 cuiusdam
615 2403 734 2459 viri,
771 2403 870 2450 huc
915 2403 1204 2453 accessisse.

204 2481 397 2530 Graeca
431 2497 571 2528 serva
607 2481 742 2530 sores
767 2483 961 2530 aedium
993 2483 1123 2545 regis
1150 2484 1380 2541 custodit,
1417 2499 1558 2546 quae,
1599 2482 1755 2531 Grae-

71 2577 157 2610 cos
201 2561 467 2610 discrimen
517 2563 692 2609 mortis
736 2563 871 2610 adire
919 2562 1116 2619 nolens,
1178 2564 1424 2626 repelle-re
1477 2563 1757 2625 quicunque

71 2656 242 2690 eorum
290 2641 481 2688 adirent
526 2642 572 2688 vi
620 2643 866 2705 minisque
925 2642 1172 2700 decrevit3
1220 2643 1320 2690 hoc
1366 2658 1480 2690 vero
1530 2648 1757 2706 tempore

68 2722 398 2785 importunior
460 2726 535 2769 est
594 2717 899 2786 propterea,
959 2722 1090 2787 quod
1150 2722 1376 2770 Helenae
1436 2738 1550 2769 casu
1614 2737 1754 2770 com-

71 2807 310 2849 movetur.
379 2799 423 2847 A
465 2817 555 2863 qua
600 2818 709 2850 cnm
745 2802 983 2851 ferociter
1019 2802 1291 2867 repellatur
1325 2800 1612 2861 Menelaus,
1664 2818 1753 2850 su·-

69 2897 158 2946 pra
195 2880 394 2928 modum
434 2880 735 2929 tolerabilem
784 2883 981 2930 miseria
1031 2884 1134 2930 eius
1181 2886 1416 2948 augetur:
1476 2898 1583 2930 nam
1635 2882 1751 2947 quid

66 2959 318 3023 naufragis
369 2960 576 3024 perditis
629 2961 947 3026 relinquitur,
1009 2963 1052 3010 si
1113 2963 1310 3025 quidem
1360 2962 1751 3011 misericordiam

66 3056 129 3091 ne
172 3041 230 3088 ab
278 3039 555 3088 hominibus
603 3041 800 3103 quidem
839 3043 984 3091 ullam
1031 3043 1335 3107 impetrent?
1384 3042 1570 3091 Merito
1605 3043 1750 3105 igitur

65 3119 283 3169 lacrimis
322 3120 578 3184 palpebras
624 3122 746 3183 rigat
780 3122 1053 3171 Menelaus.
1123 3123 1359 3171 Caussam
1397 3127 1561 3171 autem
1598 3138 1748 3187 quae-

64 3215 179 3249 rens
215 3199 552 3257 crudelitatis,
587 3201 768 3265 accipit
803 3201 1069 3259 Helenam,
1104 3201 1230 3251 lovis
1271 3203 1450 3265 filiam,
1498 3203 1745 3250 Lacedae-

66 3295 211 3328 mone
243 3286 355 3328 ante
392 3280 508 3327 belli
542 3280 729 3328 initium
756 3281 852 3329 huc
878 3289 1178 3348 pervectam,
1213 3283 1342 3347 apud
1372 3299 1538 3348 regem
1564 3282 1745 3344 degere

67 3368 119 3407 et
152 3375 262 3408 cum
299 3361 578 3424 suspicione
626 3362 874 3411 custodiri.
948 3364 1058 3425 Quo
1103 3363 1271 3411 nuntio
1318 3377 1642 3427 magnopere,
1689 3364 1743 3407 ut

64 3454 158 3503 par
191 3445 288 3501 est,
322 3441 653 3504 perturbatur.
721 3440 846 3500 Tam
886 3444 1036 3493 certis
1072 3444 1200 3492 enim
1235 3445 1395 3493 verbis
1430 3457 1551 3490 anus
1588 3438 1741 3487 Hele-
