2170 3848
1161 263 1242 320 58

370 417 504 462 ctant
538 411 863 471 delectentur,
901 411 988 460 sed
1025 410 1169 458 etiam
1207 410 1289 474 qui
1324 413 1528 473 certant,
1561 413 1819 477 nisiforte‚
1855 420 1910 464 ut
1933 414 2036 479 gla-

368 493 604 550 diatoreS,
638 491 760 539 iussi
795 492 1048 555 coactique
1083 490 1334 539 crudelius
1369 496 1575 540 certant.

500 571 700 619 Ludunt
734 571 882 618 etiam
914 570 1131 630 bestiae,
1167 569 1249 616 ubi
1284 570 1376 617 cibi
1410 571 1719 637 potionisque
1753 575 2035 638 cupidinem

368 651 704 715 expleverunt,
739 651 826 698 sed
863 650 955 698 soli
989 650 1239 708 homineS,
1275 650 1501 713 quoniam
1535 652 1594 699 ad
1631 652 2036 703 aliorumexem·

367 731 451 798 pla
485 731 771 794 diriguntur,
807 746 901 778 non
937 745 1086 789 coeco
1116 735 1320 777 naturae
1354 729 1542 793 impetu
1568 732 1829 791 ducuntur,
1863 733 2034 782 luden-

367 811 433 860 do
466 811 731 859 imitantur.
800 810 1012 857 Imitatio
1049 810 1213 870 operis
1249 816 1324 857 est
1361 810 1531 871 ludus,
1579 813 1710 859 unde
1743 813 1828 874 fit,
1863 819 1919 862 ut
1952 813 2036 862 lu-

367 889 530 939 dendo
563 890 827 946 discamuS,
863 889 1009 951 idque
1043 889 1170 936 aliud
1206 890 1455 952 agentibus
1492 898 1637 955 atque
1671 892 1838 940 insciis
1860 893 2036 953 evenit,

367 968 496 1035 quod
529 970 689 1032 ipsum
725 970 987 1016 iucundum
1026 975 1118 1018 est.
1156 969 1300 1032 Atqui
1338 969 1494 1018 Latini
1530 971 1677 1019 etiam
1714 971 2035 1036 disciplinam,

367 1065 461 1114 qua
497 1049 558 1096 ad
594 1055 726 1097 artes
761 1050 994 1113 ingenuas
1030 1049 1168 1111 pueri
1204 1048 1551 1110 instituuntur,
1602 1050 1769 1099 ludum
1813 1052 2037 1116 appella·-

366 1135 501 1186 runt,
535 1130 586 1177 in
617 1144 714 1192 quo
749 1129 827 1177 vel
862 1129 1069 1176 maxime
1104 1129 1265 1177 dedita
1301 1145 1451 1192 opera
1487 1129 1581 1177 hoc
1607 1136 1773 1195 agunt,
1807 1131 1848 1178 si
1873 1131 2035 1180 minus

366 1210 537 1275 pueri,
583 1214 721 1257 certe
766 1214 1145 1272 praeceptores,
1197 1214 1250 1256 ut
1283 1209 1351 1255 illi
1387 1209 1610 1270 discant,
1659 1216 1713 1257 ut
1747 1210 2036 1260 erudiantur

367 1295 514 1352 atque
529 1289 715 1338 utilium
732 1304 893 1336 rerum
909 1288 1252 1336 exercitatione
1271 1289 1599 1340 instituantur.
1634 1289 1837 1338 Rectius
1854 1289 2036 1338 Graeci

367 1368 588 1435 σχολήν,
643 1370 779 1433 quasi
814 1369 1111 1416 vacationem
1149 1368 1489 1431 negotiorum,
1539 1369 1861 1433 appellarunt,
1901 1386 2036 1434 quae

365 1451 563 1515 quidem
597 1448 884 1512 disciplinae
919 1465 1027 1496 cum
1064 1447 1180 1495 ludo
1215 1449 1488 1497 communis
1525 1456 1615 1497 est.
1668 1449 1872 1498 Praeter
1904 1450 2032 1498 enim

363 1529 563 1579 ludendi
599 1529 814 1577 studium
849 1529 1057 1576 alterum
1093 1533 1294 1576 naturae
1328 1529 1578 1578 hominum
1604 1529 1799 1577 insitum
1824 1535 1903 1578 est
1925 1532 2033 1578 stu-

364 1611 499 1660 dium
525 1609 727 1668 otiandi,
763 1625 967 1671 quorum
996 1607 1267 1656 studiorum
1306 1626 1366 1657 ex
1399 1609 1554 1657 altero
1577 1610 1760 1674 poesi8‚
1795 1626 1854 1658 ex
1877 1609 2034 1657 altero

364 1689 677 1755 philosophia
712 1690 844 1736 ducit
877 1689 1130 1750 originem.
1185 1688 1608 1750 Quemadmodum
1643 1689 1770 1737 enim
1807 1689 2032 1736 ludentes

364 1786 534 1819 omnes
568 1769 839 1824 imitantur,
874 1767 943 1815 ita
978 1768 1125 1816 otiosi
1159 1784 1328 1816 omnes
1362 1769 1683 1828 meditantur,
1719 1784 1923 1832 quarum
1953 1784 2032 1816 re-

362 1866 472 1899 rum
520 1850 717 1912 utrique
762 1848 888 1896 inest
930 1849 1242 1911 praeparatio
1277 1849 1512 1911 quaedam
1547 1856 1696 1913 atque
1730 1848 2032 1897 exercitatio.

365 1928 773 1992 Contemplantnr
795 1932 847 1974 et
870 1943 1034 1974 rerum
1062 1934 1279 1976 naturam
1306 1935 1355 1976 et
1369 1929 1587 1991 publicas
1602 1943 1772 1976 omnes
1798 1927 2032 1976 domesti-

364 2024 546 2072 casque
580 2023 661 2055 res
697 2006 780 2070 qui
813 2006 1023 2068 negotiis
1057 2013 1253 2066 vacant,
1288 2007 1409 2054 vitas
1443 2007 1709 2071 inspiciunt
1742 2014 1791 2054 et
1826 2008 2033 2056 aliorum

365 2093 416 2138 et
447 2103 603 2148 suam,
638 2087 966 2150 comparando
1002 2093 1235 2151 cognata,
1286 2086 1629 2150 distinguendo
1662 2086 1854 2133 diversa
1888 2103 2031 2134 caus-

365 2183 446 2216 sas
491 2183 658 2215 rerum
705 2167 1014 2230 effectusque
1051 2165 1427 2229 deprehendunt
1481 2166 1631 2228 idque
1675 2165 2034 2214 confabulando

365 2264 477 2296 cum
503 2247 608 2295 aliis
629 2249 1001 2295 communicant.
1055 2247 1272 2307 Quorum
1298 2245 1554 2294 meditatio
1582 2261 1674 2293 non
1701 2246 1859 2293 minus
1886 2262 2032 2310 qnam

362 2328 557 2376 illorum
591 2327 800 2374 imitatio
835 2327 1085 2374 subitanea
1123 2332 1200 2373 est
1234 2333 1284 2373 et
1307 2325 1367 2372 ab
1398 2324 1566 2371 insciis
1589 2341 1750 2388 neque
1768 2325 1864 2373 hoc
1886 2342 2034 2390 agen·

362 2408 514 2467 tibus,
549 2413 602 2454 ut
635 2422 797 2455 rerum
835 2421 1033 2453 caussas
1068 2406 1380 2468 investigent,
1415 2405 1701 2455 instituitur.
1757 2403 2031 2469 Extempo-

362 2488 478 2538 ralis
523 2487 675 2552 igitur
718 2492 866 2549 atque
910 2485 1114 2533 fortuita
1159 2501 1255 2533 non
1301 2485 1462 2533 minus
1496 2484 1839 2549 philosophiae
1884 2500 2030 2547 quam

362 2584 575 2634 poeseos
610 2567 748 2629 origo
784 2571 875 2615 est.
943 2567 1064 2614 Arte
1099 2566 1297 2613 demum
1334 2565 1601 2613 accedente
1635 2571 1843 2627 utraque
1884 2579 2031 2612 exco-

363 2648 509 2709 litur,
555 2647 827 2713 perpolitur
871 2651 1017 2710 atque
1063 2646 1333 2710 perficitur.
1404 2644 1517 2692 Hoc
1551 2645 1678 2692 enim
1712 2644 1842 2691 inter
1874 2650 2034 2692 artem

363 2734 415 2781 et
447 2733 700 2786 naturam,
736 2729 861 2775 inter
895 2726 1111 2774 eruditos
1148 2729 1200 2772 et
1235 2724 1482 2772 studiosos
1517 2725 1749 2783 interest,
1797 2723 1927 2786 quod
1961 2724 2033 2771 illi

333 2862 338 2866 ,
363 2811 654 2876 prudentes,
689 2808 740 2856 hi
763 2807 915 2869 ignari
939 2807 1085 2854 finem
1109 2821 1286 2861 rerum,
1322 2804 1501 2866 quibus
1524 2820 1723 2867 operam
1746 2804 1879 2861 dant,
1915 2818 2032 2851 con-

363 2896 656 2954 sequuntur,
691 2889 820 2952 quod
856 2887 928 2934 illi
962 2886 1210 2934 voluntate
1245 2890 1294 2932 et
1330 2883 1532 2931 consilio
1566 2899 1647 2931 res
1674 2883 2030 2942 administrant,

362 2971 417 3021 hi
461 2970 696 3018 invitante
742 2976 966 3031 tempore
1011 2971 1199 3014 temere
1245 2963 1577 3027 impelluntur.
1646 2963 1755 3012 Non
1790 2962 1918 3010 valet
1951 2977 2029 3010 ars

363 3051 468 3102 sine
500 3051 709 3114 ingeni0‚
743 3064 904 3110 neque
931 3046 1176 3109 ingenium
1203 3044 1305 3091 sine
1331 3050 1461 3103 arte3
1499 3042 1855 3105 perfectissima
1882 3058 2032 3104 quae-

366 3147 463 3195 que
498 3146 559 3179 ex
592 3130 759 3177 intima
795 3128 912 3175 artis
941 3133 1241 3186 naturaeque
1267 3123 1607 3171 coniunctione
1631 3124 1910 3186 gignuntur,
1944 3137 2030 3171 cu-

366 3212 442 3260 ius
477 3209 799 3275 perfectionis
836 3208 1027 3272 signum
1064 3210 1173 3262 est,
1206 3203 1249 3251 si
1284 3219 1378 3252 uon
1417 3203 1622 3251 sentitur
1655 3217 1734 3249 ars
1768 3207 1817 3248 et
1844 3199 2031 3265 ¹fallun-

365 3296 449 3340 tur
495 3288 579 3355 qui
612 3304 763 3353 opera
805 3288 910 3336 eius
946 3285 1253 3351 percipiunt,
1301 3287 1355 3330 ut
1400 3290 1574 3346 sponte
1623 3281 1881 3345 subitoque
1920 3285 2032 3329 nata

368 3386 483 3422 esse
527 3369 786 3420 videantur
831 3383 956 3431 quae
1001 3370 1115 3416 sunt
1159 3362 1328 3413 dedita
1362 3378 1511 3428 opera
1544 3367 1595 3412 et
1640 3360 1850 3425 cogitate
1880 3376 2030 3425 quae-
