2170 3866
1110 229 1238 287 476

334 375 466 436 „Est
499 375 675 424 eadem
707 374 807 437 illa,
846 390 974 439 quae
1009 380 1126 426 ante
1159 375 1272 436 fuit,
1317 376 1538 428 femina”
1575 377 1706 442 (ἔστι
1739 378 1787 431 δ’
1814 378 1851 448 ἦ
1870 379 2033 432 πάλαι

333 453 590 522 γυνή)*)·
767 507 773 511 -

466 536 542 584 Ab
576 535 674 583 hoc
708 538 937 599 tempore
971 536 1034 584 ad
1067 537 1284 585 reditum
1315 536 1620 588 Hermionae
1654 544 1843 589 tantum
1876 542 2029 591 inter-

333 616 466 664 cedit
513 616 726 680 spatium
774 621 1063 679 tantumque
1097 619 1354 682 peragitur
1387 635 1555 667 rerum
1595 620 2029 684 amplissimarum,

331 702 387 744 ut
420 713 449 744 a
481 696 687 743 veritate
721 696 1098 744 commenticius
1146 699 1387 762 temporis
1425 699 1665 749 decursus
1705 701 1849 748 nimis
1890 700 2030 750 vide-

331 781 445 824 atur
479 776 763 826 abhorrere.
835 774 979 836 Quod
1029 777 1394 826 incommodum
1443 779 1589 828 vitari
1639 780 1817 844 potuit,
1855 780 1896 828 si
1932 781 2030 829 alio

330 855 444 904 loco
488 855 585 904 hoc
631 855 932 919 colloquium
972 856 1211 904 insertum
1249 864 1400 905 esset.
1469 858 1569 907 Sed
1605 861 1833 909 nimirum
1870 861 2030 910 noluit

328 935 598 1001 Euripides
645 937 927 999 graviorum
978 952 1144 984 rerum
1193 938 1375 985 seriem
1424 939 1821 1004 interpellatione
1867 940 2029 989 aliena

327 1016 726 1079 interrumpere,
774 1023 824 1063 et
858 1016 971 1081 plus
1007 1017 1150 1064 dedit
1183 1015 1333 1066 lucidi
1369 1020 1556 1068 ordinis
1592 1021 1842 1070 venustati
1878 1036 2025 1085 quam

326 1097 530 1147 notandi
566 1095 805 1159 temporis
846 1096 1122 1145 subtilitati.

460 1177 905 1242 Appropinquante
955 1183 1149 1225 caterva
1192 1177 1434 1242 virginum
1469 1179 1785 1229 familiarium
1821 1180 2028 1231 Electra

325 1257 539 1313 fimena,
587 1272 651 1304 ne
686 1271 860 1304 somno
893 1257 1051 1304 frater
1086 1258 1330 1307 excitetur
1365 1265 1417 1307 et
1450 1261 1818 1326 redintegretur
1866 1261 2025 1324 furor,

325 1337 469 1386 anxie
516 1340 709 1394 monet,
758 1342 811 1382 ut
856 1351 1099 1401 suspenso
1145 1339 1300 1400 gradu
1354 1339 1588 1388 incedant
1635 1341 1744 1389 sine
1790 1342 2022 1406 strepitu,

325 1417 435 1466 sine
468 1413 793 1479 vestigiorum
828 1417 1007 1474 sonitu,
1045 1423 1095 1465 et
1129 1418 1301 1482 procul
1338 1435 1363 1465 a
1392 1418 1521 1467 lecto
1553 1426 1699 1470 stent.
1765 1420 2022 1470 Submissa

324 1497 475 1562 igitur
507 1511 630 1543 voce
665 1501 844 1543 canunt
877 1496 1113 1545 mulieres
1161 1498 1492 1548 valetudinem
1531 1499 1728 1548 Orestis
1766 1502 2022 1550 sciscitan-

322 1582 433 1626 tesx
480 1591 627 1639 quem
665 1590 778 1623 sero
821 1574 1018 1622 tandem
1064 1577 1114 1624 in
1164 1593 1390 1626 somnum
1442 1579 1678 1628 incidisse
1737 1586 1789 1628 et
1832 1581 2024 1644 spirare

322 1656 543 1706 tenuiter
578 1662 629 1704 et
663 1671 774 1704 cum
810 1655 998 1720 gemitu
1021 1656 1294 1719 audientes,
1330 1660 1415 1707 ubi
1438 1660 1513 1707 vel
1539 1659 1810 1724 paullulum
1839 1675 2023 1724 corpus

324 1740 624 1797 commovet,
662 1736 991 1784 communiter
1025 1753 1136 1784 cum
1174 1737 1375 1786 Electra
1411 1747 1615 1804 pavent,
1653 1755 1716 1787 ne
1750 1740 1884 1789 dulci
1919 1740 2022 1804 pri-

322 1822 470 1866 vatus
505 1833 688 1881 sopore
723 1815 896 1864 oculos
934 1817 1128 1879 aperiat
1164 1819 1329 1880 miser,
1369 1835 1519 1882 quem
1554 1820 1719 1868 fallaci
1753 1819 1878 1868 deus
1910 1836 2022 1869 ora-

323 1897 437 1948 culo
473 1898 740 1962 deceptum
778 1895 1012 1960 perdidit.
1082 1897 1324 1947 Precatur
1358 1899 1589 1949 Electra:
1628 1900 1707 1964 „0
1743 1901 1870 1949 alma
1904 1915 2021 1959 nox,

322 1993 451 2042 quae
486 1993 713 2025 somnum
749 1978 1057 2024 aerumnosis
1092 1980 1385 2027 mortalibus
1412 1980 1607 2040 tribuis,
1643 1982 1779 2030 adsis
1807 1996 1869 2030 ex
1894 1980 2021 2030 Ere-

321 2059 404 2118 bo,
440 2059 554 2106 veni
589 2058 807 2105 volucris
842 2059 892 2104 in
921 2058 1302 2120 Agamemnonis
1339 2060 1557 2116 domum,
1595 2076 1658 2108 ne
1691 2060 1942 2108 doloribus
1970 2063 2044 2109 et'

321 2138 604 2188 calamitate
647 2137 964 2201 pereamus.''
1034 2137 1194 2198 Quum
1229 2139 1341 2187 cibo
1377 2146 1575 2188 sextum
1611 2142 1707 2188 iam
1737 2141 1868 2188 diem
1904 2140 2020 2188 abs-

319 2219 477 2268 tineat
524 2215 734 2265 Orestes
755 2253 769 2274 ,
804 2232 937 2264 mors
972 2217 1237 2264 manifesto
1272 2218 1533 2266 imminere
1563 2220 1780 2276 videtur3
1818 2219 2019 2267 Electra

319 2314 467 2358 vero,
503 2296 731 2356 caelebs,
766 2295 912 2354 orba,
946 2296 1088 2359 prole
1122 2312 1316 2352 carens,
1354 2297 1492 2344 luctu
1529 2304 1580 2345 et
1615 2297 1831 2346 lacrimis
1866 2300 2016 2347 absu-

321 2379 492 2430 mitur.
577 2376 662 2425 Sic
709 2376 1107 2440 Clytaemnestra
1157 2382 1207 2424 et
1239 2382 1434 2440 patrem
1469 2382 1519 2424 et
1553 2376 1733 2426 liberos
1768 2383 1821 2427 et
1854 2383 2019 2428 semet

320 2459 483 2525 ipsam
518 2456 755 2524 perdidit.
1673 2445 1681 2455 “

453 2538 566 2587 Hoc
601 2535 947 2600 mollissimum
981 2551 1039 2583 ac
1075 2534 1413 2605 dulcissimum
1449 2551 1667 2594 carmen,
1702 2537 2016 2587 verissimam

322 2619 580 2669 continens
627 2617 741 2682 piae
791 2616 1135 2664 sollicitudinis
1183 2616 1536 2672 imitationem,
1593 2633 1703 2664 cum
1749 2618 1856 2682 pari
1902 2617 2014 2667 fere

320 2705 660 2764 spectatorum
705 2703 854 2759 atque
900 2696 1040 2744 chori
1086 2697 1405 2745 miseratione
1451 2696 1653 2745 solitum
1702 2697 1752 2746 in
1798 2697 2013 2746 theatris

321 2778 544 2838 cantari,
598 2794 658 2826 ex
705 2777 1045 2840 frequentiore
1094 2776 1394 2840 scriptorum
1432 2776 1714 2825 laudatione
1763 2778 2014 2827 coniicere

318 2859 452 2909 licet.
522 2858 714 2906 Moduli
748 2857 925 2905 musici
961 2857 1132 2921 quales
1170 2856 1217 2904 ei
1263 2857 1624 2904 accommodati
1662 2858 1774 2918 sint,
1810 2857 2014 2921 Euripi-

320 2939 411 2988 des
446 2939 555 3003 ipse
590 2938 730 2996 dicit,
767 2953 938 2985 vocem
971 2945 1201 2996 tenuem,
1238 2937 1565 2997 submissam,
1600 2944 1818 2984 retusam
1857 2934 2012 3001 (ὗπό·

321 3033 500 3084 ροφον
544 3015 821 3081 gediimpst)
859 3017 1130 3081 postulans.
1199 3016 1410 3064 Accedit
1447 3023 1564 3066 nota
1609 3018 1906 3066 scholiastae
1941 3017 2009 3080 (v.

319 3100 475 3164 1⁷9):
521 3098 683 3147 τοῦτο
716 3095 776 3147 τὸ
812 3095 969 3161 μέλος
1002 3092 1085 3147 ἐπὶ
1119 3098 1235 3156 ταῖς
1274 3093 1582 3161 λεγομέναις
1614 3096 1799 3163 νήταις
1831 3096 2013 3163 ᾄδεται

378 3294 429 3350 *)
461 3293 614 3339 schol.
644 3306 687 3336 v.
717 3291 830 3334 129:
863 3289 1028 3349 ἐλέγχει
1058 3291 1109 3336 δὲ
1139 3287 1316 3347 αὐτὴν,
1349 3288 1422 3336 ὅτι
1451 3287 1563 3336 οὐδὲ
1588 3294 1688 3344 τοῖς
1718 3288 2012 3350 ἁμαρτήμασι

461 3360 843 3421 σεσωφρόνισται,
874 3359 967 3406 ἀλλ’
998 3363 1048 3407 ἐν
1077 3367 1174 3414 τοῖς
1201 3361 1339 3419 ἤθεσι
1365 3361 1632 3419 μεμένηκεν.
1688 3363 1758 3407 Ad
1783 3363 2012 3408 theatrum

467 3447 686 3479 conversa
712 3434 831 3478 haec
860 3433 970 3478 dicit
997 3436 1205 3487 Electra3
1239 3433 1297 3477 cf.
1328 3434 1383 3477 T.
1413 3434 1448 3478 1.
1478 3447 1521 3490 p.
1551 3432 1651 3478 323.
