2170 3848
1180 253 1262 309 64

393 402 533 453 Poet.
558 401 635 459 Π,
666 401 711 448 3.
781 396 1062 462 „Debent,''
1096 398 1278 462 inquit,
1312 401 1554 464 ,‚poetae,
1588 414 1737 464 quum
1773 404 2059 465 argumenta

395 484 693 544 componunt
739 484 788 528 et
834 479 1055 528 oratione
1101 479 1373 539 illustrant,
1423 494 1505 526 res
1541 494 1683 542 quam
1718 482 1929 531 maxime
1965 481 2061 530 sibi

390 562 485 626 ipsi
517 565 631 607 ante
664 558 831 606 oculos
866 575 1175 623 proponere:
1223 560 1293 606 sic
1328 558 1457 606 euim
1492 559 1898 610 manifestissime
1929 561 2061 610 intu-

390 646 557 695 entes,
595 638 733 701 quasi
766 639 913 686 rebus
948 639 1066 702 ipsis
1101 639 1331 687 intersint
1364 639 1621 700 gerendis,
1655 638 1892 689 facillime
1926 642 2061 689 inve-

388 720 555 770 nerint
589 719 767 766 decora
804 724 853 765 et
886 718 1084 765 minime
1118 733 1204 766 eos
1238 718 1456 781 fugerint
1490 718 1747 770 contraria.
1810 720 1875 768 Et
1907 735 2059 784 quan-

387 805 494 848 tum
539 799 648 846 fieri
693 802 885 860 potest,
934 798 1082 844 etiam
1133 799 1353 862 corporis
1388 804 1526 846 motu
1561 797 1705 845 simul
1742 799 1938 862 operari
1973 798 2060 847 de-

388 878 508 927 bent
536 876 616 940 *):
653 877 863 924 maxime
898 877 1026 924 enim
1064 877 1212 925 fidem
1248 877 1433 925 faciunt
1467 879 1526 926 ab
1561 878 1732 925 eadem
1770 885 1942 936 natura
1978 877 2062 941 qui

388 958 559 1006 animis
606 957 700 1020 ipsi
746 963 1139 1017 commoventur,
1193 962 1243 1004 et
1292 957 1547 1020 perturbat
1601 957 1699 1020 qui
1730 957 2061 1021 perturbatur,

388 1035 653 1086 exacerbat
687 1036 767 1099 qui
802 1036 1031 1084 irascitur
1065 1037 1323 1084 verissime
1347 1036 1444 1100 **).
1502 1036 1830 1098 Quamobrem
1865 1044 1950 1084 aut
1984 1036 2060 1085 in-

387 1116 531 1183 genio
561 1115 724 1162 valent
751 1124 929 1178 poetae
953 1125 1035 1164 aut
1058 1116 1250 1164 furore:
1288 1117 1428 1164 alteri
1455 1116 1583 1163 enim
1605 1116 1751 1163 facile
1776 1117 1836 1164 ad
1864 1132 2059 1165 omnem

387 1195 537 1246 animi
585 1202 768 1242 motum
818 1194 1120 1254 formantur,
1165 1196 1305 1244 alteri
1351 1196 1651 1259 explorando
1699 1196 1879 1243 decora
1922 1196 2060 1244 inve-

387 1278 541 1327 niunt.
587 1275 652 1323 Et
685 1275 807 1322 haec
841 1281 1126 1337 argumenta
1162 1280 1213 1323 et
1248 1292 1374 1339 quae
1407 1275 1599 1340 accepit
1633 1276 1746 1324 ficta
1781 1275 1929 1324 debet
1951 1276 2061 1339 ipse

383 1358 575 1419 fingens
610 1370 940 1419 exponere
977 1357 1435 1414 communiter,
1471 1362 1598 1403 tum
1633 1355 1883 1404 demum
1918 1369 2059 1418 pro-

385 1437 525 1502 prie
573 1434 800 1482 dicere
845 1434 1170 1496 episodiis
1221 1442 1417 1498 atque
1463 1436 1831 1483 extendere
1878 1433 2060 1483 fabu-

384 1516 520 1565 lam.
589 1513 878 1562 Communia
926 1519 1087 1560 autem
1123 1519 1180 1562 ut
1226 1520 1539 1577 spectentur,
1590 1515 1659 1562 sic
1706 1514 1823 1562 fieri
1862 1529 2058 1576 censeo,

383 1595 518 1646 velut
551 1595 600 1642 in
636 1592 919 1657 iphigeniae
968 1591 1158 1640 fabula:
1223 1592 1379 1657 Virgo
1417 1594 1654 1657 quaedam
1693 1610 1843 1657 quum
1879 1594 2058 1641 immo-

382 1676 481 1724 lata
516 1676 651 1722 esset
685 1679 737 1720 et
771 1688 831 1720 ex
867 1678 1134 1734 conspectu
1169 1672 1520 1720 immolantium
1545 1674 1800 1730 subducta,
1837 1673 1885 1721 in
1912 1673 2060 1721 aliam

383 1759 566 1805 terram
601 1752 852 1811 translata,
886 1752 934 1799 in
966 1767 1060 1814 qua
1093 1751 1367 1799 institutum
1403 1760 1527 1810 erat,
1562 1760 1618 1801 ut
1642 1753 1861 1816 hospites
1884 1753 2059 1802 immo-

382 1835 616 1891 larentur,
653 1831 769 1881 huic
802 1831 1046 1879 sacrificio
1081 1831 1335 1892 praefecta
1371 1837 1462 1880 est.
1522 1831 1771 1896 Tempore
1796 1838 1958 1880 autem
1986 1833 2059 1881 in-

383 1914 592 1964 teriecto
627 1912 824 1967 accidit,
861 1917 915 1959 ut
947 1910 1103 1958 frater
1137 1911 1408 1958 sacerdotis
1446 1912 1623 1959 eodem
1651 1912 1931 1975 perveniret
1959 1909 2061 1974 (dei

386 1993 635 2044 oraculum
672 1998 721 2039 et
755 2006 929 2038 caussa
963 1989 1189 2037 veniendi
1224 1998 1357 2037 extra
1393 1990 1476 2050 id,
1513 1992 1643 2054 quod
1681 2006 1938 2039 commune
1971 2007 2060 2055 ap-

385 2073 642 2139 pellamus,
677 2071 833 2136 posita
869 2072 1019 2131 sunt).
1071 2070 1231 2131 Quum
1267 2070 1416 2134 igitur
1449 2072 1679 2127 venisset,
1716 2074 1892 2133 captus
1922 2078 1972 2118 et
1997 2069 2060 2118 ad

384 2169 521 2203 aram
555 2152 796 2200 adductus
832 2155 935 2209 est,
971 2149 1071 2207 ubi,
1108 2164 1253 2211 quum
1290 2150 1384 2196 iam
1422 2150 1470 2197 in
1506 2166 1564 2197 eo
1601 2155 1761 2208 esset,
1798 2155 1855 2196 ut
1885 2149 2059 2197 immo-

384 2232 583 2288 laretur,
620 2246 759 2278 soror
793 2245 906 2277 eum
941 2229 1134 2291 agnovit
1177 2230 1305 2289 (sive
1340 2229 1752 2292 quemadmodum
1790 2228 2058 2293 Euripides

385 2313 488 2363 sive
523 2309 932 2374 quemadmodum
969 2307 1201 2371 Polyidus
1236 2309 1399 2367 finxit,
1437 2325 1643 2371 quorum
1678 2309 1760 2356 hic
1794 2308 2058 2371 probabili-

384 2398 463 2443 ter
496 2391 615 2440 fecit
649 2390 920 2437 dicentem:
970 2388 1101 2450 Ergo
1136 2403 1230 2434 non
1265 2404 1406 2436 soror
1439 2389 1575 2447 sola,
1624 2388 1710 2435 sed
1746 2388 1902 2436 frater
1936 2403 2061 2452 quo-

384 2488 481 2537 que
515 2471 785 2520 destinatus
834 2467 930 2515 fuit
972 2465 1266 2530 sacrifici0);
1315 2475 1460 2530 atque
1506 2468 1621 2515 iude
1654 2472 1767 2516 nata
1801 2473 1878 2516 est
1911 2468 2059 2515 salus.

385 2552 610 2614 ltaque
654 2549 1091 2597 communibus
1138 2548 1558 2610 compositiS,
1628 2554 1753 2595 tum
1814 2546 2061 2595 demum

385 2632 632 2681 nomina
667 2631 991 2692 imponere
1037 2633 1230 2690 atque
1265 2627 1545 2691 propria
1576 2626 1885 2693 personis
1920 2625 2059 2674 red-

443 2799 495 2854 ²⁸)
525 2796 838 2852 comparanda
876 2797 978 2835 sunt
1017 2806 1129 2848 quae
1168 2793 1223 2834 de
1253 2792 1402 2833 Galba
1432 2796 1608 2833 oratore
1639 2793 1785 2834 Rufus
1814 2793 1933 2847 apud
1962 2791 2057 2834 Cic.

523 2869 648 2911 Brut.
678 2868 748 2909 87.
779 2864 999 2906 narravit:
1057 2863 1267 2916 „interim
1306 2877 1407 2903 cum
1447 2867 1562 2903 esset
1592 2862 1631 2904 ei
1660 2862 1906 2905 nuntiatum
1944 2866 2059 2904 tem-

523 2952 607 2994 pus
637 2951 757 2989 esse,
789 2935 930 2977 exisse
958 2934 1002 2975 in
1033 2934 1165 2976 aedes
1197 2946 1248 2974 eo
1280 2934 1426 2974 colore
1457 2938 1500 2974 et
1530 2933 1583 2973 iis
1605 2933 1760 2985 oculis,
1788 2937 1846 2974 ut
1865 2930 2058 2986 egisse

526 3020 814 3055 caussam,
863 3019 967 3046 non
1015 3008 1482 3054 commentatum,
1531 3008 1786 3056 putares.
1853 3001 2058 3043 Addebat

524 3078 657 3120 etiam
699 3076 854 3131 (idque
901 3075 961 3115 ad
1006 3088 1101 3116 rem
1140 3072 1359 3127 pertinere
1407 3073 1615 3127 putabat)
1668 3071 1906 3125 scriptores
1954 3069 2059 3112 illos

523 3149 644 3190 male
672 3147 891 3187 mulcatos
920 3143 1062 3185 exisse
1091 3157 1190 3184 cum
1216 3143 1380 3195 Galba,
1430 3158 1481 3184 ex
1509 3157 1595 3198 quo
1618 3140 1903 3199 significabat
1924 3139 2058 3182 'illum

525 3216 685 3259 nonin
716 3216 889 3271 agendo
919 3217 1078 3263 solum,
1107 3214 1203 3255 sed
1234 3213 1409 3255 etiam
1441 3213 1495 3254 in
1526 3210 1858 3256 meditando
1886 3210 2057 3255 vehe-

526 3291 771 3329 mentem
805 3292 974 3339 atque
1004 3284 1306 3326 incensum
1335 3284 1561 3327 fuisse.'’

419 3357 499 3412 **)
530 3359 612 3412 „Si
638 3358 703 3400 vis
729 3371 794 3398 me
813 3359 937 3411 flere,
968 3355 1191 3397 dolendum
1219 3360 1283 3397 est

527 3428 714 3472 Primum
743 3427 829 3482 ipsi
857 3427 935 3471 tibi
963 3425 1073 3469 etc.'’
