2170 3848
903 262 987 318 67

37 424 41 426 ’
114 412 305 464 mendis
339 410 684 460 demonstrare
716 412 975 473 poetarum
1010 413 1102 458 est.
1166 405 1277 456 Non
1310 410 1468 459 miuus
1499 410 1646 475 igitur
1666 425 1785 477 poe-

113 499 221 555 tae,
257 507 401 556 quam
436 489 747 554 philosophi,
780 504 841 536 ex
873 487 1034 536 turbis
1069 491 1122 535 et
1155 487 1429 549 erroribus,
1465 507 1588 554 quos
1619 503 1787 541 rerum

114 574 435 623 obscurarum
470 569 740 633 multisque
773 567 934 616 modis
968 567 1312 629 impeditarum
1347 574 1496 632 atque
1514 571 1787 636 implicata-

111 668 223 702 rum
258 651 450 717 species
486 649 710 698 omnibus
746 646 943 706 obiicit,
979 646 1212 694 liberatos
1246 647 1297 694 in
1331 647 1540 697 editiore
1576 652 1788 713 quodam

113 731 223 781 loco
238 746 327 781 nos
350 731 664 784 constituunt,
686 726 818 775 unde
840 730 1068 787 tanquam
1085 741 1145 772 ex
1173 725 1375 789 specula
1397 731 1449 774 et
1476 743 1643 776 rerum
1670 746 1787 778 con-

114 826 292 861 cursus
337 815 387 859 et
432 807 747 874 pugnantium
799 804 1188 853 conflictationes
1223 810 1274 852 et
1308 805 1521 869 origines
1556 813 1788 858 eventus-

116 907 215 956 que
247 905 418 940 omnes
453 886 640 946 securi,
674 885 815 934 vacui
847 885 1052 943 timore»,
1086 885 1413 947 aegritudine,
1449 885 1644 947 labore,
1679 905 1789 953 per-

115 969 395 1019 turbatione
428 982 615 1026 corum,
652 965 736 1030 qui
771 965 819 1013 in
853 965 952 1012 illis
988 964 1338 1013 certaminibus
1362 972 1636 1028 versantur,
1672 984 1791 1018 con-

115 1047 428 1114 templemur.
472 1045 597 1095 Iovis
631 1045 782 1109 igitur
816 1043 1074 1092 Homerici
1108 1044 1311 1104 similes,
1347 1045 1536 1108 proelia
1571 1052 1622 1095 et
1654 1047 1790 1097 labo-

113 1144 196 1178 res
230 1127 511 1176 mortalium
558 1141 619 1174 ex
654 1125 741 1173 Ida
775 1125 1067 1188 spectantiS,
1114 1140 1280 1172 rerum
1315 1124 1634 1175 humanarum
1670 1128 1792 1177 ima-

115 1209 278 1272 ginem
326 1206 578 1256 intuentes
621 1204 947 1255 delectamur.
1037 1202 1187 1252 Cuius
1242 1203 1436 1253 fructus
1483 1207 1794 1271 percipiendi

117 1303 294 1337 caussa
325 1286 590 1352 perspicua
622 1301 678 1333 ac
714 1284 930 1333 dilucida
964 1299 1076 1332 esse
1110 1285 1294 1334 debent
1327 1301 1649 1350 quaecunque
1671 1303 1792 1353 poe·

116 1374 199 1418 tae
230 1367 500 1425 imitantur,
535 1380 695 1429 neque
730 1363 989 1428 quicquam
1021 1363 1235 1427 relinqui
1262 1365 1461 1423 occulti,
1498 1367 1789 1427 absconditi,

117 1429 330 1498 obscuri.
400 1445 531 1494 Tum
579 1460 696 1494 suus
732 1444 909 1506 cuique
942 1444 1015 1492 rei
1046 1444 1206 1492 honor
1240 1459 1459 1508 suusque
1492 1445 1661 1508 locUS,
1707 1448 1793 1512 qui

116 1527 246 1593 fugit
271 1542 374 1588 eoa,
413 1526 512 1590 qui,
546 1525 596 1574 in
623 1524 783 1573 media
801 1539 966 1572 rerum
991 1523 1330 1588 implicatione
1348 1531 1616 1588 versanteS,
1651 1529 1794 1576 turba

117 1609 407 1667 obruuntur,
440 1604 776 1655 restituendus
812 1607 891 1652 est
924 1603 1258 1668 deprimendis
1294 1620 1420 1668 quae
1454 1621 1604 1669 supra
1633 1606 1792 1671 digni-

118 1691 271 1737 tatem
315 1703 454 1736 suam
501 1685 802 1743 efferuntur,
850 1683 1169 1731 obscurandis
1204 1700 1331 1746 quae
1365 1684 1494 1733 falso
1527 1685 1794 1751 splendore

120 1767 289 1816 oculos
324 1767 662 1828 obstringunt,
707 1761 1064 1826 amplificandis
1100 1763 1437 1826 augendisque
1471 1780 1599 1827 quae
1631 1765 1797 1815 iacent

120 1851 395 1906 contemta,
442 1843 670 1894 novitatis
718 1842 924 1906 quadam
972 1841 1132 1904 gratia
1168 1842 1384 1890 ornando
1421 1850 1614 1892 vetusta
1649 1850 1795 1908 atque

122 1925 374 1983 obsoleta,
408 1924 785 1973 admirationem
819 1920 1081 1969 minuendo
1116 1936 1380 1982 novorum,
1431 1922 1644 1988 denique
1680 1935 1796 1974 con-

122 2019 337 2064 sensum,
371 2020 542 2070 pacem
578 2009 628 2052 et
662 2000 970 2051 concordiam
1007 2001 1312 2050 conciliando
1347 2016 1534 2062 eorum,
1570 2019 1696 2067 quae
1722 2005 1795 2053 in-

120 2089 198 2132 ter
241 2099 297 2133 se
341 2084 606 2150 pugnantia
649 2088 800 2145 atque
835 2080 1167 2146 discrepantia
1210 2086 1400 2131 temere
1432 2084 1707 2134 miscentur
1740 2100 1796 2134 ac

120 2162 402 2213 turbulente
435 2162 815 2213 confunduntur.

248 2243 542 2304 „Wodurch
576 2244 771 2306 bewegt
804 2258 860 2290 er
892 2241 988 2291 alle
1019 2240 1260 2290 Herzen‘?

250 2322 504 2373 Wodurch
537 2323 730 2388 besiegt
764 2339 819 2372 er
845 2322 992 2387 jedes
1029 2321 1300 2371 Element?

250 2403 324 2452 lst
357 2419 411 2452 es
446 2403 535 2452 der
567 2403 808 2467 Einklang
840 2403 1003 2462 nicht,
1040 2402 1128 2450 der
1163 2417 1251 2450 aus
1285 2403 1398 2450 dem
1432 2401 1600 2450 Busen
1634 2402 1797 2467 dringt

250 2482 367 2532 Und
399 2483 450 2532 in
484 2483 592 2532 sein
625 2483 760 2532 Herz
794 2483 875 2531 die
908 2482 1044 2531 Welt
1076 2481 1547 2547 zuriickeschlingt?

249 2562 411 2613 Wenn
444 2563 526 2612 die
559 2563 715 2611 Natur
749 2564 839 2612 des
873 2562 1069 2610 Fadens
1106 2561 1262 2624 ewige
1292 2561 1476 2624 Liinge,

254 2641 592 2708 Gleichgiiltig
626 2643 867 2702 drehend,
903 2641 993 2689 auf
1024 2641 1107 2689 die
1142 2640 1344 2704 Spindel
1379 2641 1585 2704 zwingt3

253 2721 412 2770 Wenn
445 2723 567 2771 aller
599 2722 785 2771 Wesen
818 2720 1228 2770 unharmonische
1259 2718 1443 2783 Menge

253 2799 617 2851 Verdriel'slich
647 2801 803 2850 durch
840 2800 1075 2850 einander
1107 2799 1288 2863 klingt:

254 2879 379 2930 Wer
411 2881 555 2929 theilt
589 2882 671 2931 die
703 2882 930 2931 fliel'send
964 2882 1136 2929 immet
1168 2879 1363 2942 gleiche
1395 2879 1557 2929 Reihe

255 2959 508 3010 Belebend
543 2962 620 3021 ab,
655 2960 762 3010 dass
798 2963 872 3010 sie
905 2962 1014 3010 sich
1045 2959 1358 3024 rhythmisch
1390 2961 1538 3023 regt‘}

248 3039 368 3089 Wer
391 3040 496 3088 ruft
521 3039 631 3088 das
656 3039 966 3091 Einzelne
989 3056 1101 3088 zur
1125 3039 1800 3102 allgemeinenWeihe,

258 3119 356 3170 Wo
393 3135 447 3168 es
481 3119 531 3167 in
565 3119 844 3170 herrlichen
879 3120 1140 3171 Accorden
1175 3119 1404 3184 schffigt‘!

258 3198 379 3248 Wer
410 3199 527 3247 liil'st
560 3199 657 3248 den
689 3199 859 3250 Sturm
893 3216 956 3249 zu
988 3199 1404 3251 Leidenschaften
1436 3200 1650 3260 wiithen‚

261 3278 358 3327 Das
393 3278 680 3328 Abendroth
714 3279 781 3328 im
816 3285 1014 3329 ernsten
1047 3278 1196 3328 Sinne
1229 3278 1442 3344 gliih'n‘!

260 3357 381 3408 Wer
415 3359 655 3408 schiittelt
687 3360 782 3409 alle
815 3360 1036 3408 sch'onen
1070 3359 1545 3426 Friihlingsbliithen

261 3438 364 3488 Auf
395 3438 484 3489 der
517 3438 781 3489 Geliebten
814 3438 973 3488 Pl'ade
1006 3438 1128 3488 hin‘?

1398 3521 1468 3567 5²¹²
