2170 3866
947 218 1076 284 535

153 369 408 422 cruciatus
452 367 564 420 fere
610 382 786 421 omnes
833 367 1119 434 pertinent,
1165 381 1229 420 ex
1274 365 1374 416 hoc
1406 361 1668 429 Euripidis
1700 376 1857 428 opere

150 467 442 518 expressam
475 450 637 501 fuisse
667 450 1018 514 decernamus,
1052 449 1104 499 id
1137 447 1271 512 quod
1303 447 1403 499 iam
1428 443 1738 499 Matthiaeus
1774 458 1855 492 su·

150 531 372 598 spicatus
420 536 517 582 est.
597 530 720 580 Fuit
767 528 866 581 hoc
901 531 1072 583 drama
1119 529 1229 577 sine
1265 527 1415 577 dubio
1450 541 1514 577 ex
1548 539 1734 592 genere
1767 539 1856 573 eo-

147 627 289 672 rum,
345 627 476 674 quae
522 609 874 676 implicata
921 609 1193 674 appellavit
1241 606 1576 668 Aristoteles,
1638 620 1854 668 quorum

146 696 481 751 structuram,
531 707 559 739 a
602 690 983 756 mythographis
1031 706 1128 739 non
1175 688 1534 754 perscriptam,
1581 699 1857 751 agnoscere

147 771 372 836 quamvis
409 771 759 820 difficillimum
802 770 886 832 sit,
934 774 1120 831 tamen,
1165 769 1285 834 quid
1333 767 1617 818 coniectura
1652 763 1855 828 assequi

144 852 416 918 possimuS‚
453 852 787 917 experiamur.

278 929 472 980 Multos
534 947 687 980 annos
752 947 845 995 per
893 929 1072 978 multas
1131 935 1296 978 terras
1341 945 1369 979 a
1413 927 1581 979 Furiis
1636 925 1855 996 agitatus

146 1010 417 1061 Alcmaeon
442 1016 702 1077 postremo
725 1009 1022 1063 corinthum
1046 1025 1103 1061 ne
1126 1008 1343 1071 confert,
1371 1009 1560 1059 liberos
1585 1025 1614 1057 a
1634 1007 1854 1057 Creonte

145 1092 473 1157 repetiturus.
545 1091 876 1141 Oraculorum
911 1091 1050 1139 iussu
1087 1090 1136 1137 id
1173 1090 1285 1139 fieri
1318 1090 1598 1154 putandum
1638 1092 1731 1149 est,
1763 1087 1852 1134 iis—

145 1173 363 1236 demque
397 1173 607 1221 oraculis
641 1172 955 1237 praedictum
990 1187 1124 1234 esse,
1158 1170 1271 1225 fore
1305 1173 1360 1221 ut
1394 1171 1444 1221 in
1479 1169 1853 1219 Corinthiorum

147 1257 282 1302 terra
339 1253 558 1318 receptis
608 1253 781 1302 liberis
827 1268 856 1299 a
902 1250 1167 1299 Furiarum
1226 1251 1529 1303 cruciatibus
1589 1249 1854 1301 liberetur.

145 1330 426 1383 Comitatur
487 1332 730 1383 miserum
776 1329 1058 1392 Tisiphone
1116 1336 1360 1394 curatque
1408 1333 1701 1396 aegrotum,
1762 1343 1854 1380 ne-

143 1411 309 1463 sciens
354 1427 411 1460 se
452 1411 648 1476 parenti
694 1410 864 1460 officia
900 1412 982 1475 pie
1015 1411 1320 1474 praestando
1356 1410 1673 1463 benefacere.
1749 1407 1855 1459 Pro

144 1507 290 1541 nerva
333 1491 466 1541 enim
500 1492 771 1543 Alcmaeon
813 1491 965 1548 filiam
1004 1507 1147 1540 suam
1182 1491 1384 1557 ignarus
1421 1491 1644 1556 ignaram
1680 1504 1855 1540 secum

143 1571 327 1625 habet:
373 1588 486 1622 nam
521 1588 675 1635 quum
711 1570 913 1620 vendita
938 1573 1008 1621 ab
1043 1587 1203 1623 uxore
1240 1572 1472 1624 Creontis
1507 1575 1562 1620 et
1595 1571 1645 1620 in
1682 1584 1855 1620 remo-

144 1659 247 1706 tam
292 1653 511 1717 aliquam
557 1658 741 1704 terram
795 1669 826 1704 a
871 1652 1087 1704 dominis
1143 1652 1361 1701 abducta
1408 1658 1576 1715 esset,
1634 1651 1771 1702 forte
1823 1665 1853 1699 a

144 1737 290 1798 patre
319 1738 489 1797 empta
524 1737 618 1785 est.

275 1813 319 1865 A
353 1813 599 1866 daemone
634 1812 818 1878 aliquo,
854 1812 938 1876 qui
975 1812 1181 1863 Creonti
1215 1812 1537 1871 irasceretur,
1584 1811 1849 1878 prologum

143 1897 309 1942 actum
345 1909 460 1942 esse
488 1893 735 1956 suspicor.
802 1892 997 1942 Docent
1020 1892 1152 1941 enim
1191 1891 1472 1956 fragmenta
1506 1892 1645 1940 illum
1680 1908 1852 1956 regno,

146 1974 337 2034 liberis,
388 1989 542 2022 uxore
589 1973 851 2039 bonisque,
877 1973 1111 2024 omnibus
1155 1978 1368 2038 propter
1412 1973 1702 2038 superbiam
1750 1973 1851 2036 pri-

142 2054 277 2116 vari,
325 2070 454 2118 quae
497 2069 666 2102 rerum
714 2055 1038 2104 commutatio
1071 2054 1180 2102 sine
1212 2054 1427 2102 numinis
1463 2053 1670 2102 alicuius
1707 2069 1852 2116 prae-

144 2135 309 2185 sentis
364 2133 551 2187 auxilio
600 2135 663 2185 ab
712 2135 1019 2188 Alcmaeone
1064 2134 1145 2183 vel
1194 2133 1364 2185 liberis
1425 2134 1536 2186 eins
1586 2132 1726 2186 effici
1771 2134 1851 2181 vix

144 2230 297 2280 poste
344 2214 562 2263 videtur.
642 2215 807 2267 Huius
853 2215 1010 2281 igitur
1053 2213 1273 2263 numinis
1323 2213 1493 2263 favore
1538 2214 1602 2262 ad
1636 2213 1851 2262 salutem

139 2295 326 2346 misero
398 2295 761 2345 restituendam
831 2310 1144 2361 poenamque
1211 2294 1445 2359 superbis
1528 2282 1846 2359 irro'gandam

143 2375 304 2424 omnia
338 2375 536 2438 pridem
572 2381 693 2440 puta
726 2379 1024 2441 praeparata
1059 2391 1205 2436 esse;
1233 2374 1335 2427 ‘hic
1368 2374 1682 2439 Tisiphonen
1718 2373 1852 2439 patr-i

142 2453 319 2520 ignaro
365 2454 592 2515 adduxit,
639 2455 724 2507 hic
759 2456 1056 2512 Corinthum
1105 2456 1247 2506 adire
1289 2455 1434 2511 iussit
1477 2455 1850 2516 Alcmaeonem,

116 2534 228 2587 bie
249 2550 354 2600 per
386 2534 776 2600 Amphilochum
813 2524 988 2588 morbo
1023 2534 1273 2587 medetur.

280 2613 493 2678 Prologo
527 2616 827 2680 colloquium
864 2617 1019 2680 patris
1046 2616 1280 2678 filiaeque
1310 2613 1708 2678 subiungendum
1732 2615 1846 2667 fuit.

144 2694 370 2758 Quorum
407 2710 470 2744 ex
503 2712 737 2748 sermone
771 2698 900 2748 haec
934 2698 1202 2760 depromta
1234 2710 1351 2748 csse
1381 2696 1642 2758 suspicor:

274 2773 499 2827 ταπεινὰ
530 2774 633 2841 γὰρ
667 2773 767 2843 χρὴ
799 2769 931 2836 τοὺς
966 2776 1144 2836 κακῶς
1175 2774 1514 2840 πεπραγότας

277 2853 464 2921 λέγειν,
502 2853 555 2916 ἐς
589 2858 754 2921 ὄγκον
789 2857 837 2909 δ’
876 2858 976 2910 οὐκ
1010 2859 1124 2910 ἄνω
1161 2854 1374 2922 βλέπειν
1406 2855 1583 2922 τύχης.

144 2936 339 2999 Quibus
373 2938 539 2985 verbis
573 2938 846 2990 Alcmaeon
893 2956 950 2988 se
992 2939 1273 3003 supplicem
1306 2939 1476 2988 venire
1522 2943 1575 2987 et
1609 2937 1846 2986 auxilium

143 3016 386 3065 malorum
433 3019 494 3067 ab
541 3018 716 3068 incolis
757 3024 938 3085 petere
972 3019 1237 3085 significat.
1321 3018 1632 3085 Tisiphonae
1678 3025 1844 3073 autem

142 3097 269 3147 haec
302 3097 500 3146 tribuo:
1288 3152 1290 3154 v
1630 3131 1633 3133 -

275 3172 482 3242 μέτεστι
512 3178 626 3238 τοῖς
659 3176 902 3234 δούλοισι.
935 3178 1211 3235 δεσποτῶν
1243 3177 1436 3237 νόσου-

142 3258 356 3323 Aegroti
399 3259 529 3307 enim
578 3259 799 3321 speciem
843 3278 965 3327 prae
1011 3277 1068 3309 se
1111 3261 1311 3310 ferebat
1343 3260 1619 3311 Alcmaeon
1664 3259 1846 3321 vixque

144 3352 326 3402 corpus
363 3339 680 3388 sustentabat
712 3356 804 3404 per
845 3341 985 3390 littus
1020 3340 1287 3401 incedens;
1336 3356 1455 3390 mox
1489 3340 1630 3388 humi
1662 3354 1846 3404 corpus

147 3415 416 3468 demisisse
449 3418 648 3468 videtur
683 3425 735 3469 et
767 3419 1025 3472 Tellurem
1059 3421 1338 3485 invocasse,
1371 3425 1637 3484 anthtwn
1670 3418 1722 3474 in
1754 3433 1845 3471 so-

149 3511 318 3550 mnum
353 3498 694 3550 delaberetur:
