2170 3848
954 268 1035 324 33

144 420 479 485 spectatorum
515 415 689 465 animis
723 415 1008 465 incutiente.
1050 412 1222 463 Nuntii
1255 429 1372 464 vero
1408 415 1623 466 narratio
1648 431 1706 467 ea
1731 424 1828 482 est,

143 515 239 564 qua
285 502 521 564 percepta
568 497 826 547 oculorum
872 495 1205 544 testimonium
1250 511 1394 545 nemo
1429 497 1708 547 desideret:
1755 500 1829 549 sic

140 578 272 628 enim
307 578 481 626 vividis
516 577 764 626 coloribus
797 591 878 625 res
913 575 1141 639 depictae
1175 582 1318 632 sunt,
1355 582 1412 625 ut
1446 583 1642 626 narrata
1673 595 1830 644 paene

142 658 436 716 evidentius,
473 673 616 722 quam
640 665 764 716 acta,
799 659 1082 720 appareant.
1132 654 1422 705 Patentibus
1448 656 1662 722 denique
1692 659 1827 708 aedi·

96 742 99 745 ’
141 739 235 789 bus
271 745 419 803 atque
454 737 516 785 ob
552 737 720 786 oculo·
754 735 929 801 positis
963 750 1128 783 rerum
1165 735 1459 794 effectibus,
1505 737 1827 802 Amphitruo-

140 819 217 868 nis
251 817 585 867 sollicitudine
634 820 783 880 atque
816 815 1150 880 trepidatione
1202 815 1449 876 efficitur,
1498 822 1555 866 ut
1590 833 1653 866 ne
1687 820 1827 882 quie-

145 905 366 948 scentem
422 897 622 960 quidem
667 895 937 945 Herculem
991 895 1101 944 sine
1142 912 1324 961 pavore
1370 897 1534 945 securi
1581 899 1828 964 otiosique

142 985 497 1044 spectaremuS.

272 1056 798 1105 convenientissimum
847 1061 926 1105 est
971 1061 1204 1114 naturae,
1266 1056 1399 1122 quod
1446 1056 1607 1106 furori
1653 1061 1828 1110 subest

139 1136 410 1198 iracundia,
445 1138 676 1200 quodque
696 1135 965 1199 Eurysthei
990 1136 1173 1185 liberos
1200 1153 1255 1185 se
1277 1137 1525 1186 trucidare
1541 1143 1683 1201 putat
1696 1139 1827 1189 Her-

138 1217 275 1267 cules
323 1233 438 1265 suos
486 1217 807 1268 interficiens,
877 1215 1006 1265 Iusta
1054 1217 1184 1266 enim
1218 1218 1344 1266 haec
1379 1224 1455 1266 est
1490 1218 1741 1268 iracundia
1775 1226 1828 1271 et

138 1312 297 1362 paene
330 1296 626 1346 necessaria.
676 1295 844 1345 Potuit
877 1298 1025 1361 igitur
1058 1298 1339 1347 recordatio
1374 1299 1615 1347 malorum
1644 1300 1704 1347 ab
1727 1301 1826 1350 hoc

139 1376 188 1426 ei
223 1377 469 1425 illatorum
504 1376 584 1426 vel
619 1377 726 1425 sine
761 1376 979 1426 externis
1016 1378 1203 1428 caussis
1239 1377 1488 1427 hominem
1515 1379 1826 1431 vehementis

136 1456 338 1522 ingenii,
372 1457 422 1505 in
444 1457 628 1506 ultione
653 1457 964 1506 inimicorum
991 1463 1301 1523 occupatum,
1337 1458 1386 1507 in
1410 1458 1632 1508 furorem
1659 1477 1826 1525 agere.

136 1536 400 1587 Praeterea
428 1538 757 1603 propinquam
779 1538 1042 1587 vecordiae
1063 1544 1277 1587 mentem
1308 1554 1420 1588 esse
1445 1540 1570 1599 eins,
1608 1539 1690 1603 qui
1710 1557 1825 1606 per-

136 1623 336 1685 petrare
370 1624 472 1668 tam
516 1619 734 1683 ingentia
767 1619 971 1682 audeat,
1021 1626 1198 1683 quanta
1233 1618 1312 1668 vel
1346 1620 1566 1685 cogitare
1600 1620 1826 1671 insanum

136 1714 252 1748 esse
284 1699 524 1759 videatur,
562 1697 710 1747 facile
745 1699 1046 1762 intelligitur.
1097 1699 1272 1763 Neque
1304 1704 1470 1748 tamen
1499 1703 1671 1749 noster
1690 1717 1824 1751 mor-

136 1778 254 1828 bum
297 1779 376 1828 vel
420 1780 567 1828 animi
617 1777 698 1826 vel
742 1778 963 1843 corporis
998 1779 1199 1839 maluit,
1247 1795 1391 1842 quam
1437 1779 1558 1851 iram
1596 1781 1825 1841 deorum,

137 1874 361 1907 caussam
384 1858 565 1907 furoris
599 1857 804 1922 fingere,
839 1873 1000 1921 neque
1034 1859 1195 1906 siccus
1232 1858 1324 1908 fuit
1355 1859 1498 1917 adeo,
1534 1863 1589 1908 ut
1615 1860 1824 1912 deorum

136 1952 374 2002 personas
409 1954 438 1986 e
470 1937 650 1986 fabulis
685 1938 786 1986 suis
818 1938 1013 1986 iuberet
1047 1938 1287 1988 exsulare.
1341 1939 1439 2001 Qui
1466 1940 1598 2002 quod
1620 1940 1670 1990 in
1697 1941 1825 1991 Ore·

136 2018 228 2067 stis
262 2017 486 2066 dramate
519 2032 730 2081 persona
754 2016 1012 2065 Furiarum
1048 2018 1300 2077 abstinuit,
1334 2035 1432 2068 non
1468 2021 1580 2069 ideo
1616 2020 1711 2070 hoc
1744 2021 1824 2071 fe-

135 2097 221 2156 cit,
257 2096 388 2161 quod
423 2100 702 2162 sperneret,
739 2096 827 2145 sed
863 2098 993 2161 quod
1022 2098 1091 2146 ibi
1118 2099 1268 2147 rebus
1295 2099 1500 2164 agendis
1524 2115 1621 2150 non
1646 2106 1823 2165 potue-

133 2183 249 2227 runt
295 2178 553 2226 commode
599 2177 843 2227 adhiberi.
916 2177 1028 2226 Hoc
1075 2193 1255 2227 moneo
1303 2186 1509 2245 propter
1555 2180 1822 2245 Ariadnae,

131 2256 481 2306 fallacissimae
516 2257 672 2317 ducis,
708 2257 1025 2322 scriptorem,
1064 2260 1146 2322 qui
1171 2274 1235 2306 ne
1261 2259 1406 2308 lectis
1437 2261 1634 2323 quidem
1665 2263 1822 2311 omni-

132 2337 227 2387 bus
263 2337 512 2403 Euripidis
548 2338 726 2386 fabulis
764 2339 1055 2403 amplissimi
1090 2339 1236 2404 spatii
1267 2338 1483 2399 librum,
1518 2340 1822 2391 criminatio-

131 2419 274 2468 nibus
310 2419 456 2467 huius
492 2424 671 2483 poetae
708 2418 1017 2480 confertum,
1065 2420 1179 2468 stilo
1215 2421 1461 2481 exaravit,
1498 2425 1667 2470 tantae
1700 2422 1821 2471 levi-

131 2499 246 2548 tatis
281 2514 436 2564 opuS,
472 2507 529 2547 ut
563 2515 644 2547 me
678 2499 881 2564 gratiam
917 2499 1046 2564 apud
1083 2500 1247 2564 ipsum
1282 2500 1521 2549 initurum
1557 2518 1670 2550 esse
1705 2518 1821 2567 spe·

131 2594 238 2628 rem
273 2579 465 2628 silentio
501 2580 718 2645 tegendo
752 2594 976 2642 erroreS‚
1025 2596 1234 2644 quorum
1281 2580 1379 2629 iam
1424 2581 1587 2645 ipsum
1629 2582 1822 2647 pudere

130 2659 371 2724 suspicor.

261 2737 395 2788 Deos
429 2740 608 2806 tragici
636 2740 874 2790 adhibent
907 2740 967 2789 iis
996 2742 1145 2791 rebus
1174 2742 1416 2802 omnibus,
1453 2759 1654 2807 quarum
1678 2758 1819 2792 caus-

131 2834 217 2868 sae
251 2817 407 2868 latent
432 2836 592 2883 neque
618 2827 827 2885 possunt
853 2822 1062 2870 ostendi.
1110 2821 1341 2870 Fortuita
1360 2823 1508 2880 enim,
1545 2824 1576 2875 i.
1606 2840 1650 2872 e.
1679 2839 1820 2872 caus-

131 2899 202 2948 sis
237 2899 469 2960 carentia,
506 2902 636 2964 quod
664 2908 780 2950 sunt
809 2902 1072 2950 temeraria
1086 2918 1248 2966 neque
1277 2902 1510 2964 prudenti
1535 2905 1705 2953 mundi
1731 2904 1819 2952 ad-

130 2979 476 3028 ministrationi
535 2982 826 3030 conveniunt
872 2987 956 3030 aut
997 2982 1167 3030 virtuti
1214 2982 1291 3029 vel
1339 2983 1567 3048 dignitati
1614 2999 1820 3049 respon-

130 3059 266 3120 dent,
300 3059 552 3123 tragoedia
586 3061 792 3125 perinde
827 3066 976 3125 atque
1001 3062 1240 3127 epopoeia
1273 3078 1301 3109 a
1325 3063 1431 3111 suis
1455 3064 1719 3127 penatibus
1739 3079 1818 3112 ar-

131 3145 228 3191 cet.
279 3138 588 3201 Temeraria,
625 3141 707 3191 ubi
736 3141 994 3190 immeritis
1022 3144 1227 3191 adversa
1252 3141 1499 3205 accidunt,
1533 3143 1683 3191 foeda
1704 3147 1821 3192 sunt

128 3235 291 3283 neque
310 3221 678 3269 miserationem
694 3226 908 3284 movent,
942 3224 1032 3271 sed
1061 3222 1448 3286 indignationem
1474 3229 1525 3272 et
1542 3223 1819 3284 fastidium,

131 3299 219 3350 ubi
255 3301 472 3350 secunda
506 3300 748 3366 indignis,
783 3303 993 3352 molesta
1026 3319 1190 3367 neque
1224 3302 1414 3352 laetitia
1445 3303 1688 3364 afficiunt,
1727 3302 1819 3351 sed

131 3379 247 3428 odio
282 3385 430 3445 atque
469 3381 669 3432 invidia.
718 3381 869 3445 Atqui
900 3383 1102 3445 furoriS,
1138 3384 1240 3432 sive
1274 3388 1354 3433 est
1388 3384 1538 3432 animi
1572 3384 1674 3431 sive
1708 3398 1820 3431 cor-

130 3459 266 3588 porris
301 3461 519 3518 morbae,
553 3461 708 3512 latent
741 3477 966 3527 caussae,
1002 3479 1124 3529 quas
1159 3462 1357 3530 quidem
1392 3463 1691 3530 investigare
1723 3477 1822 3514 non

250 3575 262 3589 .
298 3539 353 3591 ll.
1460 3546 1491 3592 3
