2202 3892
1250 280 1371 337 276

477 431 777 482 contemtum
811 441 999 487 eorum,
1036 425 1120 490 qui
1151 425 1372 476 inferunt
1403 425 1545 486 mala,
1581 430 1630 476 et
1652 425 2018 479 admirationem
2056 445 2142 479 eo-

476 525 611 568 rum,
646 508 730 571 qui
765 507 1044 573 patiuntur,
1081 512 1298 570 spectat,
1353 506 1481 555 nulla
1516 521 1611 554 non
1655 523 1778 566 „vae
1811 508 2074 559 victoribus
2092 507 2141 559 !’'

475 596 527 640 et
560 588 743 648 „macti
763 588 916 652 gloria
937 580 1053 635 victi
1078 586 1219 635 este''
1246 586 1440 645 clamat,
1467 587 1531 634 ita
1561 591 1613 633 ut
1638 587 1783 635 etiam
1805 603 1832 636 a
1857 590 2016 638 surdis
2052 607 2143 655 pu-

479 674 556 718 tes
602 667 756 715 audiri
802 682 966 731 posse.
1033 666 1240 714 Praeter
1287 666 1628 715 fortitudinem
1675 666 1805 714 enim
1847 668 1990 732 plane
2023 668 2143 718 nihil

476 750 524 798 in
565 747 830 794 victoribus
867 753 959 808 est,
997 746 1125 810 quod
1161 747 1344 794 landari
1381 747 1454 793 vel
1490 746 1567 792 cui
1603 745 1808 794 invideri
1843 749 2024 810 possit,
2058 749 2142 812 qui

474 825 666 893 μείζον’
701 827 866 890 ὄγκον
901 823 1059 888 δορὸς
1094 824 1295 891 ἔχοντες
1329 822 1361 890 ἢ
1399 825 1613 889 φρενῶν
1647 825 1712 888 (v.
1749 826 1918 888 1148.)
1967 827 2145 875 obcae-

479 910 602 958 catis
653 907 822 955 animis
878 907 1099 969 praemia
1159 923 1215 954 se
1265 908 1573 954 inutilissima
1626 912 1677 953 et
1726 905 2146 968 perniciosissima

474 988 607 1037 ferre
642 987 884 1034 factorum
922 985 1349 1033 iniustissimorum
1384 993 1532 1048 atque
1567 985 2015 1033 crudelissimorum
2051 1001 2145 1033 non

473 1068 669 1127 vident,
721 1071 771 1112 et
820 1065 1024 1131 insuper
1069 1081 1240 1113 omnes
1290 1066 1436 1113 morti
1482 1065 1710 1112 destinati
1759 1069 1871 1113 sunt
1917 1069 1968 1112 et
2004 1064 2146 1112 malis

475 1148 618 1210 longe
674 1145 996 1193 Troianorum
1058 1145 1183 1192 mala
1231 1146 1575 1209 superantibus
1626 1144 1939 1192 succubituri.
2020 1143 2144 1192 Nam

477 1225 717 1291 quidquid
753 1240 899 1287 opum
937 1241 964 1271 a
998 1224 1149 1272 Troia
1184 1224 1423 1278 avellunt,
1462 1225 1509 1272 in
1544 1226 1665 1271 mari
1700 1224 2013 1272 interiturum
2049 1228 2146 1284 est,

475 1304 712 1370 quidquid
749 1303 1006 1351 mulierum
1030 1304 1330 1366 captivarum
1360 1303 1473 1351 nudi
1501 1305 1820 1367 naufragiqne
1844 1302 2146 1359 retinebunt,

478 1391 562 1434 aut
592 1384 764 1433 inutile
796 1382 1016 1431 futurum
1041 1389 1118 1430 est
1151 1388 1234 1430 aut
1267 1383 1413 1431 etiam
1449 1383 1582 1447 ipsos
1619 1399 1727 1430 cum
1753 1383 1953 1430 familiis
1980 1383 2146 1445 perdi-

476 1472 662 1516 turum.
729 1462 839 1510 Hoc
873 1463 1001 1510 enim
1040 1468 1089 1509 et
1113 1461 1386 1510 Cassandra
1422 1469 1472 1511 et
1493 1461 1834 1511 Andromache
1869 1467 1920 1510 et
1954 1461 2147 1510 Helena

476 1545 602 1595 aliae
637 1543 729 1590 alia
763 1542 956 1590 ratione
990 1542 1259 1590 effecturae
1294 1547 1437 1600 sunt,
1473 1549 1522 1590 et
1558 1542 1606 1590 in
1648 1542 1740 1589 hac
1763 1557 1816 1589 re
1846 1540 2148 1590 ostendenda

478 1624 742 1691 plurimum
805 1627 951 1685 poeta
999 1620 1279 1670 elaboravit.
1370 1621 1559 1670 Paridis
1605 1623 1752 1686 igitur
1799 1621 2051 1670 libidinem
2097 1625 2149 1670 et

479 1704 767 1754 eaecitatem
803 1701 948 1749 animi
984 1700 1133 1748 libido
1157 1700 1455 1750 Graecorum
1493 1718 1703 1766 aequare
1736 1703 1940 1750 videtur.
1998 1701 2149 1749 Redi-

478 1783 577 1834 turi
610 1788 771 1830 autem
808 1786 921 1829 sunt
943 1781 1259 1844 paucissimit
1297 1780 1519 1846 plerique
1549 1783 1676 1830 enim
1706 1782 1861 1830 autin
1887 1782 2146 1846 peregrina

479 1869 611 1913 terra
645 1862 804 1909 iacent
836 1860 1083 1908 interfecti
1118 1864 1202 1907 aut
1234 1860 1283 1908 in
1321 1862 1445 1910 mari
1480 1863 1705 1910 exstincti
1751 1861 2005 1926 sepultura
2039 1864 2151 1909 sunt

478 1941 695 1992 carituri.
766 1939 817 1987 ln
863 1939 1009 2004 longa
1052 1955 1170 1987 vero
1219 1940 1442 1988 absentia
1485 1958 1566 1989 res
1602 1941 1902 1989 domesticae
1935 1941 2150 1988 omnium

481 2021 558 2070 vel
592 2019 906 2086 perturbatae
931 2019 1010 2066 vel
1044 2035 1248 2067 eversae
1272 2026 1400 2071 sunt.
1449 2020 1616 2084 ltaque
1641 2037 1799 2085 neque
1821 2020 1989 2079 aliena,
2027 2035 2151 2084 quae

481 2101 820 2160 sectabantur,
862 2102 1127 2147 tenuerunt
1161 2105 1211 2146 et
1245 2101 1515 2149 amiserunt
1551 2117 1651 2149 sua.
1719 2101 1812 2149 His
1846 2099 1914 2148 ita
1950 2115 2150 2163 compa-

481 2180 629 2237 ratis,
671 2179 780 2241 quis
812 2194 909 2226 non
944 2178 1068 2225 mala
1103 2178 1153 2226 in
1187 2178 1406 2226 Graecos
1441 2196 1469 2227 a
1502 2178 1731 2228 Troianis
1767 2194 2002 2227 conversa
2038 2194 2152 2227 esse

481 2258 749 2322 intelligit?
816 2255 949 2305 Victi
995 2263 1175 2305 contra‘
1208 2256 1468 2306 inferiores
1518 2266 1630 2307 sunt
1663 2258 1883 2317 fortuna,
1930 2262 2151 2306 ceterum

484 2337 732 2387 feliciores
766 2341 917 2394 tanto,
952 2341 1133 2399 quanto
1167 2337 1378 2384 honeste
1411 2340 1721 2396 occumbere,
1758 2355 1899 2403 quam
1935 2338 2152 2403 turpiter

431 2451 434 2457 ,
481 2418 707 2478 vincere,
742 2417 1076 2481 praestantius
1112 2422 1204 2464 est.
1275 2416 1448 2478 Quoad
1485 2419 1613 2465 enim
1650 2418 1888 2477 vixerunt,
1924 2433 2150 2478 uxorum,

481 2498 750 2547 liberorum
794 2502 845 2545 et
879 2495 1261 2560 propinquorum
1308 2497 1666 2546 consuetudine
1699 2502 1896 2546 utentes
1929 2497 2153 2562 quotidie

484 2575 881 2634 delectabantur,
926 2576 1192 2624 morientes
1236 2580 1398 2624 autem
1448 2593 1538 2640 pro
1587 2577 1746 2641 patria
1793 2579 2152 2627 occumbebant

485 2661 538 2705 et
569 2672 600 2703 a
646 2656 746 2704 suis
792 2656 925 2719 apud
961 2670 1079 2704 suos
1114 2658 1545 2719 componebantur.
1616 2656 1780 2718 Quid?
1828 2658 1954 2721 quod
1992 2657 2150 2704 Grae-

486 2750 656 2784 corum
706 2735 941 2783 invasioni
995 2734 1178 2783 debent
1231 2750 1338 2782 rem
1391 2736 1609 2785 omnium
1666 2737 2151 2800 praestantissimam,

487 2815 619 2879 quod
689 2815 896 2878 gloriam
955 2813 1084 2877 apud
1147 2818 1375 2878 posteros
1441 2816 1659 2864 relicturi
1724 2822 1853 2867 sunt.
1950 2815 2152 2864 Constat

488 2894 643 2954 enim,
678 2894 832 2957 gloria
875 2894 1151 2959 proposita,
1186 2894 1263 2941 vel
1297 2895 1629 2944 brevissimam
1667 2896 1812 2944 vitam
1849 2900 1898 2944 et
1931 2894 2153 2942 laborum

487 2973 821 3038 plenissimam
871 2973 1248 3039 praeferendam
1294 2989 1407 3023 esse
1442 2976 1778 3039 longissimae3
1825 2989 1985 3038 neque
2033 2988 2152 3021 sane

486 3052 744 3114 neglectus
789 3069 820 3100 a
853 3053 947 3101 diis
981 3059 1087 3115 est,
1132 3054 1235 3111 cui,
1286 3045 1506 3117 quamvis
1540 3055 1728 3117 reliqua
1761 3039 1918 3101 omnia
1951 3052 2149 3100 ademe-

488 3131 602 3191 rint,
634 3131 728 3180 hoc
763 3137 1136 3194 concesserunt,
1182 3138 1239 3181 ut
1285 3134 1466 3184 virtute
1497 3135 1746 3198 rebusque
1779 3133 1934 3198 gestis
1967 3131 2150 3180 nobili-

490 3215 695 3260 taretur.

615 3291 725 3338 Hoc
770 3291 1036 3342 sentientes
1081 3295 1463 3356 reputantesque
1509 3293 1742 3343 mulieres
1777 3289 2048 3347 Troianae,
2100 3294 2152 3339 et

490 3369 702 3417 maxime
745 3370 982 3433 Hecuba,
1033 3372 1168 3421 cuius
1214 3387 1426 3435 persona
1466 3373 1604 3437 quasi
1650 3371 1865 3421 omnium
1916 3385 2150 3434 expressa

487 3446 683 3512 effigies
730 3454 835 3511 est,
883 3452 1038 3517 magis
1083 3450 1338 3515 magisque
1384 3453 1555 3502 animis
1600 3450 1948 3502 confirmantur
1992 3455 2044 3499 et
2094 3463 2150 3499 se
