2124 3860
1054 266 1195 324 318-

287 411 373 460 illa
404 402 758 473 tranquillitate
792 411 1131 462 abhorrerent.
1198 413 1530 479 Schlegelium
1577 421 1739 466 autem
1783 433 1958 468 rursu·

286 493 491 555 Gruppe
523 490 742 540 imitatus
777 492 1063 542 insolentius
1101 494 1248 542 etiam
1285 494 1531 544 maledixit
1563 504 1770 560 poetae,
1810 515 1958 562 quem

284 572 547 634 antiquitas
575 578 682 620 erat
709 579 969 633 venerata3
1004 575 1198 638 iamque
1223 590 1282 623 eo
1307 579 1504 623 ventum
1528 592 1642 624 esse
1663 576 1875 636 videtur,
1903 583 1959 628 ut

282 667 471 713 omnes,
506 652 589 715 qui
625 653 803 715 ubique
839 659 949 702 sunt
984 655 1209 719 insipidi,
1253 655 1577 704 eruditionem
1612 672 1668 704 se
1702 657 1959 708 testificari

252 789 262 797 ,
281 732 485 780 credant
508 733 555 780 in
583 732 836 797 Euripidis
861 734 1051 782 cineres
1078 736 1354 798 mingendo.
1392 734 1624 784 Ceterum
1647 736 1958 800 Schlegelius

279 818 566 874 argumenta
587 812 891 862 Electrarum
916 814 1187 879 Euripidis,
1203 815 1461 880 Sophoclis
1487 816 1824 880 Aeschylique
1846 833 1957 866 nar-

279 892 434 940 rando
482 894 547 940 nil
581 893 712 940 aliud
750 894 990 956 ostendit,
1042 912 1185 959 quam
1223 912 1277 944 se
1324 902 1624 960 properante
1670 896 1813 945 oculo
1849 912 1957 945 car-

277 972 411 1019 mina
446 973 527 1020 illa
562 973 726 1020 semel·
753 974 959 1035 legisse,
1008 980 1063 1023 ut
1097 976 1180 1038 qui
1215 976 1497 1041 gravissima
1532 993 1754 1040 quaeque
1788 993 1956 1026 rerum

277 1059 523 1100 momenta
548 1054 823 1116 neglexerit
837 1053 902 1117 *).
957 1054 1061 1116 Qua
1077 1072 1132 1104 re
1157 1063 1313 1118 gesta,
1341 1057 1563 1115 miratur,
1589 1057 1704 1119 quid
1735 1072 1954 1105 sororem

277 1131 483 1180 Orestes
518 1133 768 1192 ludificet,
817 1141 1076 1198 antequam
1112 1137 1221 1200 quis
1268 1138 1334 1185 sit
1377 1137 1603 1201 aperiat?
1655 1136 1818 1195 Idem,
1866 1152 1956 1185 cur

275 1211 535 1275 Sophoclis
593 1213 799 1261 Orestes
860 1215 1085 1264 dolorem
1145 1217 1305 1266 sorori
1351 1216 1719 1266 acerbissimum
1783 1216 1955 1266 dedita

272 1307 428 1356 opera
461 1298 630 1357 paret,
681 1310 770 1343 cur
804 1296 933 1358 apud
968 1297 1268 1360 Aeschylum
1307 1298 1438 1346 idem
1473 1298 1604 1346 illam
1641 1312 1811 1346 errare
1845 1296 1955 1345 diu-

271 1372 372 1421 tius
406 1373 646 1436 patiatur,
682 1391 776 1423 non
814 1377 1021 1438 quaerit.
1091 1376 1457 1440 Reprehendit,
1504 1378 1636 1440 quod
1672 1376 1833 1425 coloni
1868 1391 1954 1424 rus

271 1453 487 1518 profecti
523 1454 821 1502 mentionem
859 1456 1125 1520 Euripides
1163 1457 1475 1520 postmodum
1510 1458 1691 1506 nullam
1736 1455 1953 1518 iniiciat3

271 1533 404 1597 quod
453 1539 619 1581 autem
665 1534 898 1581 Electrae
947 1536 1316 1597 Aeschylus'in
1367 1538 1467 1581 fine
1527 1536 1760 1582 dramatis
1805 1533 1953 1598 plane

268 1614 454 1661 oblitus
489 1619 581 1669 est,
619 1613 836 1677 negligit.
904 1612 1153 1662 Electram
1191 1612 1322 1677 quod
1360 1628 1566 1678 egenam
1602 1613 1867 1677 Euripides
1893 1629 1951 1662 re

270 1693 518 1755 factisque
554 1694 799 1753 ostendit,
845 1694 1119 1757 vituperat3
1168 1694 1300 1756 quod
1336 1693 1544 1741 eundem
1581 1693 1777 1757 virginis
1810 1693 1951 1741 habi-

266 1778 375 1822 tum
425 1774 705 1837 Aeschylus
765 1780 911 1837 atque
955 1773 1228 1838 Sophocles
1288 1775 1508 1822 vestibus
1553 1775 1659 1821 eius
1703 1772 1951 1836 dictisque

265 1854 572 1918 significant,
625 1870 719 1902 non
770 1855 1032 1919 vituperat.
1113 1854 1476 1919 Benignitatem
1527 1854 1576 1902 in
1622 1853 1864 1915 Aegistho
1900 1856 1953 1901 et

267 1934 615 1982 liberalitatem
651 1934 870 1998 appellat
915 1950 1040 1999 quae
1082 1934 1259 1998 religio
1305 1934 1595 2000 appellanda
1640 1933 1762 1995 fuit,
1817 1930 1950 1997 quod

267 2014 423 2062 sacris
459 2014 662 2063 adhibet
696 2013 922 2079 hospites
958 2015 1145 2075 obvios,
1181 2031 1303 2079 qnos
1335 2015 1401 2062 dii
1426 2015 1520 2077 ipsi
1547 2015 1606 2062 ad
1636 2014 1806 2078 epulas
1833 2027 1949 2061 suas

266 2100 380 2142 sunt
414 2095 665 2143 deducere
701 2096 804 2143 visi.
874 2094 1055 2144 Matris
1090 2112 1117 2143 a
1153 2096 1346 2154 liberis,
1383 2111 1507 2159 quos
1542 2095 1758 2159 peperit,
1792 2093 1948 2141 inter-

266 2173 429 2222 fectae
465 2176 709 2222 neminem
742 2181 882 2238 putat
916 2176 1147 2224 misereri
1182 2176 1391 2222 debere:
1427 2176 1591 2238 itaque
1617 2174 1808 2222 Orestis
1830 2171 1947 2219 Ele-

264 2258 500 2317 ctraeque
535 2255 889 2317 poenitentiam
933 2271 994 2303 ex
1045 2271 1310 2318 corporum
1358 2255 1450 2310 ait,
1514 2269 1609 2300 non
1651 2254 1944 2310 animorum,

263 2349 416 2382 sensu
463 2334 730 2398 proficisci.
811 2334 1011 2383 Oraculi
1071 2333 1298 2398 Delphici
1346 2333 1454 2397 pari
1499 2337 1645 2395 atque
1692 2329 1944 2395 pontificis

264 2412 473 2462 Romani
520 2414 842 2464 admiratione
889 2418 1084 2479 stupet,
1134 2431 1229 2478 qua
1273 2415 1322 2461 in
1358 2429 1411 2461 re
1441 2412 1569 2476 quod
1608 2412 1853 2460 saniorem
1888 2424 1945 2458 se

263 2494 517 2559 praestitit
551 2494 835 2560 Euripides,
871 2511 968 2543 non
1003 2496 1212 2543 multum
1248 2495 1404 2555 abest,
1441 2494 1554 2557 quin
1579 2508 1669 2557 pro
1691 2490 1943 2539 haeretico

263 2574 480 2623 damnet.
547 2574 601 2623 ln
637 2576 838 2625 domum
867 2576 1044 2625 ductus
1075 2575 1341 2634 funestam,
1375 2573 1655 2636 conspectis
1682 2573 1942 2636 parentum

262 2671 292 2702 a
337 2655 504 2703 liberis
547 2657 904 2705 trucidatorum
941 2656 1289 2715 cadaveribus,
1326 2653 1606 2718 conspectis
1643 2651 1835 2712 Furiis,
1867 2650 1940 2697 vi-

265 2735 388 2783 dens
424 2736 625 2785 liberoS.
645 2752 705 2784 ex
734 2738 878 2785 domo
905 2737 1162 2801 patriaque
1195 2751 1285 2798 per
1318 2735 1426 2782 illas
1453 2736 1647 2782 insanos
1671 2731 1804 2797 pelli,
1838 2730 1940 2778 lae-

261 2817 354 2863 tari
391 2833 446 2864 se
480 2817 614 2876 dicit,
652 2825 704 2865 et
737 2818 893 2866 videri
927 2817 1023 2865 sibi
1054 2816 1334 2879 nuptiarum
1365 2815 1742 2864 celebrationem
1769 2812 1818 2860 in
1853 2809 1939 2858 do-

259 2911 370 2944 mus
406 2898 704 2945 vastitudine
747 2898 926 2960 parari.

390 2975 525 3024 Satis
576 2977 662 3024 diu
710 2979 806 3026 iste
855 2976 1102 3026 erroribus
1137 2973 1402 3039 populares
1438 2972 1646 3033 imbuit,
1683 2975 1734 3020 et
1767 2971 1815 3018 in
1849 2982 1936 3016 no-

258 3056 375 3105 stris
437 3056 635 3119 quidem
691 3058 852 3121 poetis
900 3054 1218 3105 aestimandis
1265 3055 1433 3120 sperni
1475 3055 1618 3103 istius
1669 3048 1935 3100 auctoritas

319 3254 371 3308 ἦς)
401 3254 547 3295 Unum
599 3255 913 3296 documentum
958 3268 1039 3309 pro
1082 3251 1283 3307 plurimis
1321 3251 1566 3307 proferam.
1632 3249 1699 3290 De
1731 3241 1936 3300 Aegisthi

404 3326 541 3367 caede
562 3324 674 3367 ihter
692 3338 820 3366 sacra
842 3328 1096 3379 perpetrata
1118 3324 1284 3365 haecce
1304 3323 1463 3364 refertt
1496 3317 1739 3376 „Sogleich
1764 3316 1934 3356 kommt

402 3396 474 3438 ein
495 3397 631 3450 Bote,
674 3396 873 3437 welcher
903 3396 986 3436 den
1008 3394 1270 3450 Untergang
1292 3395 1368 3435 des
1387 3391 1571 3448 Aegisth
1601 3383 1934 3439 weitlfiufig

405 3467 510 3509 mit
550 3465 914 3509 mancherlei
951 3465 1162 3508 Scherz
1203 3462 1467 3506 berichtet.’'
