2124 3860
1037 258 1160 338 '3⁰0

276 434 354 480 tes
389 427 633 476 oblectant
665 425 916 489 dispares,
953 431 1010 474 ut
1043 427 1106 474 sit
1139 425 1342 475 difficile
1374 426 1604 478 iudicium
1635 428 1920 479 excellenti·

272 507 482 558 maxime
528 506 790 554 suavitatis.
857 506 920 554 At
951 506 1044 553 hoc
1076 506 1234 566 idem,
1271 505 1398 568 quod
1434 512 1510 554 est
1540 508 1589 555 in
1623 509 1806 556 naturis
1839 525 1921 558 re—

274 603 411 646 rum,
458 585 715 633 transferri
763 591 929 649 potest
963 586 1111 633 etiam
1146 587 1206 633 ad
1242 592 1386 633 artes.
1455 586 1562 634 Una
1595 586 1807 650 fingendi
1843 593 1921 636 est

274 680 384 725 ars,
418 665 466 713 in
501 681 595 727 qua
628 670 934 727 praestantes
970 664 1166 713 fuerunt
1201 665 1377 728 Myro,
1411 664 1710 728 Polycletus,
1741 665 1920 731 Lysip-

271 759 382 810 pus,
414 744 494 808 qui
530 759 696 791 omnes
733 745 858 791 inter
891 760 945 790 se
980 745 1239 791 dissimiles
1274 745 1490 803 suerunt,
1526 745 1611 792 sed
1646 744 1712 792 ita
1742 751 1919 804 tamen,

274 828 330 871 ut
365 823 600 871 neminem
640 824 711 869 sui
746 823 863 870 velis
900 839 1009 871 esse
1045 824 1343 874 dissimilem.
1412 825 1517 872 Una
1553 830 1632 872 est
1665 839 1742 871 ars
1775 823 1921 871 ratio-

273 919 369 967 que
397 902 631 966 picturae,
668 903 1074 966 dissimillimique
1095 912 1253 951 tamen
1280 905 1406 951 inter
1429 919 1484 951 se
1515 903 1711 961 Zeuxis,
1745 903 1922 966 Aglao-

271 982 431 1046 phon,
480 982 703 1044 Ape-lleS,
739 971 897 1044 neque
933 999 1095 1030 eorum
1135 985 1388 1046 qnisquam
1426 991 1517 1041 est,
1553 983 1627 1030 cui
1658 982 1922 1045 quidquam

271 1061 319 1108 in
355 1065 460 1107 arte
495 1076 577 1106 sua
613 1060 789 1107 deesse
824 1062 1054 1110 videatur.
1123 1062 1203 1121 Et,
1249 1064 1287 1109 si
1323 1063 1417 1109 hoc
1450 1063 1496 1110 in
1532 1063 1610 1109 his
1645 1062 1782 1124 quasi
1815 1078 1922 1110 mu-

271 1139 335 1188 tis
369 1138 554 1187 artibus
591 1146 663 1187 est
697 1140 992 1196 mirandum,
1040 1149 1219 1204 quanto
1257 1142 1587 1189 admirabilius
1622 1142 1669 1188 in
1705 1142 1923 1190 oratione

268 1223 417 1283 atque
450 1219 498 1266 in
533 1219 725 1280 lingua?
759 1235 882 1281 quae
916 1237 1060 1283 quum
1098 1223 1145 1269 in
1180 1223 1353 1269 iisdem
1383 1220 1634 1269 sententiis
1664 1221 1924 1283 verbisque

269 1305 519 1358 versetur,
568 1314 780 1346 summas
817 1299 962 1347 habet
998 1300 1448 1358 dissimilitudines,
1482 1317 1578 1348 non
1613 1301 1710 1358 sic,
1753 1306 1809 1350 ut
1841 1301 1922 1349 alii

267 1378 571 1440 vituperandi
606 1379 732 1433 sint,
780 1379 865 1425 sed
902 1386 953 1426 ut
989 1382 1051 1441 ii,
1103 1395 1222 1442 quos
1259 1386 1448 1428 constet
1494 1396 1605 1427 esse
1638 1380 1919 1439 laudandos,

267 1456 317 1505 in
360 1458 538 1520 dispari
585 1463 745 1506 tamen
788 1475 967 1520 genere
1014 1460 1294 1507 laudentur!
1351 1460 1509 1522 Atque
1543 1461 1591 1507 id
1627 1460 1834 1522 primum
1871 1459 1919 1507 in

268 1536 429 1600 poetis
477 1537 609 1584 cerui
647 1536 786 1596 licet,
835 1539 1007 1600 quibus
1042 1546 1117 1586 est
1150 1540 1370 1603 proxima
1404 1540 1627 1598 cognatio
1663 1554 1772 1585 cum
1809 1554 1918 1586 ora-

267 1614 484 1672 toribus,
517 1632 660 1679 quam
694 1617 793 1665 sint
826 1618 951 1666 inter
984 1634 1093 1665 sese
1130 1618 1345 1675 Ennius,
1383 1618 1622 1666 Pacuvius
1657 1619 1919 1681 Attiusque

267 1694 547 1756 dissimiles,
582 1712 722 1758 quam
760 1698 886 1760 apud
923 1697 1141 1745 Graecos
1177 1697 1465 1759 Aeschylus,
1501 1697 1788 1761 Sophocles,
1817 1698 1917 1746 Eu-

265 1774 483 1837 ripideS,
545 1792 895 1838 quanquam
944 1778 1232 1824 omnibus
1278 1793 1394 1839 par
1439 1792 1642 1840 paene
1674 1777 1814 1826 laus
1856 1776 1916 1825 in

266 1854 575 1916 dissimili
620 1872 851 1918 genere
897 1856 1226 1904 scribendi
1275 1852 1644 1904 tribuatur.''

397 1933 609 1982 Naturae
657 1935 806 1998 ipsius
859 1936 964 2000 lege
1011 1935 1104 1983 hoc
1149 1937 1507 1999 praescriptum
1555 1950 1666 1982 esse
1709 1933 1916 1996 videtur,

264 2017 319 2063 ut
353 2018 598 2062 ternorum
634 2014 741 2062 fere
777 2015 1051 2079 principum
1087 2016 1376 2063 contentioni
1415 2014 1710 2080 singularum
1744 2016 1917 2063 artium

263 2094 422 2159 spatia
467 2093 754 2141 sufficerent
802 2102 951 2158 utque
996 2095 1206 2142 emensis
1241 2095 1433 2157 spatiis,
1466 2111 1588 2158 quae
1631 2095 1730 2142 fata
1764 2093 1917 2143 desti-

262 2179 463 2234 narunt,
499 2173 699 2219 eaedem
737 2189 762 2219 a
794 2174 994 2222 summis
1030 2174 1351 2237 perfectionis
1387 2174 1592 2236 fastigiis
1627 2188 1793 2221 rursus
1829 2188 1916 2220 re-

260 2252 479 2301 labentes
527 2251 895 2315 degenerarent.
977 2252 1255 2300 Proximum
1302 2258 1464 2299 tamen
1510 2253 1604 2298 illis
1652 2251 1914 2299 triumviris

261 2331 461 2396 tragicis
495 2330 654 2377 locum
691 2331 932 2394 Agathou,
970 2332 1019 2379 id
1054 2332 1182 2393 quod
1218 2332 1431 2377 omnium
1468 2336 1659 2379 constat
1691 2332 1912 2378 testimo-

261 2411 386 2472 niis,
434 2412 700 2474 occupavit.
769 2409 965 2459 Etenim
1010 2411 1118 2475 ipse
1160 2410 1542 2473 AristophaneS,
1591 2426 1738 2473 quum
1773 2416 1914 2458 antea

261 2507 404 2550 eum,
454 2496 508 2538 ut
554 2489 840 2538 familiarem
888 2490 1133 2553 Euripidis
1180 2489 1444 2551 intimaque
1488 2505 1598 2536 cum
1645 2504 1703 2537 eo
1748 2490 1913 2537 amici-

259 2572 328 2620 tia
370 2570 618 2627 iunctum,
667 2569 957 2618 contumelia
1006 2569 1282 2628 affecisset,
1327 2570 1375 2616 in
1411 2567 1559 2616 Ranis
1597 2566 1663 2633 (v.
1697 2568 1804 2632 84.)
1836 2569 1910 2617 di-

259 2651 330 2700 xit
365 2665 478 2698 esse

388 2726 598 2793 ἀγαθὸν
629 2727 854 2795 ποιητὴν
887 2727 975 2779 καὶ
1005 2728 1260 2779 ποθεινὸν
1290 2731 1400 2788 τοῖς
1433 2727 1620 2794 φίλοις.

257 2809 515 2859 Amicitiae
547 2815 707 2858 autem
744 2810 994 2874 Euripidis
1037 2810 1175 2874 plura
1209 2816 1401 2857 exstant
1434 2808 1728 2857 testimonia:
1774 2807 1910 2871 quid,

259 2888 388 2952 quod
434 2890 584 2936 etiam
634 2891 855 2952 corporis
902 2896 1061 2938 tactus
1106 2889 1435 2953 pulcritudine
1481 2889 1714 2953 flagrasse
1746 2901 1911 2935 amore

256 2968 440 3016 iuvenis
489 2975 540 3016 et
587 2968 799 3016 fabulam
854 2969 1117 3033 Chrysippi
1164 2984 1458 3031 componens
1509 2983 1647 3016 snum
1682 2965 1906 3013 affectum

256 3047 305 3094 in
354 3045 524 3093 Laium
585 3048 892 3096 transtulisse
953 3048 1251 3113 putabatur?
1314 3063 1519 3111 quorum
1578 3046 1674 3093 hoc
1730 3043 1904 3092 falsum

264 3141 403 3185 esse,
450 3135 716 3189 praeeunte
763 3127 1048 3184 Welckero,
1103 3126 1350 3174 affirmare
1399 3142 1492 3173 non
1527 3122 1741 3173 dubitavi
1769 3120 1833 3172 T.
1867 3121 1903 3170 Ι.

259 3223 308 3270 p.
334 3207 441 3256 135.
494 3204 668 3267 Neque
702 3206 829 3254 idem
866 3223 955 3270 pro
981 3213 1115 3253 certo
1152 3206 1318 3252 retulit
1342 3205 1571 3252 Aelianus
1599 3202 1656 3260 ll,
1681 3203 1779 3257 21„
1813 3200 1903 3248 sed

258 3284 390 3333 fama
433 3283 726 3345 divulgatum
767 3301 878 3333 esse
913 3290 1118 3333 testatus
1154 3292 1244 3332 est.
1315 3284 1550 3332 Eiusdem
1585 3279 1774 3344 generis
1811 3284 1904 3336 est,

260 3363 388 3426 quod
438 3362 614 3411 dicitur
657 3363 947 3429 Euripides,
996 3379 1141 3427 quum
1190 3378 1286 3410 una
1336 3379 1445 3410 cum
1480 3361 1731 3424 Agathone
1776 3359 1904 3422 apud

261 3441 574 3504 Archelaum,
608 3458 775 3510 regem
807 3444 1147 3502 Macedonum,
1183 3448 1487 3503 versaretur,
1522 3439 1752 3490 amasium
1786 3452 1903 3501 qua·
