2170 3866
1119 283 1240 340 396

348 433 464 499 quid
499 429 764 481 carminum
801 429 1035 490 condidit,
1072 431 1161 479 sed
1196 428 1411 478 actiones
1433 443 1627 494 quoque
1649 429 1864 479 imitatus
1894 429 2012 495 est),

343 515 413 563 ita
447 513 593 562 etiam
621 510 906 559 comoediae
929 509 1111 558 formas
1140 511 1324 575 primus
1346 510 1648 570 monstravit,
1679 510 1794 559 non
1829 510 1886 559 in
1916 510 2010 558 vi-

346 593 465 641 tiis
499 590 838 649 notandis,
877 590 992 637 sed
1028 590 1084 638 in
1111 590 1245 636 risu
1272 589 1574 636 movendo
1601 588 2010 638 dramaoccu—

343 677 558 736 patum
588 687 616 718 e
634 685 738 717 sse
764 686 792 716 v
811 684 839 715 o
860 669 1011 719 lens,
1059 669 1255 717 Etenim
1282 668 1520 731 Margites
1546 669 1783 716 rationem
1806 661 2010 718 eandem

343 750 404 797 ad
434 749 712 798 comoedias
747 748 912 807 habet,
948 764 1087 812 quam
1125 748 1237 795 Ilias
1272 753 1324 795 et
1359 747 1585 809 Odyssea
1620 748 1679 795 ad
1714 748 2006 812 tragoedias.

340 828 611 894 Postquam
647 835 811 877 autem
848 829 1097 892 tragoedia
1131 835 1184 876 et
1218 828 1470 875 comoedia
1504 827 1701 885 exstitit,
1744 833 1893 892 prout
1926 843 2010 875 cu-

340 909 514 972 iusque
550 914 802 972 poetarum
830 909 1070 971 ingenium
1102 915 1203 956 erat
1231 911 1313 954 aut
1340 922 1485 969 grave
1514 912 1566 954 et
1590 906 1898 969 magnificum
1927 913 2011 955 aut

339 989 448 1037 leve
471 989 811 1052 petulansque,
837 988 905 1034 ita
932 988 991 1034 ad
1019 994 1276 1049 utramque
1294 986 1595 1044 serebantur,
1622 986 1760 1034 alteri
1779 1001 1868 1050 pro
1886 986 2010 1034 iam-

339 1067 417 1117 liis
452 1068 748 1125 comoedias,
785 1061 923 1115 a'lteri
945 1082 1031 1131 pro
1056 1067 1211 1130 epicis
1236 1066 1529 1113 carminibus
1556 1066 1848 1131 tragoedias,
1885 1082 2007 1130 quo-

336 1147 466 1197 niam
491 1147 934 1211 magnificentiores
962 1153 1009 1194 et
1037 1146 1375 1194 honoratiores
1412 1144 1506 1192 hae
1539 1160 1683 1207 quam
1722 1145 1840 1193 illae
1871 1150 2010 1198 erant

337 1226 543 1286 formae,
578 1226 860 1276 docenteS.’'
920 1226 1070 1274 Utilia
1105 1242 1162 1273 ac
1195 1225 1422 1272 salutaria
1459 1225 1565 1288 ipsa
1599 1228 1829 1273 neutrum
1852 1239 2007 1288 genus

338 1306 607 1355 carminum
634 1312 887 1370 praestare
915 1312 1111 1368 potest;
1146 1306 1266 1353 satis
1289 1303 1490 1368 prodest
1516 1310 1778 1367 utrumque
1801 1304 2006 1353 faculta-

336 1390 437 1434 tem
480 1387 803 1450 parandorum
840 1385 1029 1432 utilium
1065 1385 1235 1431 animis
1270 1383 1620 1446 ingenerando:
1654 1384 1701 1430 id
1738 1384 1867 1447 quod
1902 1399 2006 1438 rno-⁴

334 1465 503 1513 vendis
538 1465 938 1527 delectandisque
962 1463 1129 1511 animis
1163 1463 1394 1511 efficitur.
1463 1462 1847 1511 Admirationem
1871 1463 2003 1511 enim

333 1548 441 1592 tum
471 1543 782 1591 consiliorum
810 1543 1087 1592 sublimium
1106 1546 1207 1589 tum
1227 1558 1506 1604 magnarum
1525 1542 1756 1590 virtutum
1784 1543 2002 1591 excitans

334 1623 574 1687 epopoeia
609 1622 668 1670 ad
706 1623 864 1670 simile
901 1622 1171 1670 honestatis
1205 1622 1419 1670 studium
1457 1637 1626 1669 omnes
1659 1621 1854 1681 incitat;
1899 1628 2001 1670 tra-

331 1702 509 1765 goedia
543 1707 734 1762 autem,
770 1718 916 1766 quum
952 1718 1046 1749 non
1083 1702 1354 1762 minorem,
1391 1717 1532 1763 quam
1569 1701 1677 1761 ina,
1727 1702 1997 1750 animorum

333 1781 645 1830 altitudinem
679 1781 948 1844 viriumque
982 1781 1360 1845 magnitudinem
1387 1786 1499 1828 ante
1525 1780 1693 1828 oculos
1722 1788 1871 1845 ponat
1889 1797 2001 1829 cum

332 1860 538 1910 adversa
586 1861 781 1909 fortuna
817 1863 1200 1921 conflictantem,
1235 1877 1330 1909 non
1365 1861 1623 1924 restinguit
1656 1861 1880 1910 ardorem
1914 1876 2000 1909 ne-

332 1955 428 2003 que
476 1938 699 2005 infringit
743 1942 931 1989 animos
978 1942 1281 1990 ostendendo
1330 1941 1459 1988 vires
1503 1940 1782 1989 mortalium
1825 1945 2000 2006 poten-

331 2019 397 2067 tia
448 2019 653 2068 deorum
698 2020 959 2069 inferiores
995 2037 1133 2083 esse,
1180 2022 1267 2069 sed
1314 2022 1509 2069 damnat
1541 2020 1777 2068 ferociam
1811 2025 1863 2068 et
1897 2035 1998 2069 mo-

334 2098 493 2147 destia
528 2100 621 2147 vim
668 2102 1034 2163 temperandam
1072 2117 1182 2148 esse
1216 2108 1393 2148 monet.
1462 2100 1588 2147 Huic
1625 2093 1789 2148 autem
1825 2100 1999 2149 carmi-

327 2191 444 2225 num
488 2179 657 2241 geueri
701 2181 945 2227 contraria
991 2181 1246 2228 comoedia
1288 2180 1347 2227 ab
1384 2180 1688 2242 aegritudine
1720 2184 1996 2244 prostratos

328 2255 640 2318 afflictosque
674 2257 735 2304 ad
783 2257 1075 2306 hilaritatem
1121 2264 1322 2307 revocat
1368 2259 1671 2305 ostendendo
1720 2274 1815 2306 non
1861 2275 1993 2306 ama-

327 2351 425 2397 ras,
461 2336 549 2383 sed
582 2335 815 2383 ridiculas
850 2353 962 2384 esse
995 2337 1244 2384 hominum
1278 2337 1463 2398 magnis
1491 2337 1738 2384 conatibus
1765 2337 1994 2386 exciden-

328 2415 450 2464 tium
486 2416 648 2462 ruinas
693 2419 746 2462 et
792 2415 944 2464 licere
979 2418 1126 2464 etiam
1163 2417 1319 2464 missis
1355 2416 1647 2463 sublimibus
1683 2433 1741 2465 ac
1774 2432 1866 2481 per
1897 2418 1990 2466 hu-

326 2511 458 2544 mum
495 2496 779 2558 repentibus
813 2495 1074 2544 iucundam
1111 2495 1292 2560 degere
1325 2502 1553 2546 aetatem.

457 2573 631 2622 Risum
668 2575 816 2638 igitur
851 2576 1105 2624 comoedia
1156 2576 1257 2623 vult
1302 2575 1547 2623 concitare
1595 2591 1656 2623 ex
1703 2575 1880 2624 iisdem
1915 2593 1992 2626 re-

325 2657 444 2717 bus,
493 2669 553 2702 ex
601 2654 777 2716 quibus
815 2663 998 2703 metum
1043 2672 1100 2704 ac
1132 2655 1493 2703 miserationem
1530 2661 1691 2703 movet
1724 2657 1992 2718 tragoedia.

325 2733 499 2797 Neque
549 2734 676 2781 enim
729 2734 851 2782 viles
897 2751 978 2783 res
1023 2737 1188 2799 ipsae,
1235 2735 1322 2781 sed
1376 2750 1485 2782 cum
1530 2736 1754 2797 gravibus
1800 2741 1990 2786 temere

324 2813 506 2862 mixtae
539 2813 771 2861 ridiculae
806 2819 934 2873 sunt,
969 2830 1127 2877 neque
1161 2829 1221 2862 ex
1255 2814 1502 2876 aequitate
1528 2815 1674 2862 animi
1709 2821 1793 2863 aut
1821 2831 1990 2864 socor-

323 2893 419 2950 dia,
455 2893 543 2940 sed
578 2907 638 2939 ex
676 2894 869 2941 tristitia
904 2895 1123 2942 hilaritas
1155 2894 1381 2956 erumpit.
1444 2893 1699 2955 Facillime
1731 2894 1881 2957 igitur
1909 2910 1988 2944 co-

323 2971 517 3020 moedia
549 2970 630 3032 id,
682 2974 809 3035 quod
858 2974 903 3020 ei
951 2974 1253 3038 propositum
1290 2979 1395 3033 est,
1442 2974 1757 3035 consequitur
1786 2975 1989 3036 grandia

322 3050 599 3113 tragoediae
645 3052 772 3099 mala
817 3052 1028 3100 ludendo
1073 3046 1155 3117 (τὰ
1198 3052 1394 3115 μεγάλα
1425 3052 1571 3116 πάθη
1618 3049 1986 3114 ’ὑποπαίζουσα

322 3130 415 3196 τῆς
448 3128 770 3195 τραγῳδίας,
822 3132 971 3179 schol.
1008 3132 1259 3194 Aristoph.
1297 3133 1503 3180 Acharn.
1538 3149 1580 3179 v.
1621 3134 1786 3195 332.)‚
1835 3133 1883 3181 in
1916 3133 1983 3181 ri-

323 3225 429 3259 sum
465 3225 651 3269 severa,
684 3211 734 3259 in
769 3210 1117 3274 turpitudinem
1154 3211 1385 3270 honesta,
1421 3213 1470 3259 in
1504 3212 1659 3258 iocum
1696 3212 1858 3274 gravia
1893 3213 1982 3261 de·

321 3290 564 3338 flectendo
605 3294 656 3337 et
700 3290 932 3338 imitando
977 3305 1267 3355 generosum
1314 3292 1480 3349 illum,
1515 3291 1619 3352 qui,
1666 3290 1856 3338 furatus
1891 3307 1984 3340 ve-

320 3374 445 3418 stem
482 3375 534 3418 et
564 3369 771 3434 insignia
804 3370 933 3432 regis
979 3370 1136 3432 iisque
1180 3376 1406 3429 ornat.uS.,
1452 3370 1501 3416 in
1548 3369 1835 3430 sterquilino
1867 3385 1984 3419 con-

320 3450 489 3510 quexit
524 3453 577 3498 et
609 3449 807 3498 cacavit.
874 3449 1017 3497 Hanc
1058 3448 1238 3497 veteris
1273 3449 1557 3497 comoediae
1589 3454 1808 3496 naturam
1842 3449 1986 3512 quasi

322 3528 550 3592 exemplo
583 3528 793 3594 quodam
827 3527 1078 3577 declarant-
1108 3543 1182 3588 ea,
1217 3542 1342 3590 quae
1376 3527 1439 3576 de
1469 3514 1713 3576 Baubonis
1745 3527 1984 3578 Cererem

1379 3672 1398 3693 ²}
