2170 3866
1142 282 1267 343 576

486 426 517 478 ὁ
549 426 731 478 νοσῶν
765 424 824 479 δὲ
855 428 1095 493 μανικῶς
1118 425 1470 497 Ἀλκμέων’
1503 427 1796 495 ἐσκέψατο·

481 505 769 576 ὀφθαλμιᾷ
795 525 902 572 τιςς
937 508 1036 561 εἰσὶ
1073 512 1321 564 Φινεῖδαι
1352 512 1568 579 τυφλοί.

483 586 707 656 τέθνηκέ
740 607 814 658 τῳ
849 594 1003 654 παΐς;
1037 591 1074 659 ἦ
1110 593 1293 661 Νιόβη
1329 594 1629 661 κεκούφικε.

479 670 656 736 χωλός
687 669 765 732 τίς
800 668 935 734 ἐστις
975 671 1072 724 τὸν
1108 675 1541 743 Φιλοκτήτην
1575 675 1695 743 ὁρᾷ.

485 747 663 816 γέρων
695 770 774 813 τις
805 753 1009 820 ἀτυχεῖ,-
1046 753 1347 820 κατέμαθεν
1379 757 1497 807 τὸν
1531 755 1760 810 Οἰνέα.

481 830 695 883 ἅπαντα
729 830 831 899 γὰρ
866 833 931 886 τὰ
965 835 1161 900 μείζον’
1197 835 1230 903 ἢ
1265 837 1503 889 πέπονθέ
1537 855 1618 899 τις

482 911 774 980 ἀτυχήματ’
810 917 987 976 ἄλλοις
1020 918 1261 983 γεγονότ’
1298 916 1670 984 ἐννοούμενος,

486 992 581 1054 τὰς
616 994 777 1056 αὐτὸς
811 995 982 1048 αὐτοῦ
1018 997 1303 1065 συμφορὰς
1336 998 1472 1066 ῥᾷον
1507 998 1673 1067 φέρει.

347 1075 628 1126 Menander
676 1079 846 1142 quanti
889 1080 1069 1128 fecerit
1117 1081 1411 1145 Euripidem
1471 1087 1810 1146 quantumque
1853 1077 1903 1128 ei
1948 1076 2047 1127 de-

350 1157 532 1215 buerit,
581 1158 942 1220 Quinctilianus
978 1162 1197 1209 ostendit
1231 1161 1296 1220 X,
1333 1164 1391 1211 1:
1451 1163 1638 1224 „Hunc
1686 1166 1739 1210 et
1775 1157 2047 1208 admiratus

345 1238 560 1287 maxime
595 1244 703 1299 est,
749 1243 805 1288 ut
841 1255 994 1304 saepe
1027 1247 1269 1301 testatur,
1305 1246 1357 1291 et
1389 1249 1647 1306 sequutus,
1684 1254 1962 1305 quanquam
1995 1238 2047 1288 in

344 1333 500 1383 opere
536 1318 759 1378 diverso,
808 1318 1143 1372 Menander.''
1209 1322 1632 1386 Frequentissima
1668 1322 1775 1370 eius
1809 1318 2056 1385 imitatio-D

344 1399 418 1445 nis
452 1398 662 1462 vestigia
708 1398 759 1447 in
794 1399 1017 1462 reliquiis
1055 1401 1440 1461 comoediarum,
1476 1417 1600 1464 quas
1620 1400 1855 1448 Meineke
1888 1398 2045 1448 colle-

343 1478 417 1541 git
452 1478 848 1542 composuitque,
884 1480 1347 1544 deprehenduntur,
1381 1481 1518 1530 velut
1552 1496 1613 1529 ex
1630 1479 1876 1543 Telepho,
1910 1477 2044 1542 Hip-

343 1557 535 1621 polyto,
572 1558 842 1628 Iphigenia,
876 1559 1105 1619 Hecuba,
1141 1560 1369 1625 Polyido,
1396 1558 1762 1618 Andromacha,
1786 1556 2044 1607 Alcestide

344 1644 395 1688 et
420 1639 597 1688 incert.
636 1643 765 1704 trag.
801 1641 1048 1704 depromti
1085 1657 1259 1690 versus
1296 1658 1346 1706 p.
1373 1642 1452 1690 15.
1471 1642 1649 1689 ⁷1:18.
1671 1640 1754 1690 93.
1783 1639 1899 1688 109.
1925 1637 2040 1687 121.

342 1721 456 1768 125.
484 1719 599 1768 130.
631 1721 746 1772 140.
773 1722 886 1772 185.
911 1722 1024 1770 224.
1047 1723 1163 1770 243.
1201 1725 1486 1770 occurrunt.
1555 1718 1700 1770 Adde
1724 1733 1901 1767 versus
1935 1729 2044 1778 eos,

341 1799 406 1849 de
440 1800 636 1864 quibuS‚
670 1807 836 1850 utrum
874 1801 1093 1865 integros
1130 1801 1408 1851 Menander
1456 1801 1506 1850 in
1555 1816 1701 1849 suum
1741 1812 1887 1848 usum
1923 1809 2043 1845 con·
2086 1857 2090 1861 ,

340 1881 577 1943 verterit,
628 1897 690 1930 an
741 1882 1017 1931 erraverint
1062 1882 1147 1946 qui
1195 1883 1377 1946 partim
1421 1881 1541 1930 huic
1584 1878 1766 1946 partim
1810 1873 2043 1941 Euripidi

338 1961 593 2022 tribuunt,
630 1962 905 2024 dubitatur,
951 1979 997 2026 p.
1024 1966 1104 2012 30.
1145 1966 1226 2012 75.
1258 1965 1338 2012 82.
1378 1962 1473 2011 inc.
1497 1961 1676 2026 fragm.
1706 1973 1756 2010 n.
1779 1959 1893 2007 112.
1924 1956 2040 2005 142.

342 2043 454 2090 171.
483 2043 598 2090 174.
622 2044 739 2091 271.
786 2059 899 2091 cum
948 2044 1306 2092 sententiarum
1352 2058 1416 2091 ex
1465 2034 1719 2090 codicibus
1765 2036 2042 2101 descripta-

338 2137 450 2170 rum
484 2127 627 2186 parte
669 2139 872 2187 magna3
921 2124 985 2172 cf.
1014 2123 1251 2173 Meineke
1289 2141 1338 2189 p.
1371 2118 1602 2172 XXXIV.
1669 2119 1850 2168 Fuisse
1881 2115 2042 2166 homi-

338 2217 451 2251 nem
486 2203 731 2266 quendam
770 2203 1156 2266 perlitteratum,
1191 2205 1274 2268 qui
1301 2202 1597 2267 Euripidem
1634 2205 1685 2248 et
1709 2195 2041 2247 Menandrum

339 2282 471 2331 inter
505 2298 560 2330 se
595 2282 901 2331 disserentes
932 2283 1159 2343 fecisset,
1195 2283 1376 2333 Cicero
1401 2281 1701 2346 ap.Hieron.
1718 2294 1800 2342 ep.
1816 2279 1899 2327 52.
1922 2277 2035 2324 ωδ.

338 2362 611 2412 memoriae
646 2362 883 2426 prodidit.

470 2440 777 2490 Philemonis
823 2440 1127 2506 divulgatum
1163 2445 1243 2490 est
1289 2439 1614 2507 epigramma,
1659 2451 1757 2501 quo
1803 2449 1861 2484 se
1894 2431 2037 2493 dixit,

338 2523 384 2571 si
418 2526 612 2571 certum
648 2525 786 2570 esset
835 2537 1034 2570 sensnm
1069 2522 1237 2570 inesse
1270 2519 1495 2581 mortuis,
1546 2519 1696 2568 vitam
1728 2515 1913 2580 laqueo
1947 2512 2037 2564 ab·

337 2607 601 2667 rupturum
636 2617 767 2664 esse,
802 2606 855 2650 ut
891 2601 1186 2667 Euripidem
1219 2601 1443 2650 videret:
1961 2618 1964 2622 ’

473 2680 519 2731 εἰ
552 2683 666 2742 ταῖς
701 2680 1034 2746 ἄληθείαισιν
1069 2681 1123 2733 οἷ
1151 2678 1470 2746 τεθνηκότες

471 2762 727 2826 αἴσθησιν
761 2757 907 2830 εἶχον
940 2762 1151 2828 ἄνδρες,
1187 2760 1259 2822 ὥς
1293 2758 1461 2828 φασίν
1494 2773 1651 2834 τινες,

470 2842 790 2911 ἀπηγξάμην
824 2844 908 2910 ἂν,
944 2843 1062 2906 ὥςτ’
1099 2843 1233 2896 ἰδεῖν
1263 2838 1589 2907 Εὐριπίδην.

336 2925 405 2974 Et
439 2927 734 2990 perstrinxit
755 2928 1087 2992 Hippolytum
1120 2942 1170 2991 p.
1190 2927 1302 2974 37⁷.
1323 2929 1376 2973 et
1396 2925 1532 2984 403„
1565 2918 1804 2970 Medeam
1826 2932 1880 2983 p.
1895 2916 2034 2975 383„

338 3006 572 3055 Orestem
607 3023 659 3070 p.
695 3009 812 3056 410.

470 3084 660 3148 Diphili
685 3088 1172 3138 commemorandum
1196 3088 1276 3135 est
1298 3084 1506 3145 dictum,
1530 3079 1664 3146 quod
1690 3075 1823 3144 apud
1849 3075 2032 3128 Athen.

335 3164 397 3218 X.
430 3182 479 3230 p.
505 3167 623 3213 422.
651 3167 706 3215 Β.
743 3174 933 3217 exstat:

464 3237 525 3294 εὗ
557 3246 608 3310 γ’
643 3244 674 3297 ὁ
707 3247 1042 3314 καταχρυσος
1073 3239 1187 3296 ειπε
1219 3239 1370 3294 πόλλ’
1406 3235 1719 3305 Εὐριπίδης.

333 3323 618 3388 Telephum
651 3328 836 3377 ibidem
870 3327 1164 3395 perstringit
1195 3325 1259 3375 ad
1293 3323 1568 3390 parasitum
1599 3319 1732 3369 illius
1765 3310 1953 3365 verba
1936 3326 2032 3361 lm-

334 3410 521 3455 mutata
556 3407 900 3459 transferens.

464 3501 591 3536 νικα
625 3485 684 3539 δὲ
714 3487 866 3555 χρεία
898 3491 953 3555 μ’
988 3486 1026 3556 ἦ
1057 3482 1391 3550 ταλαίπωρός
1422 3478 1478 3534 τέ
1509 3495 1619 3546 μου

463 3567 669 3635 γαστήρ
700 3572 809 3623 κτλ.
