2170 3848
934 269 1054 324 119

161 418 282 466 tium
329 416 608 481 posteritati
648 414 972 463 tradiderunt.
1042 414 1251 465 Vincere
1298 414 1468 460 hostes
1504 418 1557 460 et
1587 413 1829 462 victorum

158 498 265 546 iure
293 496 561 546 crudeliter
596 495 667 544 uti
701 510 862 557 neque
895 494 1049 543 ullum
1085 492 1303 548 t'acinuS,
1356 492 1488 554 quod
1523 491 1670 540 modo
1705 492 1827 557 ipsis

156 575 283 635 utile,
337 582 502 632 esset,
548 576 752 623 horrere
796 574 942 622 unice
988 574 1207 621 sciebant
1222 570 1289 634 *).
1367 568 1508 618 Haec
1553 571 1826 634 respiciens

157 656 341 705 chorus
395 660 649 718 praestare
683 655 829 703 docet
860 651 1114 700 victoriam
1150 665 1246 699 non
1281 650 1569 698 invidiosam
1601 651 1826 715 adipisci,

157 752 302 800 quam
336 735 512 801 opibus
549 751 606 782 ac
639 733 859 798 potentia
893 731 953 779 ad
990 730 1370 779 subvertendam
1403 730 1638 778 iustitiam
1672 730 1826 779 abuti.

155 815 422 864 Praeterea
455 820 507 862 et
541 812 911 861 Andromachae
943 811 1242 873 gratulatur,
1277 811 1407 874 quod
1441 815 1645 873 propter
1676 825 1823 872 geue-

155 897 224 944 ris
259 881 559 944 nobilitatem
592 891 897 956 gloriamque
931 891 1163 939 Hectoris
1208 906 1268 938 ex
1315 890 1600 938 discrimine
1634 894 1825 938 servata

156 976 238 1033 sit,
274 980 326 1021 et
358 971 495 1020 Pelei
528 971 762 1019 virtutem
795 971 1076 1034 praedicat,
1122 986 1267 1034 quam
1301 970 1548 1034 quondam
1583 986 1693 1018 cum
1727 968 1823 1017 La-

152 1052 308 1117 pithis
360 1050 718 1114 Centaurisque
761 1066 1008 1114 pugnans,
1073 1067 1183 1098 cum
1230 1050 1526 1115 Argonautis
1574 1051 1822 1115 navigans,

150 1147 263 1180 cum
298 1129 517 1178 Hercule
551 1129 693 1177 Ilium
731 1135 959 1178 evertens
995 1130 1308 1194 praestiterit.
1364 1130 1476 1180 Hoc
1501 1146 1695 1195 quoque
1717 1144 1822 1177 car-

150 1226 263 1259 men
299 1210 525 1258 omnibus
560 1210 775 1258 numeris
811 1210 1090 1273 absolutum
1125 1214 1215 1258 est.

273 1289 317 1337 F
321 1289 448 1338 inem
484 1290 580 1336 iam
612 1290 822 1338 haberet
854 1291 1142 1355 tragoedia,
1194 1291 1236 1337 si
1271 1289 1646 1338 Andromachae
1682 1287 1821 1336 dum-

150 1374 284 1418 taxat
318 1384 426 1418 sors
461 1369 768 1417 decernenda
802 1369 1000 1419 suisset.
1067 1369 1255 1420 Verum
1308 1371 1386 1418 vix
1429 1371 1604 1418 credas
1651 1384 1821 1431 quem-

79 1467 84 1469 ·
147 1465 319 1513 quam,
367 1449 452 1512 qui
486 1464 582 1497 non
615 1449 813 1498 titulum
849 1450 1014 1514 operis
1051 1450 1213 1517 solum.
1242 1451 1571 1515 inspexisset,
1624 1448 1713 1497 sed
1747 1447 1826 1496 fa·-

146 1530 311 1578 bulam
355 1530 511 1594 ipsam
561 1528 846 1592 diligentius
890 1530 1122 1592 legisset,
1183 1530 1279 1578 hoc
1339 1531 1526 1594 opinari
1579 1528 1818 1592 potuisse.

146 1610 269 1659 Nam
305 1610 353 1657 in
389 1609 526 1656 Pelei
563 1609 740 1668 domo,
783 1624 877 1657 non
913 1610 961 1656 in
996 1609 1340 1658 Andromacha
1376 1626 1542 1669 serva,
1581 1623 1820 1656 summam

146 1689 430 1753 tragoediae
444 1704 767 1750 caussamque
779 1693 935 1736 totam
961 1689 1252 1750 consistere,
1275 1690 1684 1754 propositumque
1701 1703 1820 1751 poe-

147 1772 230 1816 tae
262 1768 418 1816 fuisse
450 1767 739 1826 ostendere,
790 1784 886 1831 qua
931 1769 1121 1816 ratione
1165 1768 1249 1815 illa
1285 1770 1459 1815 domus
1494 1774 1701 1833 propter
1737 1783 1817 1814 so-

148 1850 380 1896 cietatem
433 1864 544 1895 cum
580 1847 980 1895 Lacedaemoniis
1028 1847 1194 1895 initam
1240 1848 1343 1895 sive
1378 1847 1668 1895 affinitatem
1706 1862 1816 1895 cum

148 1926 377 1976 Menelao
434 1928 650 1975 iunctam
709 1927 977 1985 interierit,
1029 1942 1124 1973 non
1175 1927 1437 1974 admodum
1486 1927 1693 1975 difficile
1742 1929 1819 1974 est

149 2007 362 2070 cognitu.
427 2006 541 2054 Hoc
575 2007 658 2070 qui
690 2007 852 2054 minus
887 2014 1239 2068 respexerunt,
1274 2007 1334 2052 iis
1380 2012 1517 2054 certe
1567 2023 1664 2055 non
1697 2005 1819 2054 licet

146 2087 196 2135 in
229 2085 518 2151 Euripidem
554 2086 745 2149 culpam
781 2085 1028 2144 conferre,
1066 2087 1206 2148 quasi
1233 2085 1352 2133 illud
1377 2087 1682 2150 propositum
1720 2100 1817 2133 non

146 2166 290 2230 plane
336 2165 695 2229 commodeque
742 2165 1083 2213 declaraverit.
1153 2159 1479 2228 Apertissime
1514 2167 1642 2213 enim
1679 2180 1815 2212 men-

145 2252 245 2295 tem
281 2262 420 2294 suam
455 2251 515 2302 et,
538 2245 844 2293 orationibus
879 2250 929 2292 et
965 2246 1270 2293 sermonibus
1305 2251 1354 2293 et
1389 2245 1672 2304 sententiis,
1709 2244 1816 2308 qui-

143 2327 238 2375 bus
259 2340 504 2392 personae
538 2329 761 2386 utuntur,
797 2329 847 2373 et
879 2325 1031 2373 totius
1065 2325 1231 2389 operis
1267 2327 1513 2374 structnfa
1535 2323 1816 2373 declaravit.

143 2407 219 2456 An
266 2421 362 2469 quo
405 2404 598 2453 facilius
645 2402 1052 2470 compositionem
1086 2404 1281 2454 fabulae
1316 2406 1597 2469 vituperare
1631 2403 1814 2469 possis,

142 2486 228 2535 illa
262 2485 423 2533 omnia
456 2500 547 2548 pro
582 2485 959 2549 supervacaneis
981 2490 1317 2549 spectatorum
1351 2485 1599 2533 lenociniis
1628 2484 1815 2532 habere

142 2581 351 2629 aequum
387 2564 501 2612 est?
567 2564 865 2613 Calumniari
899 2565 997 2613 hoc
1032 2565 1230 2627 quidem
1266 2569 1360 2624 est,
1396 2581 1493 2614 non
1537 2565 1815 2613 aestimare.

271 2645 434 2694 Pestis
480 2644 532 2690 in
576 2644 775 2693 domum
826 2661 884 2693 ac
932 2646 1177 2693 civitatem
1227 2652 1427 2709 recepta
1473 2652 1549 2693 est
1603 2644 1814 2692 amicitia

143 2740 255 2773 cum
291 2723 522 2772 Menelao
556 2724 692 2772 inita.
761 2725 828 2772 Et
861 2722 1070 2789 primum
1107 2725 1302 2788 quidem
1339 2727 1387 2773 iu
1423 2725 1631 2775 Achillis
1667 2726 1815 2787 eaput

142 2821 202 2853 ea
235 2805 392 2869 pestis
426 2819 658 2852 conversa
694 2812 771 2853 est
797 2805 885 2869 (cf.
909 2822 955 2852 v.
972 2805 1129 2867 605.).
1165 2806 1385 2854 Alteram
1411 2806 1549 2869 quasi
1581 2803 1811 2869 praedam

141 2882 520 2948 Neoptolemum
546 2884 864 2948 absumptura
890 2891 981 2934 est.
1024 2885 1228 2934 Tertius
1251 2885 1501 2934 Molossus
1528 2885 1812 2940 interiisset,

142 2964 239 3013 nisi
274 2963 454 3011 Peleus
491 2963 635 3022 malo,
670 2981 732 3013 ne
767 2966 957 3031 longius
984 2971 1264 3030 vagaretur,
1295 2966 1484 3014 obviam
1510 2966 1648 3022 isset,
1683 2962 1811 3011 acri-

143 3059 242 3108 que
275 3042 636 3091 medicamento
671 3050 840 3105 utens,
876 3048 1136 3094 exturbato
1172 3045 1432 3108 Menelao,
1466 3061 1671 3110 puerum
1707 3058 1811 3092 ser-

139 3126 321 3172 vasset.
387 3123 499 3172 Hoc
544 3129 711 3172 autem
758 3126 930 3190 pulso,
978 3125 1193 3173 nondum
1242 3140 1411 3173 omnes
1460 3126 1574 3173 mali
1617 3123 1811 3173 radices

144 3203 341 3252 excisae
375 3209 505 3251 sunt.
573 3203 884 3268 Relinquitur
918 3206 1049 3255 enim
1085 3206 1134 3253 in
1170 3206 1317 3252 domo
1354 3204 1536 3253 femina
1571 3205 1809 3269 improba,

141 3282 284 3347 quasi
317 3282 470 3331 telum
506 3284 816 3334 mortiferum
849 3286 900 3335 in
934 3286 1208 3334 visceribus
1241 3286 1468 3344 haerens,
1507 3284 1636 3350 quod
1663 3280 1812 3346 ,evelli

205 3464 256 3519 ἢ
285 3463 541 3508 Liberalem
560 3464 838 3521 disciplinam
859 3481 945 3509 non
965 3468 1010 3510 in
1031 3467 1287 3510 fortitudine
1307 3481 1447 3522 neque
1471 3466 1645 3522 opibus,
1674 3461 1811 3504 sedin

293 3535 540 3579 eruditione
571 3535 689 3578 cerni
712 3541 832 3580 recte
863 3537 1078 3582 iudicavit
1097 3539 1315 3581 Isocrates
1332 3538 1499 3594 Paneg.
1526 3552 1563 3579 c.
1584 3535 1652 3576 13.
1676 3549 1720 3588 p.
1742 3531 1810 3573 49.
