2124 3860
1106 311 1228 368 28⁰

334 457 490 522 magis
518 470 659 519 quam
685 454 1056 504 Andromachae
1077 462 1161 505 aut
1191 456 1401 505 cuiusvis
1425 457 1719 521 reliquarum
1739 457 2004 507 mulierum

335 536 660 585 Troianarum
711 535 789 600 agi
835 536 1152 599 perspicuum
1200 544 1308 596 est3
1375 536 1673 601 populorum
1715 538 1910 586 fortuna
1955 539 2005 586 in

335 616 621 664 discrimine
669 620 744 663 est
790 615 977 678 posita,
1025 617 1434 679 quemadmodum
1485 618 1629 664 etiam
1681 617 1728 666 in
1765 617 2005 666 Phoenis-

257 707 260 709 ’
335 696 403 744 8ἰ8
457 696 517 751 qd
562 694 732 760 popuii
780 700 830 741 et
863 694 1037 742 domus
1073 698 1240 758 regiae
1288 696 1363 743 vel
1400 697 1607 745 salutem
1643 695 1719 744 vel
1754 696 2005 745 interitum

333 774 493 823 omnia
527 775 830 836 diriguntur:
865 776 995 835 quod
1035 776 1116 823 ubi
1150 775 1343 834 accidit,
1380 792 1471 824 non
1506 764 1669 840 potest
1694 790 1906 840 persona
1931 792 2006 839 ea,

333 855 473 903 cuius
510 856 699 919 primae
735 859 847 901 sunt
882 862 1075 916 partes,
1111 856 1231 902 tanti
1270 872 1384 903 esse
1420 857 1685 911 momenti,
1722 854 1887 919 quanti
1921 869 2007 902 vo-

332 934 439 983 lunt
485 934 666 1004 qui'de
701 934 1010 995 antiquorum
1049 942 1300 998 poetarum
1339 941 1444 983 arte
1479 951 1539 983 ex
1579 942 1858 983 nostrorum
1895 936 2007 982 8611-

333 1014 486 1062 tentia
532 1014 761 1062 iudicant.
845 1012 1032 1061 Primas
1081 1022 1246 1077 partes
1299 1014 1415 1062 olim
1454 1015 1592 1062 chori
1627 1014 1816 1070 fuisse,
1853 1014 2010 1061 donec

333 1093 642 1157 Aeschylus,
691 1094 907 1140 secundo
954 1093 1192 1141 histrione
1239 1094 1462 1152 adiecto,
1513 1111 1596 1141 eas
1642 1110 1670 1142 a
1719 1093 2009 1141 choro‘sive

335 1171 475 1220 chori
521 1174 648 1220 duce
698 1172 757 1220 ad
813 1178 1029 1221 actorem
1081 1174 1407 1230 transferret,
1469 1173 1764 1222 Aristoteles
1812 1171 2011 1220 tradidit

333 1249 686 1314 memoriae*).
768 1252 919 1315 Atqui
967 1253 1104 1300 chori
1151 1260 1322 1301 natura
1369 1269 1427 1301 ea
1474 1260 1574 1312 est,
1624 1259 1678 1301 ut
1721 1252 2010 1317 plerumque

335 1346 432 1380 non
468 1331 715 1396 propriam
753 1346 887 1387 rem,
924 1333 1009 1379 sed
1049 1333 1123 1380 vel
1161 1348 1467 1380 communem
1508 1333 1582 1380 vel
1619 1333 1864 1396 publicam
1897 1333 2010 1393 agat

335 1417 388 1459 et
435 1410 668 1474 fungatur
723 1411 1009 1458 muneribus
1058 1412 1117 1459 ad
1165 1413 1322 1475 ipsum
1370 1413 1499 1460 haud
1547 1412 1807 1475 plurimum
1855 1409 2009 1476 perti-

334 1490 581 1539 nentibus.
651 1491 696 1539 A
743 1506 839 1553 qua
887 1491 1112 1554 profecta
1159 1492 1346 1553 origine
1380 1507 1590 1556 persona
1628 1492 1862 1556 primaria
1895 1493 2010 1554 apta

335 1576 442 1619 erat
490 1570 831 1619 communibus
876 1571 1160 1618 muneribus
1208 1571 1555 1634 suspiciendis.

469 1648 612 1714 Digni
658 1650 911 1711 tragoedia
956 1657 1007 1698 et
1054 1650 1298 1713 magnifici
1336 1657 1449 1698 sunt
1485 1665 1830 1713 personarum,
1882 1663 2008 1713 quae

332 1728 728 1791 introducuntur,
765 1744 928 1777 mores
963 1730 1174 1776 omnium
1214 1738 1410 1792 praeter
1446 1730 1682 1779 Helenae.
1749 1728 1876 1776 Huic
1903 1727 2007 1792 pla-

336 1825 451 1856 cere
486 1816 538 1858 et
572 1810 620 1856 in
670 1825 887 1856 amorem
926 1809 1057 1855 viros
1095 1809 1329 1871 pellicere
1367 1810 1578 1873 primum
1615 1814 1720 1868 est,
1768 1809 1844 1855 cui
1891 1807 2008 1854 reli-

336 1905 430 1952 qua
475 1890 639 1935 omnia
687 1896 1064 1951 postponuntur.
1136 1887 1402 1936 Praeterea
1446 1904 1583 1936 more
1618 1886 1868 1935 hominum
1914 1885 2010 1933 La-

335 1968 764 2016 cedaemoniorum
801 1968 1066 2015 Asiaticam
1102 1967 1341 2014 luxuriam
1380 1984 1440 2016 ex
1465 1967 1744 2030 frugalitate
1774 1954 2010 2030 Spartana

335 2046 681 2095 lubentissime
717 2047 938 2110 amplexa
975 2052 1068 2094 est.
1139 2046 1289 2094 Cuius
1327 2047 1620 2111 supplicium
1658 2047 1706 2094 in
1729 2045 1856 2092 aliud
1887 2052 2010 2093 tem-

334 2142 426 2191 pus
462 2127 700 2175 differens
735 2126 991 2173 Menelaus
1026 2134 1195 2190 aperte
1230 2128 1606 2190 tergiversatur,
1656 2132 1830 2188 captus
1866 2123 2007 2170 nimi-

332 2201 443 2252 rum
490 2206 708 2254 mulieris
762 2211 1033 2255 venustate.
1117 2206 1281 2253 Choro
1335 2207 1428 2252 hoc
1472 2206 1782 2268 potissimum
1836 2201 2011 2250 tribuit

331 2286 551 2332 muneris
609 2291 784 2350 poeta,
833 2289 887 2331 ut
933 2286 1062 2332 circa
1108 2285 1516 2348 expugnationem
1562 2284 1696 2331 urbis
1747 2287 1913 2330 mente
1959 2285 2009 2329 et

333 2363 630 2428 cogitatione
678 2371 962 2412 versaretur
1004 2370 1056 2413 et
1102 2365 1292 2412 diceret
1333 2379 1417 2421 ea,
1467 2379 1591 2426 quae
1638 2362 1824 2409 sentire
1876 2377 2007 2420 eum,

334 2445 420 2508 qui
483 2444 601 2492 talia
663 2444 739 2492 vel
803 2444 1017 2509 patiatur
1080 2445 1158 2492 vel
1225 2459 1459 2507 praesens
1523 2449 1741 2506 spectet,
1802 2455 2009 2488 necesse

333 2529 430 2574 est.
523 2522 576 2571 In
632 2524 837 2587 reliquis
895 2524 1074 2589 partim
1131 2540 1265 2571 suam
1327 2523 1483 2587 ipsius
1544 2532 1729 2569 sortem
1783 2520 2010 2584 deplorat

332 2603 515 2668 partim
563 2603 706 2652 adest
739 2605 823 2666 iia,
873 2605 1048 2668 quibus
1099 2603 1314 2653 studium
1362 2618 1504 2650 81111111
1547 2615 1846 2666 operamque
1891 2614 2009 2648 con·
2056 2629 2063 2634 -

334 2684 562 2732 secravit.

465 2763 672 2812 Dicendi
719 2780 902 2830 genere
949 2764 1238 2829 plerumque
1272 2763 1402 2827 gravi
1436 2777 1560 2810 usus
1596 2764 1690 2811 est.
1759 2757 1890 2806 Tum
1926 2756 2003 2820 ly-

332 2842 446 2890 ricis
493 2844 712 2892 numeris
761 2845 891 2892 nulla
935 2844 1102 2892 fabula
1140 2842 1430 2904 locupletior
1465 2851 1568 2890 est:
1616 2855 1725 2888 nam
1762 2844 1814 2886 et
1847 2838 2008 2885 diver-

332 2921 410 2969 bia
459 2923 622 2971 insunt
674 2924 913 2971 dochmiis
961 2925 1339 2986 antispastisque
1387 2923 1588 2984 insignia
1623 2921 1682 2967 ad
1719 2915 2008 2966 commotio-

331 3017 439 3049 rem
493 3003 766 3051 animorum
821 3003 1148 3052 conditionem
1208 3003 1607 3066 significandam,
1663 3004 1711 3046 et
1766 2995 2009 3043 canticum

332 3081 438 3129 sive
473 3084 700 3130 monodia
736 3100 762 3131 a
792 3083 1063 3131 Cassandra
1082 3084 1252 3144 'agitur
1280 3081 1557 3135 furibunda,
1583 3086 1633 3128 et
1651 3078 1839 3125 'chorus
1866 3090 2008 3138 prae-

333 3165 410 3208 ter
445 3177 518 3219 ea,
557 3178 683 3225 quae
722 3164 908 3211 medios
945 3167 1083 3210 actus
1131 3162 1407 3218 intercinit,
1451 3162 1598 3208 etiam
1638 3154 1855 3206 naeniam
1893 3168 2008 3200 can-

330 3245 430 3297 tat,
494 3246 544 3289 et
607 3249 860 3305 postremo
908 3243 1147 3304 flagrante
1193 3243 1314 3289 urbe
1377 3240 1640 3288 clamorem
1703 3235 2008 3295 eiulatusque

330 3321 477 3383 tollit,
513 3311 689 3384 quibus
719 3322 905 3387 ὄρθιος
926 3320 1088 3387 νόμος
1112 3321 1451 3382 conveniebat,
1483 3319 1764 3369 succinente
1787 3313 2005 3363 Hecuba.

387 3488 441 3543 ²¹⁵)
472 3488 542 3531 Cf.
569 3489 878 3532 Hermannum
907 3490 937 3532 1.
965 3490 996 3531 1.
