2170 3866
1137 276 1265 335 458

358 439 470 473 cum
504 421 715 485 reliquis
751 422 853 484 pati
885 437 1014 485 quae
1049 429 1294 488 oporteat.
1364 423 1586 487 Urgente
1621 426 1802 477 deinde
1829 428 2049 481 Creonte

354 503 516 570 aperit
551 501 879 550 Menoeceum
921 503 1278 552 immolandum
1316 521 1446 554 esse.
1515 506 1625 567 Quo
1663 507 1795 556 edito
1846 508 2047 557 oraculo

358 585 521 633 Creon
571 597 627 632 se
657 583 820 631 omnia
866 582 1013 631 malle
1061 599 1208 646 quam
1245 584 1397 633 filium
1434 586 1666 635 amittere
1699 588 1946 650 ostendit,
1996 594 2049 638 et

355 663 655 729 suppliciter
697 669 855 711 vatem
893 670 1029 721 orat,
1074 668 1131 712 ut
1174 664 1306 713 celet
1348 681 1671 729 responsum3
1723 667 1811 716 sed
1845 668 2048 717 frustra.

356 744 593 793 Caussam
630 743 810 792 deinde
845 741 1066 791 Tiresias
1101 746 1359 809 explanat:
1397 762 1485 809 pro
1523 748 1758 810 sanguine
1800 747 2046 805 draconis,

354 832 563 890 propter
610 826 749 873 cuius
800 840 975 873 necem
1010 823 1148 872 Mars
1185 826 1457 889 irascatur,
1509 829 1794 891 sanguinem
1831 828 2047 876 redden-

355 907 472 955 dum
509 922 623 954 esse
654 906 797 954 unius
834 920 1024 962 eorum,
1061 906 1145 967 qui
1180 922 1241 954 ex
1278 907 1505 956 draconis
1542 908 1775 956 dentibus
1802 908 1903 956 nati
1931 908 2046 956 sint.

353 986 468 1036 Hoc
504 986 639 1034 facto
677 986 912 1033 victrices
967 983 1076 1032 fore
1113 984 1314 1034 Thebas
1336 1023 1347 1042 ,
1401 988 1607 1053 Argivos
1644 1004 1762 1036 vero
1795 988 1961 1037 reditu
1995 988 2044 1036 in

351 1067 561 1132 patriam
607 1066 856 1130 privatum
897 1065 976 1116 iri.
1044 1065 1139 1113 His
1175 1067 1323 1115 dictis
1359 1068 1462 1116 abit
1497 1084 1679 1128 senex,
1714 1075 1922 1132 questus
1958 1084 2045 1117 an-

349 1155 436 1198 tea
476 1147 776 1196 invidiosum
821 1162 934 1195 esse
975 1146 1220 1195 divinandi
1254 1164 1432 1196 munus
1468 1153 1522 1196 et
1554 1155 1770 1198 tractatu
1805 1148 2045 1209 difficile3

351 1228 619 1278 Creontem
655 1235 819 1276 autem
855 1233 1100 1275 moestum
1139 1228 1387 1292 relinquit.
1458 1230 1554 1291 Qui
1579 1245 1729 1292 quum
1753 1229 1914 1278 omnia
1940 1229 2046 1293 pati

349 1326 497 1375 quam
532 1309 718 1356 liberos
768 1323 855 1356 sua
896 1323 1044 1355 manu
1090 1309 1375 1356 interficere
1422 1310 1588 1369 malit,
1642 1310 1782 1358 iubet
1826 1310 2042 1359 Menoe-

350 1407 495 1441 ceum
533 1389 641 1439 sine
675 1404 811 1437 mora
835 1387 1012 1451 fugere
1047 1404 1075 1435 e
1109 1389 1266 1450 patria
1302 1388 1429 1436 ultra
1455 1389 1676 1453 Delphos
1715 1405 1807 1452 per
1833 1389 2041 1438 Aetolo-

347 1488 459 1522 rum
503 1477 690 1519 terram
740 1469 802 1516 ad
851 1484 1043 1516 sacram
1090 1467 1325 1516 Dodonae
1368 1467 1625 1532 sedem²²²).
1705 1469 1848 1517 Haec
1894 1485 2040 1533 quam

349 1554 451 1603 sint
483 1551 649 1615 turpia
669 1549 901 1612 intelligit
922 1548 1072 1609 filius,
1107 1550 1245 1597 cuius
1264 1549 1492 1598 vitandae
1518 1549 1839 1612 turpitudinis
1864 1565 2042 1597 caussa

346 1634 410 1682 ad
456 1632 606 1680 vitam
654 1630 842 1693 patriae
878 1628 1262 1676 consecrandam
1299 1629 1377 1676 his
1412 1629 1563 1693 ipsis,
1598 1630 1774 1691 quibus
1807 1629 1893 1677 ille
1926 1645 2040 1677 eum

347 1728 551 1762 servare
598 1711 767 1775 cupit,
812 1709 1099 1773 impellitur.
1167 1708 1269 1756 Sed
1319 1708 1481 1757 celare
1526 1718 1720 1772 patrem
1764 1708 2040 1770 consilium,

346 1810 412 1843 ne
459 1794 521 1840 ab
570 1807 629 1839 eo
665 1790 982 1852 exsequendo
1017 1790 1368 1853 prohibeatur,
1417 1789 1672 1837 decernit:
1717 1790 2040 1853 quamobrem

345 1872 603 1936 ablegandi
651 1871 885 1919 Creontis
930 1886 1106 1918 caussa
1149 1871 1287 1918 iubet
1323 1886 1438 1917 eum
1473 1870 1534 1917 ad
1569 1869 1800 1917 viaticum
1836 1870 1928 1919 sibi
1962 1868 2041 1917 af-

345 1955 612 2004 ferendum
660 1952 859 1999 domum
908 1951 1108 2011 redire⁷
1161 1949 1395 1998 simulans
1442 1965 1497 1997 se
1556 1950 1752 1997 interim
1799 1949 2038 2010 locastae,

346 2036 490 2085 cuius
538 2033 770 2098 parvulus
807 2047 1068 2079 mammam
1107 2031 1324 2089 suxerit,
1370 2026 1846 2088 valedicturum**).
1914 2029 2039 2079 Pro-

344 2117 484 2166 fecto
516 2121 678 2179 patre,
716 2114 822 2161 sine
856 2128 992 2160 mora
1028 2112 1337 2167 adolescenS‚
1374 2115 1519 2157 utens
1544 2110 1776 2162 oratione
1803 2126 1877 2169 ea,
1913 2126 2041 2174 quae

258 2208 265 2213 ¹
346 2198 524 2246 deceat
571 2194 802 2258 generosi
847 2193 996 2240 animi
1052 2191 1453 2246 adolescentem,
1518 2189 1580 2236 ad
1629 2205 1737 2237 eam
1791 2191 2039 2238 moenium

323 2282 539 2343 *partem
576 2274 694 2334 abit,
729 2288 854 2335 quae
887 2271 1111 2318 imminet
1146 2269 1412 2332 speluncae
1437 2267 1685 2329 draconis,
1715 2283 1897 2330 corpus
1922 2269 2039 2318 inde

345 2359 399 2408 in
426 2358 613 2414 locum,
649 2354 698 2402 in
734 2367 832 2415 quo
869 2350 953 2398 ille
986 2349 1233 2397 excubans
1255 2346 1553 2394 interfectus
1580 2353 1674 2406 est,
1711 2347 2036 2401 demissurus.

481 2436 595 2485 Hoc
639 2433 892 2498 egregium
939 2429 1132 2477 facinus
1178 2442 1328 2490 supra
1378 2425 1561 2489 Oedipi
1595 2428 1774 2475 merita
1807 2428 2038 2478 laudibus

346 2538 374 2572 a
408 2520 563 2569 choro
599 2515 832 2564 effertur:
878 2510 962 2560 hic
1009 2509 1139 2557 enim
1176 2507 1399 2572 Sphinge
1447 2507 1639 2554 sublata
1675 2508 1888 2557 salutem
1921 2509 2038 2558 civi-

345 2601 438 2652 tati
480 2600 551 2648 ita
600 2594 799 2650 attulit,
843 2599 898 2640 ut
939 2589 1087 2639 simul
1121 2587 1296 2636 matris
1327 2587 1447 2635 inito
1483 2588 1797 2637 matrimonio
1827 2590 2039 2660 eandem

345 2680 613 2749 pollueret.
712 2675 1090 2738 Componuntur
1145 2659 1272 2717 enim'
1329 2668 1540 2732 pristina
1611 2670 1862 2718 calamitas
1923 2686 2037 2720 cum

346 2759 597 2827 praesenti
646 2762 699 2805 et
742 2755 878 2803 illius
926 2750 1164 2800 defensor
1197 2764 1306 2796 cum
1345 2747 1519 2811 huius,
1566 2765 1732 2814 neque
1765 2750 1924 2798 otiosa
1959 2755 2039 2800 est

347 2839 584 2907 Sphingis
618 2833 1039 2892 commemoratio,
1073 2832 1123 2879 in
1159 2846 1254 2893 qua
1287 2829 1535 2878 immerito
1570 2835 1673 2878 tum
1708 2836 1902 2879 veteres
1929 2833 2035 2878 tum

346 2921 657 2972 recentiores
705 2913 1014 2979 grammatici
1062 2909 1377 2959 offenderunt
1411 2909 1537 2969 (vid.
1586 2910 1743 2960 schol.
1793 2926 1840 2962 v.
1888 2912 2035 2960 1019.
2121 2968 2125 2972 ,

402 3077 448 3132 *)
491 3074 602 3129 Quis
632 3071 786 3114 credat
813 3070 943 3119 haec,
975 3067 1132 3123 quibus
1162 3068 1372 3119 paternus
1402 3062 1577 3104 animus
1613 3065 1716 3106 loco
1743 3064 1829 3106 filii
1864 3077 2035 3118 pavens

489 3143 680 3202 egregie
729 3140 1005 3196 depingitur,
1059 3137 1264 3190 cuiquam
1316 3133 1514 3187 potuisse
1563 3135 1714 3176 locum
1753 3133 2037 3189 vituperandi

489 3212 634 3260 dare?
675 3213 825 3255 Schol.
859 3226 900 3252 v.
932 3207 1040 3251 980:
1091 3208 1156 3256 εἰς
1196 3200 1333 3247 οὐδὲν
1372 3202 1422 3246 δὲ
1463 3203 1686 3261 χρήσιμον
1722 3208 2031 3262 τοπογραφεῖ·

486 3286 660 3343 μᾶλλον
691 3281 740 3325 δὲ
772 3278 915 3324 αὐτὸν
948 3278 1082 3335 ἐχρῆν
1110 3280 1315 3333 σκοπεῖν,
1346 3273 1472 3325 ὅπως
1501 3276 1595 3318 τῶν
1624 3275 1852 3331 πολεμίων
1880 3289 2035 3337 3⁸19oe-

484 3351 807 3409 κὰθιζομένων
835 3351 1022 3406 λήσεται
1052 3346 1239 3404 φεύγων
1268 3347 1292 3392 ὁ
1323 3344 1600 3396 Μενοικεύς.

376 3431 447 3485 **)
485 3429 616 3471 Haec
655 3437 820 3481 parum
852 3422 1078 3465 intellecta
1116 3419 1203 3463 fuit
1240 3433 1384 3476 nuper
1419 3417 1498 3474 qui
1523 3416 1822 3473 vituperaret,
1866 3413 2035 3457 crimen

443 3525 447 3530 ‚
489 3501 653 3554 poetae
679 3494 876 3538 inferens
905 3507 960 3536 ex
988 3506 1074 3535 sua
1098 3491 1322 3534 tarditate.
