2170 3866
1127 246 1255 308 508

347 396 611 443 contentus
645 394 884 460 prosequi
930 399 1133 462 sumptu
1179 395 1403 459 funeris,
1444 394 1631 445 crinem
1665 398 1840 447 tonsus
1875 403 1954 447 est
1987 402 2039 448 et

303 476 311 482 ‘
348 488 657 532 moerorem,
735 491 885 540 quem
942 476 1106 526 animo
1168 481 1497 541 conceperat,
1563 475 1704 525 vultu
1756 477 2038 542 publicavit.

349 552 487 602 Idem
532 553 808 604 Archelaus
855 554 1061 620 Pythias
1112 561 1165 606 et
1212 555 1499 622 Olympicas
1543 542 1735 620 palmas
1781 556 2038 622 quadrigis

348 632 562 698 adeptus
609 635 861 684 Graeco
905 637 1131 701 potius
1176 637 1395 686 animo
1440 651 1587 700 quam
1634 635 1792 700 regali
1831 637 2039 701 gloriam

347 712 483 762 illam
530 731 654 780 prae
714 730 770 764 se
822 716 988 766 tulit.''
1069 716 1206 766 Idem
1263 716 1313 765 in
1372 717 1471 766 vita
1516 715 1692 765 Elmsl.
1736 711 1852 779 (καὶ
1896 714 2039 781 μάλα

347 787 571 855 ἔπραττε
615 795 742 859 παρ’
795 794 969 865 αὐτῷ,
1019 794 1124 847 ὅτε
1158 792 1267 846 καὶ
1317 792 1588 847 ἐπὶτῶν
1622 795 2040 864 διοικήσεων

349 868 666 938 ἐγένετο)
714 882 767 925 et
817 878 947 942 apud
997 877 1198 927 Suidam
1253 875 1402 942 (παρ’
1451 865 1493 944 ᾧ
1540 874 1690 944 διῆγε
1731 879 1827 946 τῆς
1867 878 2037 943 ἄκρας

347 951 640 1005 ἀπολαύων
685 955 860 1022 τιμῆς)
911 957 1139 1023 aliosque
1186 959 1426 1024 scriptum
1473 958 1705 1024 legimuS.
1788 959 1874 1008 Sic
1922 975 2038 1009 cum

346 1035 476 1086 bene
521 1036 585 1085 de
629 1053 749 1102 rege
795 1038 1061 1103 Euripides
1096 1046 1400 1099 mereretur,
1448 1038 1577 1087 dona
1609 1039 1670 1087 ab
1705 1055 1765 1088 eo
1801 1039 1913 1105 ipse
1947 1055 2039 1104 pe-

345 1120 459 1164 tere
491 1117 667 1166 noluit.
736 1118 910 1183 Itaque
945 1118 1250 1177 ArchelauS,
1302 1136 1413 1168 cum
1449 1119 1510 1168 ab
1546 1134 1607 1168 eo
1642 1136 1796 1184 super
1829 1135 2038 1169 coenam

345 1195 563 1259 quidam,
599 1199 681 1261 qui
716 1198 783 1246 nil
819 1199 914 1247 nisi
949 1216 1155 1249 munera
1189 1216 1370 1266 capere
1395 1199 1658 1249 honestum
1686 1202 1911 1261 duceret,
1945 1215 2037 1264 po-

345 1276 511 1326 culum
557 1293 761 1327 aureum
810 1279 1044 1343 petisset,
1097 1280 1242 1328 iussit
1286 1274 1495 1344 puerum
1540 1279 1590 1328 id
1640 1280 1866 1345 Euripidi
1900 1279 2037 1340 dare,

343 1357 682 1422 coniectisque
714 1358 763 1406 in
796 1359 948 1406 istum
981 1359 1232 1408 hominem
1268 1359 1450 1422 oculis,
1487 1358 1565 1408 Tu
1604 1359 1822 1423 quidem,
1857 1359 2035 1424 inquit,

345 1435 521 1500 dignus
548 1453 603 1486 es
632 1439 714 1502 qui
739 1443 915 1503 petens
960 1454 1054 1487 non
1082 1439 1311 1503 accipiaS,
1349 1438 1434 1487 hic
1456 1439 1540 1503 qui
1565 1439 1794 1504 accipiat,
1835 1438 2035 1487 etiamsi

343 1531 440 1566 non
475 1523 616 1581 petat
643 1517 921 1581 (Plutarch.
943 1519 1007 1567 de
1027 1519 1209 1567 vitioso
1234 1519 1351 1583 pud.
1372 1536 1422 1584 p.
1443 1521 1573 1579 531„
1594 1535 1767 1595 regan
1793 1519 2034 1584 apophth.

343 1596 467 1660 93.).
536 1598 788 1647 lmmerito
822 1599 975 1663 igitur
1008 1599 1338 1663 parasitorum
1377 1615 1585 1649 numero
1619 1598 1908 1663 Euripidem
1942 1614 2034 1663 po-

345 1678 446 1727 suit
489 1677 737 1727 Lucianus
784 1679 1286 1728 maledicentissimus
1340 1677 1522 1745 (paras.
1559 1696 1602 1728 c.
1639 1679 1763 1743 35.).
1829 1677 2035 1727 Aulico-

342 1774 453 1809 rum
489 1759 719 1808 invidiam
754 1759 943 1808 honore
977 1759 1233 1823 Euripidis
1268 1767 1454 1808 motam
1477 1775 1591 1809 esse
1624 1759 1773 1808 facile
1797 1757 2035 1823 intelligi-

341 1842 440 1888 tur.
507 1838 732 1901 Quorum
767 1855 919 1903 quum
956 1839 1158 1904 quidam
1191 1841 1579 1904 graveolentiam
1614 1841 1712 1889 oris
1746 1843 1916 1888 nostro
1949 1854 2036 1888 ex-

342 1919 660 1986 probrasset,
708 1920 793 1969 hic
828 1921 994 1968 ridens
1029 1920 1257 1985 quidem,
1292 1920 1490 1982 Multa,
1523 1920 1709 1985 inquit,
1756 1923 1952 1968 secreta
1983 1918 2037 1969 in

345 2015 436 2049 ore
470 2016 583 2049 meo
619 1998 1111 2067 computruerunt*);
1149 2001 1238 2050 sed
1273 2018 1486 2066 poenam
1520 2000 1752 2050 maledici
1784 1998 2034 2048 nihilomi-

343 2096 437 2131 nus
483 2081 670 2146 exegit.
752 2080 1027 2130 Postulanti
1073 2098 1165 2131 rex
1197 2081 1655 2141 adolescentulum,
1691 2080 1771 2129 cui
1804 2084 1915 2129 erat
1946 2094 2035 2128 no-

344 2175 459 2210 men
493 2159 884 2222 Decamnichus‚
934 2161 1163 2226 Euripidi
1206 2162 1417 2212 tradidit
1454 2162 1746 2210 verberibus
1781 2159 2035 2222 castigan-

342 2241 486 2301 dum,
537 2241 678 2290 cuius
711 2241 797 2289 ille
831 2241 1161 2290 contumeliae
1205 2257 1451 2304 nunquam
1486 2241 1667 2289 oblitus
1717 2229 2034 2305 postmodum

344 2320 447 2370 dux
481 2326 754 2385 auctorque
798 2320 897 2370 fuit
931 2320 1249 2379 insidiarum,
1297 2307 1476 2384 quibus
1522 2319 1891 2368 circumventus
1937 2317 2032 2367 Ar-

344 2401 547 2451 chelaus
581 2402 632 2450 in
665 2407 845 2450 venatu
876 2399 1172 2450 interfectus
1207 2404 1312 2460 est3
1348 2399 1412 2448 cf.
1446 2400 1656 2450 Aristot.
1692 2398 1836 2447 Polit.
1864 2395 1928 2458 V,
1950 2398 2032 2449 10.

343 2498 393 2548 p.
420 2485 534 2532 305.
563 2482 621 2534 F.
656 2481 787 2530 Plat.
812 2481 970 2531 Alcib.
994 2480 1049 2528 ll.
1077 2496 1125 2545 p.
1152 2482 1265 2528 141.
1289 2481 1346 2529 D.
1381 2479 1581 2529 Diodor.
1599 2477 1732 2541 XIV,
1760 2481 1839 2529 37.
1891 2477 2034 2527 Haec

343 2578 427 2612 res
463 2563 704 2629 originem
742 2562 945 2611 dedisse
980 2560 1144 2610 famae
1175 2561 1396 2622 videtur,
1442 2577 1539 2625 qua
1585 2558 1854 2624 Euripides
1902 2557 2034 2606 cani-

276 2670 278 2673 ·
344 2643 439 2693 bus
485 2660 514 2691 a
561 2642 775 2706 quodam
821 2642 1096 2691 aulicorum
1141 2640 1376 2690 immissis
1422 2640 1668 2689 laceratus
1711 2654 1825 2688 esse
1858 2636 2035 2687 crede-

345 2719 586 2786 batur*):
633 2738 760 2787 quae
806 2723 847 2770 si
881 2738 997 2771 vera
1031 2726 1168 2770 esset
1204 2720 1396 2783 fabula,
1447 2719 1769 2769 Aristotelem
1805 2733 1865 2767 eo
1899 2717 2032 2774 loco,

346 2819 446 2867 quo
481 2804 545 2852 de
577 2804 708 2866 regis
743 2801 897 2851 caede
932 2802 1154 2866 exponit,
1187 2806 1368 2867 poetae
1400 2800 1559 2850 fatum
1577 2815 1674 2850 non
1694 2798 1854 2849 fuisse
1879 2797 2034 2847 omis-

345 2899 514 2932 surum
553 2884 785 2943 arbitror.

477 2962 685 3011 Praeter
728 2963 860 3026 regis
893 2962 1158 3011 amicitiam
1193 2961 1342 3010 etiam
1376 2960 1648 3026 Agathonis
1680 2972 1852 3008 amore
1885 2956 2034 3006 Euri-

403 3104 456 3160 *)
487 3104 611 3146 Stob.
642 3118 774 3146 serm.
806 3104 874 3147 39.
906 3102 1050 3160 (127.)
1093 3103 1148 3145 de
1177 3102 1365 3145 arcanis.
1434 3102 1567 3145 Aliud
1606 3099 1814 3156 Euripidi
1850 3112 2033 3153 respon·

486 3189 586 3216 sum
614 3174 768 3217 tribuit
806 3174 872 3228 is,
919 3175 996 3229 qui
1023 3173 1166 3217 vitam
1195 3174 1353 3216 Elmsl.
1383 3173 1579 3228 scripsitt
1619 3170 1648 3228 ἡ
1688 3170 1819 3227 φήμη
1855 3167 2035 3225 μέλιτος

488 3244 564 3287 καὶ
600 3247 823 3301 Σειρῆνος
850 3244 1037 3299 γλύκιον
1067 3243 1228 3299 στόμα.

375 3316 454 3373 ssss)
481 3317 551 3358 Ex
564 3316 859 3359 Decamnichi
878 3315 1057 3358 nomine
1079 3315 1107 3357 d
1120 3329 1146 3357 e
1160 3329 1183 3356 c
1196 3328 1279 3356 em
1298 3313 1482 3355 minae
1504 3311 1722 3364 confictae
1743 3312 1855 3362 sunt,
1873 3307 2034 3363 quibus

490 3392 749 3442 corruptum
777 3384 1105 3443 Lysimachum
1135 3384 1359 3440 quendam
1387 3397 1521 3426 canes
1547 3382 1714 3439 regiaS,
1741 3393 1853 3436 quas
1876 3380 2034 3431 aleret,

495 3457 736 3500 immisisse
776 3456 1071 3509 mentiuntur;
1112 3455 1169 3499 cf.
1198 3454 1374 3511 Pfiugk.
1407 3454 1465 3498 ad
1494 3452 1635 3498 vitam
1675 3446 1960 3505 Moschopuli
1988 3462 2031 3504 p.

488 3528 639 3572 LXVI.
