2170 3848
1199 257 1278 313 72

402 410 651 457 moventes
683 419 850 453 rerum
883 418 1084 453 caussas
1119 402 1393 453 convenire.
1464 402 1598 453 Idem
1627 402 1924 470 Aristoteles
1957 419 2064 454 mo-

406 486 537 536 nuit:
589 480 647 533 ἐν
679 479 776 548 μὲν
810 475 910 533 οὖν
940 483 1053 542 τοῖς
1085 481 1314 546 δράμασι
1347 478 1411 532 τὰ
1445 477 1700 542 ἐπειςόδια
1733 481 1995 548 σύντομα,
2027 481 2065 549 ἦ

403 562 461 615 δὲ
494 560 739 615 ἐποποιία
770 562 979 623 τούτοις
1010 562 1309 629 μηκύνεται.
1358 562 1596 628 Episodia
1628 563 1776 630 igitur
1810 564 2067 630 Odysseae

401 648 568 709 partes
615 646 680 692 ait
713 659 882 694 omnes
917 660 1029 694 esse
1061 651 1261 710 praeter
1296 658 1408 704 eas,
1443 643 1494 692 in
1529 642 1702 708 quibus
1734 643 1943 708 Ulysses
1975 659 2067 692 un-

402 723 480 772 dis
527 723 737 774 iactatus
783 725 939 773 veniat
985 729 1035 774 et
1083 741 1111 772 a
1143 725 1311 788 paucis
1347 723 1571 788 cognitus
1608 737 1784 788 procos
1817 722 2068 771 adoriatur

401 802 778 869 interfectisque
822 804 1046 854 hostibus
1094 803 1205 869 ipse
1239 808 1492 852 servetur:
1538 800 1597 853 τὸ
1644 796 1742 866 μὲν
1783 793 1884 851 οὖν
1925 798 2069 851 ἴδιον

401 884 561 933 τοῦτο
580 922 594 946 ,
643 880 708 934 τὰ
753 882 800 934 δ’
848 884 980 934 ἄλλα
1026 879 1302 942 ἐπειςόδια.
1369 882 1477 931 Hac
1510 883 1698 931 ratione
1731 885 2068 945 argumentum

403 961 658 1026 Odysseae
691 964 965 1013 universum
998 963 1145 1013 unius
1177 963 1459 1027 tragoediae
1490 962 1671 1010 finibus
1707 962 1963 1010 commode
1995 961 2070 1009 in-

403 1041 643 1102 cluditur3
697 1047 746 1091 et
781 1043 1058 1108 composuit
1093 1043 1359 1107 Euripides
1393 1042 1559 1106 plures
1593 1041 1765 1090 similis
1798 1040 2071 1105 argumenti

401 1122 710 1184 tragoedias,
744 1122 877 1171 velut
903 1122 1122 1182 Peleum‚
1159 1121 1396 1181 Oeneum,
1433 1120 1675 1170 Peliades.
1742 1118 2070 1184 Tragoediam

402 1201 522 1250 dicit
552 1201 874 1262 Aristoteles,
923 1202 965 1250 si
1010 1202 1127 1250 velit
1171 1202 1337 1250 multis
1372 1200 1446 1250 uti
1480 1199 1739 1265 episodiis,
1786 1200 2070 1248 varietatem

402 1285 508 1329 tum
567 1296 744 1330 scenae
809 1281 1032 1346 angustia
1078 1286 1184 1330 tum
1241 1287 1460 1330 actorum
1510 1280 1755 1344 paucitate
1797 1277 2069 1328 auferenti-

403 1360 526 1418 bus,
562 1360 791 1409 celeriter
822 1361 1099 1410 satietatem
1133 1360 1313 1410 afferre
1347 1366 1494 1423 atque
1528 1359 1724 1423 explodi
1764 1355 1846 1422 (τὸ
1880 1353 2069 1422 ὅμοιον

403 1431 535 1504 ταχὺ
559 1440 801 1506 πληροῦν
834 1434 1097 1491 ἐκπίπτειν
1129 1442 1270 1490 ποιεῖ
1300 1437 1391 1499 τὰς
1422 1436 1734 1508 τραγῳδίας,
1768 1440 1849 1499 24,
1876 1437 1969 1502 4.).
2015 1436 2070 1485 Id

404 1519 534 1584 apud
570 1535 658 1568 nos
691 1520 833 1569 aliter
861 1521 998 1582 fieri,
1032 1527 1084 1569 et
1117 1536 1178 1569 ex
1211 1521 1358 1569 meris
1393 1535 1543 1584 saepe
1576 1518 1810 1583 episodiis
1841 1522 2070 1569 >constan-

403 1605 480 1647 tes
525 1600 800 1664 tragoedias
842 1600 1049 1665 gratiam
1094 1600 1279 1651 crebris
1322 1615 1500 1648 scenae
1546 1597 1898 1648 mutationibus
1930 1597 2070 1656 inire,

401 1681 574 1727 notum
611 1683 701 1726 est.

534 1757 612 1806 Ex
646 1757 740 1814 his,
777 1759 970 1823 quinam
1004 1760 1100 1808 sint
1133 1754 1506 1818 ἐπειςοδιώδεις
1538 1755 1747 1822 προέξεις
1771 1754 1859 1807 καὶ
1885 1756 2068 1820 μῦθοι,

404 1836 668 1886 aestimare
699 1837 834 1889 licet.
902 1838 1116 1903 Agendis
1147 1840 1295 1888 rebus
1330 1839 1501 1903 magis,
1538 1855 1682 1903 quam
1717 1835 2070 1896 describendis,

403 1915 650 1980 factisque
681 1918 870 1981 potius,
915 1934 1056 1982 quam
1104 1920 1322 1967 moribus
1356 1919 1710 1981 sententiisque
1751 1914 2070 1975 illustrandis,

405 1996 706 2058 tragoediam
756 1995 1046 2044 destinatam
1096 2012 1208 2045 esse
1255 2012 1460 2046 censens
1505 1996 1830 2055 Aristoteles,
1881 1998 2069 2058 partes,

408 2074 532 2137 q'uae
564 2075 643 2123 his
679 2076 1034 2138 tribuerentur,
1068 2074 1267 2123 minoris
1301 2091 1411 2124 esse
1445 2076 1681 2124 momenti
1713 2073 2070 2132 arbitrabatur3

406 2157 458 2201 et
491 2155 746 2217 probabat,
775 2155 816 2202 si
849 2155 998 2204 rebus
1034 2155 1295 2203 convenire
1329 2160 1380 2204 et
1412 2155 1688 2204 necessaria
1723 2169 1837 2202 esse
1862 2149 2069 2218 (οἰκεῖοι,

407 2234 487 2291 17,
521 2233 595 2295 4.)
630 2238 917 2298 appareret,
950 2234 1231 2296 damnabat,
1269 2235 1310 2283 si
1346 2234 1658 2300 serpentibus
1693 2249 1833 2294 aves,
1864 2232 2071 2296 tigribus

406 2327 555 2377 agnos
590 2313 828 2376 geminari
861 2314 1078 2362 videret:

538 2393 811 2458 „Denique
839 2394 907 2441 sit
942 2392 1141 2459 quidvis
1173 2392 1391 2458 simplex·
1425 2392 1699 2442 dumtaxat
1737 2399 1786 2441 et
1819 2391 2026 2440 unum.”

405 2470 518 2521 Hoc
551 2473 697 2520 modo
723 2472 837 2519 mali
860 2477 1037 2536 poetae
1064 2487 1235 2519 eorum
1264 2473 1434 2535 gratia,
1468 2473 1518 2520 in
1542 2474 1719 2535 quibus
1745 2470 1991 2520 imitandis
2013 2485 2068 2517 se

404 2555 577 2614 putant
599 2556 869 2614 praestare,
896 2544 982 2610 (δι’
1010 2548 1228 2615 αὐτούς)
1245 2551 1533 2615 plerumque
1551 2555 1785 2616 peccant3
1815 2550 1929 2599 boni
1957 2564 2070 2598 con-

406 2635 483 2678 tra
506 2635 723 2677 actorum
755 2646 926 2679 caussa
949 2647 1115 2680 rerum
1140 2631 1544 2695 compositionem
1573 2629 1873 2693 amplificare
1895 2628 2070 2690 solent,

405 2714 461 2759 ut
492 2709 721 2768 habeant,
754 2709 803 2756 in
839 2726 933 2772 quo
963 2709 1152 2775 agendo
1188 2724 1362 2757 nervos
1397 2709 1729 2771 virtutemque
1758 2708 2034 2757 ostendant.

540 2789 732 2853 Operae
767 2793 846 2836 est
877 2804 986 2836 cum
1019 2789 1097 2836 his
1131 2787 1408 2836 Aristotelis
1444 2803 1529 2844 ea,
1565 2804 1689 2850 quae
1722 2787 1784 2834 de
1819 2787 1990 2835 eadem
2015 2803 2072 2838 re

408 2867 679 2917 Schillerus
725 2867 775 2914 in
821 2868 1031 2930 epistola
1074 2867 1134 2914 ad
1171 2865 1436 2914 Goethium
1481 2866 1663 2929 scripta
1696 2868 1868 2915 488ma
1915 2865 2070 2915 disse-

408 2948 535 3008 ruit,
602 2962 921 3011 componere:
1000 2946 1287 3009 „Personas
1347 2944 1524 2994 induco
1569 2946 1722 2995 multa
1768 2947 2070 2995 disserentes

408 3043 466 3076 ac
514 3027 783 3075 sententias
842 3026 999 3076 fusius
1035 3026 1346 3091 explicantes.
1415 3024 1480 3073 Et
1523 3026 1834 3089 paucioribus
1871 3024 2069 3089 quidem

410 3106 712 3156 orationibus
774 3111 1056 3170 argumenta
1112 3104 1345 3171 explicari
1398 3119 1547 3169 posse
1599 3110 1784 3154 certum
1830 3108 1932 3164 est3
1995 3103 2070 3151 id-

409 3202 505 3250 que
549 3187 697 3235 rebus
743 3185 966 3246 gerendis
1016 3185 1275 3233 convenire
1309 3183 1485 3231 melius
1518 3185 1724 3233 videtur.
1799 3182 1898 3234 Sed
1933 3187 2070 3231 vete-

407 3281 519 3315 rum
563 3265 828 3312 auctoritas
878 3264 1050 3313 eadem
1095 3263 1333 3313 utentium
1368 3264 1557 3312 ratione
1600 3278 1870 3329 parumque
1904 3276 2070 3310 mores

409 3349 461 3393 et
494 3344 778 3405 sententiaS,
813 3358 933 3407 quas
953 3343 1076 3392 dicit
1099 3342 1416 3403 AristoteleS,
1452 3343 1844 3409 restringentium
1878 3334 2072 3390 videtur

407 3423 633 3474 altiorem
678 3422 921 3488 quandam
969 3423 1160 3489 legem,
1208 3438 1302 3487 qua
1335 3423 1572 3473 recedere
1605 3439 1632 3472 a
1665 3421 1870 3473 veritate
1901 3420 2071 3470 iubea-
