2170 3848
1153 231 1273 290 16⁰
1325 289 1331 294 .

393 378 537 438 atque
581 372 871 423 obscuritas.
941 375 1163 438 Utroque
1197 393 1372 426 nomen
1414 379 1665 444 genusque
1709 395 1849 430 suum
1884 380 2045 432 celare

393 453 651 514 studente,
686 458 735 501 et
767 458 930 503 tamen
964 455 1175 519 passim,
1218 463 1482 520 superante
1514 458 1592 506 vel
1625 464 1761 510 metu
1794 460 1871 509 vel
1905 461 2045 524 cupi-

391 531 520 592 dine,
555 531 721 589 invito,
757 548 895 596 quam
923 535 985 582 sit
1010 537 1157 584 rebus
1185 535 1574 600 hominibusque,
1606 538 1670 587 de
1696 539 1869 602 quibus
1895 555 2044 603 quae-

390 609 545 670 ritur,
580 610 757 671 affinis,
793 614 1060 676 prodente,
1097 615 1465 679 exspectatione
1498 616 1623 670 inter
1658 632 1796 682 spem
1829 625 2042 668 metum-

394 705 492 754 que
526 691 751 754 suspensi
785 698 1012 741 tenentur
1045 700 1366 759 spectatores·
1430 693 1541 743 Hoc
1574 696 1905 745 dissimulandi
1940 704 2043 746 stu-

390 769 475 817 dio
514 770 658 818 ducta
693 771 831 834 prius
866 773 928 819 de
963 772 1163 833 alienis,
1211 789 1351 836 quam
1387 774 1450 822 de
1486 773 1588 821 suis
1623 774 1814 838 quaerit
1846 774 2042 840 Iphige-

389 849 495 910 nia,
543 865 746 913 sperans
779 851 1026 915 hospitem
1061 852 1223 914 ultro,
1270 852 1384 900 dum
1421 852 1483 900 de
1517 868 1704 902 summa
1737 853 1851 902 belli
1885 853 2045 917 deque

387 927 594 979 ducibus
615 932 889 993 quaeratur,
924 930 1245 993 imperatoris,
1282 933 1364 994 qui
1388 948 1605 980 summae
1632 938 1873 997 praeerat,
1907 948 2045 982 men-

385 1008 570 1056 tionem
606 1008 871 1059 facturum.
923 1008 1032 1056 Hoc
1067 1016 1230 1058 autem
1264 1011 1442 1074 ipsum,
1467 1012 1597 1074 quod
1629 1011 1710 1058 illa
1732 1012 2045 1076 cupidissime

386 1088 539 1151 petit,
590 1085 795 1136 Orestes
831 1087 1192 1137 studiosissime
1234 1089 1462 1140 declinat.
1529 1088 1749 1139 Tandem
1791 1091 1875 1140 illa
1908 1107 1936 1139 a
1967 1107 2045 1140 re·

386 1166 604 1216 luctante
637 1167 884 1230 impetrat,
920 1172 974 1216 ut
1008 1168 1198 1231 aperiat
1230 1170 1627 1235 pronuntietque·
1650 1187 1740 1231 ea,
1777 1186 1981 1234 quorum
2016 1187 2045 1218 a

385 1246 726 1296 recordatione
775 1247 962 1295 animus
1008 1247 1207 1311 refugit.
1275 1250 1486 1298 Matrem
1522 1251 1582 1298 ab
1619 1248 1798 1299 Oreste
1832 1251 2043 1300 occisam

386 1341 499 1374 esse
533 1325 751 1386 audiens,
787 1334 921 1375 recte
943 1327 1139 1389 quidem
1174 1328 1419 1392 iusteque,
1454 1329 1541 1377 sed
1567 1328 1834 1378 infeliciter
1859 1328 2042 1379 factum

385 1420 498 1454 esse
543 1411 726 1454 censet.
794 1406 982 1454 Horum
1031 1406 1147 1454 nihil
1178 1422 1272 1456 uon
1320 1409 1571 1473 egregium
1618 1413 1720 1468 est,
1773 1408 1861 1457 sed
1895 1425 2038 1473 prae-

386 1485 718 1534 stantissimus
753 1485 880 1537 finis,
951 1486 1158 1551 Cognito
1192 1487 1323 1535 enim
1358 1488 1520 1536 vivere
1555 1486 1799 1548 Orestem,
1835 1489 1924 1537 sed
1957 1504 2040 1536 va-

380 1580 494 1628 gum
531 1580 726 1624 errare,
773 1565 854 1613 ubi
888 1580 943 1613 se
977 1566 1273 1614 somniorum
1306 1567 1480 1616 fraude
1525 1568 1659 1632 virgo
1703 1567 1920 1616 inanium
1954 1567 2041 1616 de·-

385 1650 579 1708 ceptam
627 1660 740 1692 esse
787 1645 1112 1710 significavit,
1160 1646 1365 1694 Orestes
1409 1651 1644 1712 reputans
1692 1662 1748 1695 se
1795 1650 1848 1696 et
1879 1647 2040 1711 ipsum

379 1724 557 1788 insigni
591 1724 671 1772 dei
703 1722 908 1785 fraude,
956 1724 1094 1772 cuius
1129 1726 1335 1774 oraculis
1369 1726 1615 1790 paruerit,
1658 1730 1760 1774 tum
1808 1725 1872 1774 ad
1902 1724 2041 1775 nesa-

379 1803 505 1852 rium
541 1803 700 1852 scelus
735 1804 1042 1869 compulsum
1091 1809 1196 1853 tum
1233 1805 1281 1853 in
1325 1806 1650 1855 miserrimum
1696 1804 1850 1854 letum
1885 1803 2041 1861 dedu-

381 1888 514 1932 ctum
551 1887 689 1940 esse,
747 1884 1006 1945 „Fallaces
1042 1881 1204 1944 suut,”
1239 1886 1426 1949 inquit,
1475 1900 1607 1947 „non
1628 1885 1800 1933 vminus
1835 1884 1926 1943 dii,
1961 1883 2042 1947 qui

386 1963 632 2027 sapientes
669 1978 780 2011 esse
816 1970 1077 2028 putantur,
1115 1980 1257 2028 quam
1293 1965 1415 2012 levia
1450 1965 1664 2024 somnia3
1711 1963 1934 2012 confusio
1966 1964 2040 2011 in-

384 2049 463 2092 est
499 2042 673 2090 divinis
707 2043 913 2106 perinde
949 2049 1095 2106 atque
1129 2043 1350 2091 humanis
1386 2044 1549 2103 rebus,
1584 2059 1744 2107 neque
1778 2043 2039 2107 quidquam

380 2128 570 2172 certum
605 2127 931 2186 constansque
965 2128 1040 2171 est
1073 2129 1269 2187 praeter
1301 2119 1618 2174 infortunia.”
1665 2122 1733 2170 Et
1754 2122 1896 2170 nobis
1920 2137 2040 2185 quo-

381 2218 478 2266 que
513 2201 733 2249 confusio
769 2218 858 2265 pro
893 2202 1137 2251 solutione
1170 2203 1285 2251 nodi
1321 2202 1497 2250 effecta
1542 2217 1656 2250 esse
1689 2201 1908 2260 videtur3
1951 2199 2039 2249 sed

379 2282 474 2330 alio
522 2296 627 2330 rem
673 2281 889 2345 dirigunt
933 2281 1015 2329 dii.
1095 2281 1269 2330 Statim
1315 2282 1441 2330 enim
1486 2280 1736 2346 Iphigenia
1781 2296 1930 2329 unum
1981 2295 2040 2328 ex

382 2361 584 2426 captivis
630 2359 827 2409 domum
880 2360 941 2408 ad
987 2362 1170 2409 amicos
1217 2377 1330 2410 suos
1381 2377 1490 2408 cum
1537 2360 1746 2424 epistola
1790 2359 2041 2408 dimittere

382 2439 667 2500 constituit,
702 2440 899 2488 alterius
934 2447 1099 2489 autem
1133 2440 1372 2489 sacrificio
1406 2441 1529 2488 deae
1564 2440 1865 2488 satisfacere.
1935 2439 2041 2487 Ge-

378 2536 610 2570 nerosum
646 2519 774 2567 enim
812 2535 942 2579 eum,
979 2536 1088 2568 cum
1123 2536 1218 2584 quo
1253 2519 1585 2582 colloquatur,
1622 2535 1760 2581 esse,
1795 2521 1854 2567 ut
1886 2518 2039 2566 confi-

380 2601 500 2653 dere
532 2600 578 2649 ei
611 2605 748 2647 recte
781 2598 955 2663 possit,
991 2600 1232 2665 cognovit.
1302 2599 1544 2663 Scriptam
1578 2604 1742 2647 autem
1764 2597 2039 2662 epistolam,

381 2697 525 2745 quam
574 2679 815 2727 traditura
860 2684 963 2739 est,
1008 2679 1147 2744 fingit
1189 2695 1216 2727 a
1262 2680 1423 2743 priore
1473 2679 1636 2743 aliquo
1672 2693 1784 2726 esse
1829 2676 2039 2748 captivo,

379 2761 465 2824 qui
499 2759 792 2821 intelligens,
843 2774 936 2807 non
981 2759 1165 2823 ipsam,
1218 2758 1304 2806 sed
1340 2758 1496 2821 legem
1535 2757 1780 2813 civitatis,
1816 2771 2039 2805 caussam

382 2855 496 2889 esse
546 2838 924 2897 immolationis,
970 2837 1066 2886 hoc
1117 2837 1210 2887 sibi
1244 2839 1434 2900 roganti
1467 2837 1772 2903 gratificatus
1809 2836 1899 2895 sit,
1942 2836 2039 2884 hoc

379 2919 569 2968 scilicet
611 2917 928 2966 humanitatis
975 2917 1199 2982 exemplo
1232 2918 1442 2967 animum
1479 2917 1670 2966 Orestis
1704 2930 1902 2964 movere
1935 2918 2038 2962 stu-

377 2999 531 3056 dens,
568 3002 620 3044 ut
653 3003 885 3045 excusata
919 2998 1133 3046 muneris
1169 2998 1242 3044 sui
1278 2998 1568 3046 crudelitate
1603 2995 1791 3044 socium
1825 2992 2037 3041 infortu-

376 3078 446 3128 nii
477 3076 661 3124 imitari
692 3092 755 3124 ne
790 3076 1098 3140 dedignetur.
1165 3076 1349 3124 Probat
1382 3077 1587 3126 Orestes
1609 3073 1865 3123 consilium
1892 3073 2037 3120 utris-

376 3172 475 3221 que
507 3156 661 3213 utile,
706 3156 920 3220 sedppro
954 3171 1009 3203 se
1042 3161 1095 3203 ut
1128 3156 1312 3203 amicus
1347 3171 1463 3204 suus
1499 3154 1810 3214 dimittatur,
1843 3150 2036 3200 suadet.

375 3237 523 3285 Hunc
549 3235 694 3295 enim,
730 3250 878 3297 quum
904 3235 1036 3283 nulla
1059 3236 1256 3299 propria
1289 3235 1582 3284 necessitate
1605 3236 1801 3280 coactus
1832 3236 2037 3295 propter

376 3316 532 3365 solam
565 3314 829 3363 amicitiam
864 3315 1149 3364 societatem
1185 3315 1348 3363 inierit
1381 3315 1600 3362 laborum
1633 3314 1684 3360 et
1711 3309 2035 3376 navigationis

375 3396 468 3447 sibi
503 3393 864 3460 suscipiendae,
899 3393 1168 3458 digniorem
1187 3409 1317 3453 esse,
1353 3393 1435 3458 qui
1468 3394 1718 3457 superstes
1754 3390 1850 3452 sit,
1885 3388 2034 3453 idque
