2164 3840
1007 254 1129 312 382
1162 244 1166 248 ’

374 400 659 450 Divitiarum
695 404 748 449 et
780 399 1031 463 potentiae
1061 400 1276 467 pretium
1304 400 1480 452 eodem
1510 403 1755 468 laudante,
1788 406 1914 457 haec

242 486 399 530 mater
431 480 729 543 respondet:
827 543 835 549 s

375 551 417 609 ὦ
449 556 653 616 τέκνον,
688 556 1059 622 ἀνθρώποισιν
1093 555 1234 610 ἔστιν
1268 552 1349 619 οἷς
1383 558 1501 626 βίος

368 638 399 690 ὁ
431 637 619 704 μικρὸς
651 637 840 704 εὐκρὰς
875 637 1093 705 ἐγένεθ’,
1130 633 1209 701 οἷς
1242 639 1289 691 δ’
1326 642 1487 707 ὄγκος
1519 641 1695 704 κακός.

368 797 433 850 τὰ
465 800 792 865 τυγχάνοντα
828 799 876 851 δ’
911 798 1047 861 ὅςτις
1081 794 1138 850 εὖ
1173 799 1319 865 φέρει
1354 801 1582 866 βροτῶν,

369 880 542 945 σοφὸν
573 880 769 945 νομίζω
805 884 1108 946 σωφρονεῖν
1140 879 1195 932 τέ
1230 899 1323 945 μοι
1359 881 1518 933 δοκεῖ.

238 962 348 1011 Non
379 962 522 1027 plane
555 979 844 1026 persuasum
879 978 991 1011 esse
1027 962 1342 1030 Melanippae
1376 965 1586 1024 videtur,
1625 962 1908 1028 priusquam

238 1041 390 1090 Diana
433 1042 582 1090 rebus
634 1043 983 1106 componendis
1027 1042 1364 1093 interveniret.
1449 1043 1555 1092 Deo
1607 1042 1737 1092 enim
1785 1056 1910 1107 opus

236 1122 330 1170 fuit
363 1121 422 1170 ad
456 1121 788 1186 praedicenda
824 1122 1005 1184 sutura,
1050 1123 1113 1171 de
1148 1126 1324 1187 quibus
1359 1125 1485 1173 haee
1521 1123 1720 1188 scripsit
1751 1121 1909 1187 Hygi·
1944 1178 1946 1183 Ι

235 1217 358 1249 nus:
409 1201 565 1262 „Post
611 1219 740 1266 quae
774 1202 1096 1268 Metapontus
1138 1204 1278 1252 duxit
1313 1203 1538 1269 coniugio
1571 1203 1908 1267 Melanippen,

236 1296 418 1345 eosque
454 1280 547 1328 sibi
582 1281 713 1328 filios
747 1282 1017 1345 adoptavit,
1060 1284 1141 1346 qui
1176 1284 1224 1331 in
1260 1284 1563 1348 Propontide
1598 1299 1658 1332 ex
1693 1293 1784 1331 suo
1817 1296 1907 1331 ηοό

235 1360 364 1409 mine
408 1359 734 1409 condiderunt
792 1361 1010 1411 Boeotus
1056 1362 1336 1423 Boeotiam,
1395 1364 1580 1414 Aeolus
1633 1359 1904 1412 Aeoliam.”

233 1440 408 1503 Neque
451 1440 554 1488 eius
600 1441 864 1501 Boeotiae,
901 1457 1026 1505 quae
1061 1443 1362 1492 contermina
1397 1443 1593 1493 Atticae
1629 1447 1762 1503 erat,
1814 1441 1903 1489 sed

233 1520 355 1568 alius
403 1519 655 1569 cuiusdam
698 1521 747 1569 in
781 1520 1083 1586 Propontide
1117 1524 1264 1585 sitae,
1317 1523 1616 1571 conditorem
1664 1522 1904 1571 Boeotum

231 1599 387 1648 fuisse
421 1599 569 1647 voluit
612 1600 903 1666 Euripides,
946 1617 1106 1666 neque
1141 1602 1247 1651 eius
1297 1603 1529 1662 Aeoliae,
1567 1614 1692 1666 quae
1729 1607 1903 1667 postea

229 1677 486 1727 Thessalia
521 1680 768 1745 appellata
801 1687 894 1740 est,
931 1682 1167 1739 Aeolum,
1206 1683 1296 1732 sed
1330 1683 1621 1744 insularum,
1655 1697 1776 1746 quas
1811 1693 1902 1729 vo·—

229 1758 421 1817 cabant,
453 1760 764 1821 Aeoliarum3
799 1760 864 1809 cf.
884 1761 1084 1813 Diodor.
1109 1761 1192 1822 lV,
1210 1765 1291 1811 67.
1344 1763 1481 1812 Idem
1508 1763 1677 1812 drama
1699 1761 1903 1812 Aristo-

228 1839 416 1905 phanes
453 1839 504 1887 in
538 1837 740 1890 Thesm.
778 1857 821 1888 v.
857 1843 971 1890 40⁷.
1005 1842 1254 1906 respexit:

358 1911 482 1968 εἶεν·
516 1919 656 1986 γυνή
690 1937 769 1981 τις
802 1917 1170 1987 ὑποβαλέσθαι
1207 1921 1452 1987 βούλεται

359 1996 641 2063 ἀποροῦσα
675 2000 912 2064 παίδων,
951 2000 1077 2053 οὐδὲ
1109 2005 1254 2053 τοῦτ’
1289 2001 1430 2054 ἔστιν
1462 2003 1672 2052 λαθεῖν·

357 2079 544 2145 ἄνδρες
577 2079 681 2145 γὰρ
716 2082 820 2149 ἤδη
856 2084 1265 2147 παρακάθηνται
1297 2083 1539 2149 πλησίον.

226 2159 303 2207 Ex
338 2161 515 2223 quihus
565 2165 880 2227 cognoscitur
928 2165 1056 2212 falsa
1100 2181 1243 2226 esse,
1293 2181 1420 2228 quae
1467 2162 1664 2227 quidam
1711 2161 1757 2207 in
1803 2159 1902 2207 vita

226 2239 485 2305 Euripidis
530 2243 694 2306 posuit
729 2242 819 2303 (cf.
853 2259 982 2292 muS.
1018 2243 1242 2292 Rhenan.
1279 2243 1315 2294 l.
1352 2261 1400 2307 p.
1435 2246 1546 2290 29⁴1.
1584 2240 1695 2288 anni
1732 2237 1902 2300 1833),

226 2318 545 2385 Euripidem,
581 2328 636 2371 ut
670 2322 900 2370 efficeret
932 2322 1082 2378 illud,
1127 2322 1257 2385 quod
1293 2323 1341 2371 in
1375 2317 1901 2384 Thesmophoriazusis

226 2400 565 2463 promisisset,
627 2419 684 2452 se
727 2403 937 2468 posthac
981 2402 1150 2450 laudes
1197 2401 1457 2450 mulierum
1505 2398 1900 2465 praedicaturum

226 2494 340 2528 esse
386 2497 444 2529 ac
507 2482 781 2531 celaturum
833 2483 1040 2546 probra,
1085 2483 1134 2530 in
1178 2482 1273 2530 hac
1317 2482 1483 2530 fabula
1529 2479 1757 2545 posuisse
1789 2477 1899 2524 illa:

226 2557 398 2625 μάτην
433 2559 518 2623 ἄρ’
554 2560 627 2622 εἷς
659 2563 920 2627 γυναῖκας
953 2578 999 2613 κ.
1022 2578 1066 2612 τ.
1090 2562 1135 2611 λ.
1206 2561 1480 2610 Commissa
1514 2567 1679 2622 autem
1705 2572 1899 2606 comoe-

226 2639 307 2688 dia
339 2642 683 2708 Aristophanis
718 2650 795 2692 est
829 2642 908 2692 Ol.
930 2647 1012 2705 92,
1048 2647 1095 2692 3.
1147 2644 1303 2703 Anno,
1338 2642 1421 2705 qui
1456 2638 1747 2705 praecessit,
1780 2637 1900 2686 Me-

225 2719 470 2786 lanippam
506 2724 819 2772 commissam
855 2740 969 2773 esse
999 2724 1240 2788 suspicor.
1307 2721 1570 2770 Praeterea
1591 2719 1737 2768 huius
1762 2732 1899 2766 men-

226 2801 406 2850 tionem
440 2802 639 2853 fabulae
673 2803 852 2853 Strabo
889 2802 1008 2853 fecit
1040 2803 1128 2861 VI,
1166 2805 1212 2862 1,
1249 2804 1326 2851 15.
1361 2819 1410 2866 p.
1444 2802 1557 2849 ⁶265.
1589 2800 1784 2861 (406.):
1819 2793 1897 2847 ἐν·

225 2882 404 2930 ταῦθα
436 2880 526 2932 καὶ
564 2882 659 2935 τὸν
693 2883 1050 2936 Μετάποντον
1083 2880 1384 2948 μυθεύουσι
1422 2878 1510 2932 καὶ
1542 2877 1641 2945 τὴν
1675 2878 1896 2928 Μελα-

226 2958 484 3026 νίππην
529 2962 644 3031 τὴν
691 2963 1033 3029 δεσμῶτιν
1077 2961 1166 3016 καὶ
1208 2961 1304 3013 τὸν
1344 2958 1395 3024 ἐξ
1431 2960 1596 3028 αὐτῆς
1630 2955 1887 3010 Βοιωτόν.

225 3042 370 3092 Adde
403 3044 615 3109 denique
647 3047 958 3096 Athenaeum
991 3044 1124 3097 XlV.
1148 3061 1197 3109 p.
1216 3046 1328 3093 613.
1348 3043 1406 3092 D.
1425 3053 1476 3093 et
1490 3042 1597 3092 xn.
1617 3059 1663 3107 p.
1682 3042 1794 3089 523.
1813 3038 1893 3099 Da,

225 3121 546 3175 Plutarchum
581 3123 781 3190 (fragm,
800 3128 906 3189 26.)
944 3132 1093 3191 atque
1125 3124 1459 3174 Eustathium.
