2150 3866
1074 249 1199 306 224

259 402 264 408 ‘
298 409 506 459 rumque
537 392 859 450 imitationem
877 428 892 452 ‚
927 393 1218 458 quibuscum
1250 393 1496 446 Wimarae
1528 397 1720 450 vivebat
1753 397 1972 448 amicitia

300 475 605 524 coniunctus,
685 473 911 523 Laedunt
956 475 1147 523 animos
1190 479 1372 540 poetae
1417 476 1546 525 mala
1577 483 1627 526 et
1660 493 1854 528 errores
1887 494 1970 528 re-

296 558 672 619 praesentantes
707 569 811 613 eoS,
847 553 1021 618 quibus
1041 554 1155 619 ipsi,
1192 554 1276 619 qui
1302 560 1524 618 spectant
1548 555 1628 605 vel
1646 556 1831 622 legunt,
1853 573 1970 622 per-

298 632 459 682 functi
492 638 619 694 sunt,
651 633 788 682 velut
813 631 1124 699 Phrynichus
1160 635 1570 701 expugnationem
1594 633 1758 684 Mileti
1789 634 1972 700 populo

296 713 674 763 Atheniensium
717 718 831 762 ante
878 714 1046 763 oculos
1093 730 1307 781 ponens3
1355 718 1527 763 contra
1573 713 1762 780 frigent
1796 729 1971 764 neces-

297 793 428 843 sario
463 794 677 842 carmina
708 798 759 840 et
781 793 824 841 vi
846 794 1074 843 movendi
1099 799 1281 856 carent,
1317 810 1444 858 quae
1477 794 1661 843 alienas
1694 809 1779 842 res
1804 793 1973 843 alienis

295 873 558 922 sententiis
608 872 929 936 moribusque
975 874 1260 924 coniunctas
1296 874 1578 923 ostendunt.
1646 873 1759 922 Hoc
1789 872 1974 922 intelli-

294 967 417 1015 gens
452 951 750 1012 schillems,
784 968 932 1016 quum
966 953 1264 1003 Phoenissas
1297 953 1555 1019 Euripidis
1587 952 1773 1003 imitari
1806 951 1973 1014 vellet,

293 1046 392 1080 non
437 1032 637 1080 nomina
682 1038 872 1080 tantum
915 1048 1236 1097 personarum
1282 1034 1512 1095 mutavit,
1564 1033 1654 1082 sed
1698 1047 1780 1081 res
1826 1032 1972 1080 etiam

294 1110 400 1159 sive
446 1118 790 1174 argumentum
835 1112 884 1163 in
931 1129 987 1162 ea
1032 1113 1142 1162 loca
1175 1130 1233 1162 ac
1266 1119 1493 1178 tempora
1526 1112 1800 1172 transtulit,
1847 1127 1973 1176 quae

293 1190 747 1241 substituendorum
782 1192 1026 1242 haberent
1065 1193 1343 1243 studiorum
1379 1208 1574 1242 morum
1594 1189 1974 1242 sententiarum-

293 1285 391 1334 que
425 1271 725 1320 nostratibus
760 1279 1102 1321 consuetarum
1125 1273 1562 1338 opportunitatem.
1614 1271 1834 1336 Itemque
1858 1276 1973 1320 ante

291 1349 425 1400 hunc
457 1350 745 1416 Lessingius
788 1352 936 1417 Appii
971 1358 1020 1401 et
1049 1351 1258 1416 Virginii
1288 1352 1478 1401 factum
1514 1352 1587 1401 sic
1619 1350 1841 1400 imitatus
1875 1354 1971 1413 est,

290 1435 346 1479 ut
377 1431 597 1480 moribus
632 1432 847 1480 recentis
882 1431 1068 1481 saeculi
1099 1432 1151 1482 in
1183 1431 1348 1481 locum
1381 1432 1694 1495 antiquorum
1734 1430 1974 1496 repositis

289 1525 373 1559 res
421 1525 592 1560 omues
643 1510 788 1576 plane
835 1512 899 1560 ad
942 1511 1090 1561 huius
1124 1512 1301 1561 aetatis
1345 1512 1587 1561 rationem
1617 1510 1972 1560 conformaret.

289 1587 481 1640 Verum
517 1591 811 1652 nominibus,
849 1592 987 1652 lociS,
1023 1591 1332 1656 temporibus
1366 1596 1418 1641 et
1451 1590 1663 1652 ceteriS,
1699 1605 1825 1653 quae
1857 1595 1973 1640 sunt

287 1668 575 1730 adventicia,
609 1686 757 1720 nemo
792 1672 887 1720 nisi
920 1671 1148 1720 indoctus
1183 1671 1470 1733 offenditur,
1502 1686 1664 1734 neque
1697 1669 1969 1736 reprehen-

287 1749 440 1799 dendi
470 1755 638 1800 essent
673 1750 930 1800 Gallorum
965 1752 1169 1815 tragici,
1215 1750 1347 1815 quod
1392 1750 1662 1799 aulicorum
1697 1765 1817 1799 suae
1848 1764 1970 1813 gen-

286 1830 349 1878 tis
383 1845 548 1878 mores
585 1830 833 1881 imitantes
867 1832 1063 1881 nomina
1096 1833 1157 1881 iis
1194 1832 1498 1882 Graecorum
1519 1829 1729 1879 heroum
1761 1834 1813 1878 et
1837 1828 1970 1877 facta

285 1909 595 1971 tribuerunt,
631 1910 899 1960 dummodo
934 1928 1013 1972 ne,
1051 1929 1201 1977 quum
1236 1916 1458 1961 veterum
1491 1909 1856 1975 tragoediarum
1891 1925 1970 1958 ar·

198 2062 201 2063 γ
285 1994 522 2055 gumenta
554 1989 843 2052 retinerent,
877 2008 905 2039 a
940 2008 1131 2041 summa
1163 1992 1447 2058 tragoediae
1484 1990 1803 2039 defecissent.

435 2068 658 2118 Retinuit
710 2070 861 2119 etiam
918 2070 1185 2136 Euripides
1240 2072 1435 2121 nomina
1482 2070 1689 2119 heroum
1749 2073 1800 2118 et
1844 2072 1970 2117 tem-

283 2165 407 2215 pora
454 2148 693 2212 locosque
745 2166 910 2199 rerum
967 2156 1022 2200 et
1074 2166 1399 2216 quaecunque
1452 2150 1515 2198 de
1565 2149 1764 2198 illorum
1822 2147 1969 2197 factis

283 2229 417 2278 fama
450 2229 781 2277 vetustissima
821 2230 1166 2291 tradebantur,
1215 2247 1326 2279 cum
1360 2236 1524 2278 tamen
1558 2244 1725 2277 mores
1760 2231 1811 2276 et
1859 2242 1970 2276 sen·

284 2309 465 2358 tentias
510 2323 609 2357 non
654 2307 897 2367 heroum,
956 2309 1046 2358 sed
1102 2310 1281 2359 civium
1339 2307 1744 2369 Atheniensium,
1797 2305 1969 2371 quales

284 2395 390 2438 tum
449 2393 622 2449 erant,
684 2388 963 2438 imitaretur
1023 2394 1074 2438 et
1127 2389 1189 2439 ad
1247 2390 1324 2438 sui
1375 2388 1558 2438 saeculi
1619 2403 1809 2436 morem
1861 2401 1969 2435 mo-

287 2468 508 2532 dumque
553 2467 687 2516 dicta
719 2468 949 2532 factaque
983 2469 1148 2518 omnia
1189 2469 1550 2529 conformaret,
1603 2467 1735 2532 quod
1779 2466 1966 2516 faciens

284 2554 389 2598 tum
425 2548 691 2613 incongrua
724 2549 980 2598 effinxisse
1012 2556 1116 2599 tum
1151 2550 1424 2599 descivisse
1457 2549 1517 2598 ab
1553 2547 1763 2597 Homeri
1797 2561 1968 2595 exem-

283 2629 370 2694 plo
403 2633 553 2693 atque
587 2629 887 2678 auctoritate
920 2629 1090 2679 multis
1122 2629 1337 2691 videtur,
1373 2645 1497 2693 quos
1519 2628 1629 2677 falli
1653 2641 1783 2676 nunc
1801 2630 1968 2675 osten-

286 2723 430 2757 surus
467 2724 594 2759 sum.
663 2708 889 2756 Imitatus
925 2716 1005 2758 est
1037 2709 1288 2758 Homerus
1322 2709 1588 2758 maioribus
1623 2705 1820 2772 quidem
1855 2720 1967 2754 cor-

283 2789 418 2852 poris
463 2787 648 2837 viribus
691 2789 947 2853 praeditos
989 2788 1244 2850 homines,
1291 2804 1436 2852 quam
1482 2788 1604 2836 vidit
1650 2787 1701 2834 in
1734 2785 1965 2846 veritate,

283 2867 335 2915 id
382 2867 514 2930 quod
558 2867 783 2916 formula
819 2860 926 2918 οἶοι
958 2869 1064 2918 νῦν
1097 2865 1284 2933 βροτοί
1330 2865 1459 2917 εἰσιν
1509 2866 1825 2931 significavit,
1873 2859 1964 2913 sed

282 2962 450 2995 mores
486 2961 583 2994 non
617 2945 872 2996 hominum
908 2953 1114 3009 tantum,
1150 2949 1241 2998 sed
1275 2948 1480 2997 deorum
1515 2962 1712 3011 quoque
1747 2960 1857 2993 cum
1893 2944 1963 2991 vi-

281 3026 369 3076 tiis
405 3031 459 3074 et
490 3026 752 3075 virtutibus
788 3027 933 3086 taleS‚
969 3028 1139 3091 quales
1174 3044 1347 3077 revera
1382 3042 1496 3076 esse
1530 3029 1841 3091 cognoverat,
1875 3037 1961 3070 ex-

281 3102 484 3171 pressss
517 3104 682 3169 turpia
715 3113 863 3170 atque
901 3108 1146 3156 obscoena
1172 3108 1223 3156 in
1242 3108 1404 3172 ipsum
1430 3105 1696 3170 Olympum
1717 3094 1961 3151 medium-

281 3201 380 3249 que
422 3184 630 3232 deorum
681 3190 975 3235 conventum
1022 3187 1234 3247 invexit,
1288 3201 1448 3249 neque
1493 3201 1550 3233 ea
1601 3182 1705 3231 sola
1746 3181 1961 3241 effinxit,

282 3280 409 3329 quae
440 3265 807 3329 tragoediarum
838 3267 1110 3331 scriptores
1134 3267 1232 3315 rite
1255 3267 1581 3323 imitarentur,
1615 3276 1786 3311 verum
1809 3261 1961 3310 etiam

281 3345 493 3408 satyrica
536 3344 757 3392 dramata
807 3351 858 3393 et
900 3345 1180 3395 comoedias
1225 3345 1483 3410 scripturis
1515 3349 1622 3392 tum
1653 3340 1781 3388 viam
1813 3355 1961 3389 mon-

280 3423 484 3486 stravit,
525 3428 628 3474 tum
675 3425 899 3489 exempla
931 3425 1192 3491 proposuit
1223 3423 1580 3489 materiamque
1612 3418 1957 3486 suppeditavit.
