<?xml version="1.0" encoding="UTF-8"?>
<!DOCTYPE html PUBLIC "-//W3C//DTD XHTML 1.0 Transitional//EN"
    "http://www.w3.org/TR/xhtml1/DTD/xhtml1-transitional.dtd">
<html xmlns="http://www.w3.org/1999/xhtml" xml:lang="en" lang="en">
 <head>
  <title>
</title>
<meta http-equiv="Content-Type" content="text/html;charset=utf-8" />
  <meta name='ocr-system' content='tesseract 3.04.00' />
  <meta name='ocr-capabilities' content='ocr_page ocr_carea ocr_par ocr_line ocrx_word'/>
</head>
<body>
  <div class='ocr_page' id='page_1' title='image "./euripidesrestitu02hartuoft_0381.png"; bbox 0 0 2124 3860; ppageno 0'>
   <div class='ocr_carea' id='block_1_1' title="bbox 915 226 1037 284">
    <p class='ocr_par' dir='ltr' id='par_1_1' title="bbox 915 226 1037 284">
     <span class='ocr_line' id='line_1_1' title="bbox 915 226 1037 284; baseline 0.008 -1"><span class='ocrx_word' id='word_1_1' title='bbox 915 226 1037 284; x_wconf 79' lang='lat'><strong>369</strong></span> 
     </span>
    </p>
   </div>
   <div class='ocr_carea' id='block_1_2' title="bbox 64 373 1808 3478">
    <p class='ocr_par' dir='ltr' id='par_1_2' title="bbox 64 373 1808 3478">
     <span class='ocr_line' id='line_1_2' title="bbox 115 373 1808 440; baseline 0.002 -14"><span class='ocrx_word' id='word_1_2' title='bbox 115 379 287 427; x_wconf 73' lang='lat' dir='ltr'><strong>essent</strong></span> <span class='ocrx_word' id='word_1_3' title='bbox 334 390 507 440; x_wconf 81' lang='lat' dir='ltr'><strong>parum</strong></span> <span class='ocrx_word' id='word_1_4' title='bbox 559 373 865 424; x_wconf 78' lang='lat' dir='ltr'><strong>verisimilia.</strong></span> <span class='ocrx_word' id='word_1_5' title='bbox 943 375 1076 426; x_wconf 85' lang='lat' dir='ltr'><strong>Tum</strong></span> <span class='ocrx_word' id='word_1_6' title='bbox 1118 379 1381 440; x_wconf 88' lang='lat' dir='ltr'><strong>respectus</strong></span> <span class='ocrx_word' id='word_1_7' title='bbox 1426 375 1683 428; x_wconf 86' lang='lat' dir='ltr'><strong>habendus</strong></span> <span class='ocrx_word' id='word_1_8' title='bbox 1730 386 1808 430; x_wconf 87' lang='lat' dir='ltr'><strong>est</strong></span> 
     </span>
     <span class='ocr_line' id='line_1_3' title="bbox 113 454 1801 522; baseline 0.003 -17"><span class='ocrx_word' id='word_1_9' title='bbox 113 454 525 522; x_wconf 75' lang='lat' dir='ltr'><strong>opportunitatis:</strong></span> <span class='ocrx_word' id='word_1_10' title='bbox 559 454 754 504; x_wconf 77' lang='lat' dir='ltr'><strong>facilius</strong></span> <span class='ocrx_word' id='word_1_11' title='bbox 789 456 920 505; x_wconf 89' lang='lat' dir='ltr'><strong>enim</strong></span> <span class='ocrx_word' id='word_1_12' title='bbox 955 456 1193 520; x_wconf 87' lang='lat' dir='ltr'><strong>patimur,</strong></span> <span class='ocrx_word' id='word_1_13' title='bbox 1228 456 1353 504; x_wconf 91' lang='lat' dir='ltr'><strong>mira</strong></span> <span class='ocrx_word' id='word_1_14' title='bbox 1389 473 1502 505; x_wconf 89' lang='lat' dir='ltr'><strong>cum</strong></span> <span class='ocrx_word' id='word_1_15' title='bbox 1537 465 1801 510; x_wconf 89' lang='lat' dir='ltr'><strong>narrantur</strong></span> 
     </span>
     <span class='ocr_line' id='line_1_4' title="bbox 111 535 1805 602; baseline 0.002 -18"><span class='ocrx_word' id='word_1_16' title='bbox 111 535 191 584; x_wconf 84' lang='lat' dir='ltr'><strong>vel</strong></span> <span class='ocrx_word' id='word_1_17' title='bbox 222 536 593 601; x_wconf 86' lang='lat' dir='ltr'><strong>praedicuntur,</strong></span> <span class='ocrx_word' id='word_1_18' title='bbox 628 551 772 599; x_wconf 88' lang='lat' dir='ltr'><strong>quam</strong></span> <span class='ocrx_word' id='word_1_19' title='bbox 810 552 959 600; x_wconf 88' lang='lat' dir='ltr'><strong>quum</strong></span> <span class='ocrx_word' id='word_1_20' title='bbox 996 537 1045 586; x_wconf 92' lang='lat' dir='ltr'><strong>in</strong></span> <span class='ocrx_word' id='word_1_21' title='bbox 1072 542 1343 600; x_wconf 90' lang='lat' dir='ltr'><strong>conspectu</strong></span> <span class='ocrx_word' id='word_1_22' title='bbox 1373 543 1651 602; x_wconf 81' lang='lat' dir='ltr'><strong>ponuntur3</strong></span> <span class='ocrx_word' id='word_1_23' title='bbox 1684 539 1805 590; x_wconf 86' lang='lat' dir='ltr'><strong>faci-</strong></span> 
     </span>
     <span class='ocr_line' id='line_1_5' title="bbox 111 615 1805 679; baseline 0.002 -13"><span class='ocrx_word' id='word_1_24' title='bbox 111 615 225 676; x_wconf 78' lang='grc'>11118,</span> <span class='ocrx_word' id='word_1_25' title='bbox 262 632 373 665; x_wconf 88' lang='grc'>611111</span> <span class='ocrx_word' id='word_1_26' title='bbox 402 616 563 664; x_wconf 89' lang='lat' dir='ltr'><strong>obiter</strong></span> <span class='ocrx_word' id='word_1_27' title='bbox 584 621 868 679; x_wconf 85' lang='lat' dir='ltr'><strong>tanguntur,</strong></span> <span class='ocrx_word' id='word_1_28' title='bbox 904 633 1052 679; x_wconf 88' lang='lat' dir='ltr'><strong>quam</strong></span> <span class='ocrx_word' id='word_1_29' title='bbox 1075 633 1189 665; x_wconf 91' lang='lat' dir='ltr'><strong>cum</strong></span> <span class='ocrx_word' id='word_1_30' title='bbox 1212 618 1486 665; x_wconf 73' lang='lat' dir='ltr'><strong>accuratius</strong></span> <span class='ocrx_word' id='word_1_31' title='bbox 1511 618 1805 670; x_wconf 87' lang='lat' dir='ltr'><strong>describun-</strong></span> 
     </span>
     <span class='ocr_line' id='line_1_6' title="bbox 112 695 1806 761; baseline 0.003 -16"><span class='ocrx_word' id='word_1_32' title='bbox 112 700 224 745; x_wconf 88' lang='lat' dir='ltr'><strong>tur:</strong></span> <span class='ocrx_word' id='word_1_33' title='bbox 271 711 369 759; x_wconf 89' lang='lat' dir='ltr'><strong>quo</strong></span> <span class='ocrx_word' id='word_1_34' title='bbox 414 702 701 761; x_wconf 83' lang='lat' dir='ltr'><strong>argumento</strong></span> <span class='ocrx_word' id='word_1_35' title='bbox 747 695 1067 761; x_wconf 82' lang='lat' dir='ltr'><strong>prologorum</strong></span> <span class='ocrx_word' id='word_1_36' title='bbox 1115 695 1522 761; x_wconf 84' lang='lat' dir='ltr'><strong>epilogorumque</strong></span> <span class='ocrx_word' id='word_1_37' title='bbox 1566 700 1806 750; x_wconf 88' lang='lat' dir='ltr'><strong>materiae</strong></span> 
     </span>
     <span class='ocr_line' id='line_1_7' title="bbox 112 775 1806 841; baseline 0.002 -16"><span class='ocrx_word' id='word_1_38' title='bbox 112 781 424 825; x_wconf 80' lang='lat' dir='ltr'><strong>excusantur.</strong></span> <span class='ocrx_word' id='word_1_39' title='bbox 492 775 558 824; x_wconf 82' lang='lat' dir='ltr'><strong>Et</strong></span> <span class='ocrx_word' id='word_1_40' title='bbox 592 791 697 824; x_wconf 89' lang='lat' dir='ltr'><strong>eam</strong></span> <span class='ocrx_word' id='word_1_41' title='bbox 734 775 934 838; x_wconf 89' lang='lat' dir='ltr'><strong>quidem</strong></span> <span class='ocrx_word' id='word_1_42' title='bbox 970 791 1135 824; x_wconf 90' lang='lat' dir='ltr'><strong>rerum</strong></span> <span class='ocrx_word' id='word_1_43' title='bbox 1174 777 1527 836; x_wconf 84' lang='lat' dir='ltr'><strong>conditionem,</strong></span> <span class='ocrx_word' id='word_1_44' title='bbox 1565 794 1692 841; x_wconf 90' lang='lat' dir='ltr'><strong>quae</strong></span> <span class='ocrx_word' id='word_1_45' title='bbox 1727 784 1806 829; x_wconf 91' lang='lat' dir='ltr'><strong>est</strong></span> 
     </span>
     <span class='ocr_line' id='line_1_8' title="bbox 112 855 1806 917; baseline 0.003 -13"><span class='ocrx_word' id='word_1_46' title='bbox 112 856 165 905; x_wconf 91' lang='lat' dir='ltr'><strong>in</strong></span> <span class='ocrx_word' id='word_1_47' title='bbox 199 856 337 904; x_wconf 92' lang='lat' dir='ltr'><strong>initio</strong></span> <span class='ocrx_word' id='word_1_48' title='bbox 373 855 675 916; x_wconf 80' lang='lat' dir='ltr'><strong>dramatum,</strong></span> <span class='ocrx_word' id='word_1_49' title='bbox 713 855 883 917; x_wconf 90' lang='lat' dir='ltr'><strong>quavis</strong></span> <span class='ocrx_word' id='word_1_50' title='bbox 919 856 1110 904; x_wconf 88' lang='lat' dir='ltr'><strong>ratione</strong></span> <span class='ocrx_word' id='word_1_51' title='bbox 1143 856 1262 905; x_wconf 89' lang='lat' dir='ltr'><strong>licet</strong></span> <span class='ocrx_word' id='word_1_52' title='bbox 1296 856 1527 904; x_wconf 87' lang='lat' dir='ltr'><strong>effectam</strong></span> <span class='ocrx_word' id='word_1_53' title='bbox 1563 874 1676 908; x_wconf 89' lang='lat' dir='ltr'><strong>esse</strong></span> <span class='ocrx_word' id='word_1_54' title='bbox 1710 861 1806 909; x_wconf 87' lang='lat' dir='ltr'><strong>fin-</strong></span> 
     </span>
     <span class='ocr_line' id='line_1_9' title="bbox 113 934 1804 1003; baseline 0.001 -18"><span class='ocrx_word' id='word_1_55' title='bbox 113 951 258 1003; x_wconf 84' lang='lat' dir='ltr'><strong>gere,</strong></span> <span class='ocrx_word' id='word_1_56' title='bbox 305 935 512 984; x_wconf 89' lang='lat' dir='ltr'><strong>eandem</strong></span> <span class='ocrx_word' id='word_1_57' title='bbox 548 934 811 994; x_wconf 80' lang='lat' dir='ltr'><strong>effectam,</strong></span> <span class='ocrx_word' id='word_1_58' title='bbox 855 941 1118 998; x_wconf 79' lang='lat' dir='ltr'><strong>postquam</strong></span> <span class='ocrx_word' id='word_1_59' title='bbox 1155 936 1322 999; x_wconf 89' lang='lat' dir='ltr'><strong>coepit</strong></span> <span class='ocrx_word' id='word_1_60' title='bbox 1355 937 1551 985; x_wconf 88' lang='lat' dir='ltr'><strong>theatro</strong></span> <span class='ocrx_word' id='word_1_61' title='bbox 1587 940 1804 1001; x_wconf 89' lang='lat' dir='ltr'><strong>ostendi,</strong></span> 
     </span>
     <span class='ocr_line' id='line_1_10' title="bbox 112 1015 1804 1084; baseline 0.002 -19"><span class='ocrx_word' id='word_1_62' title='bbox 112 1016 303 1066; x_wconf 87' lang='lat' dir='ltr'><strong>caussis</strong></span> <span class='ocrx_word' id='word_1_63' title='bbox 350 1032 497 1080; x_wconf 90' lang='lat' dir='ltr'><strong>quam</strong></span> <span class='ocrx_word' id='word_1_64' title='bbox 545 1015 757 1063; x_wconf 85' lang='lat' dir='ltr'><strong>maxime</strong></span> <span class='ocrx_word' id='word_1_65' title='bbox 791 1015 1096 1065; x_wconf 89' lang='lat' dir='ltr'><strong>naturalibus</strong></span> <span class='ocrx_word' id='word_1_66' title='bbox 1132 1015 1315 1065; x_wconf 88' lang='lat' dir='ltr'><strong>mutari</strong></span> <span class='ocrx_word' id='word_1_67' title='bbox 1351 1022 1402 1064; x_wconf 90' lang='lat' dir='ltr'><strong>et</strong></span> <span class='ocrx_word' id='word_1_68' title='bbox 1433 1018 1619 1067; x_wconf 81' lang='lat' dir='ltr'><strong>exitum</strong></span> <span class='ocrx_word' id='word_1_69' title='bbox 1656 1036 1804 1084; x_wconf 80' lang='lat' dir='ltr'><strong>argu-</strong></span> 
     </span>
     <span class='ocr_line' id='line_1_11' title="bbox 113 1095 1803 1163; baseline 0.003 -19"><span class='ocrx_word' id='word_1_70' title='bbox 113 1095 269 1145; x_wconf 87' lang='lat' dir='ltr'><strong>menti</strong></span> <span class='ocrx_word' id='word_1_71' title='bbox 320 1097 424 1144; x_wconf 90' lang='lat' dir='ltr'><strong>sine</strong></span> <span class='ocrx_word' id='word_1_72' title='bbox 465 1095 560 1144; x_wconf 92' lang='lat' dir='ltr'><strong>deo</strong></span> <span class='ocrx_word' id='word_1_73' title='bbox 596 1095 835 1160; x_wconf 84' lang='lat' dir='ltr'><strong>explicari</strong></span> <span class='ocrx_word' id='word_1_74' title='bbox 870 1111 1079 1144; x_wconf 90' lang='lat' dir='ltr'><strong>necesse</strong></span> <span class='ocrx_word' id='word_1_75' title='bbox 1115 1102 1218 1144; x_wconf 89' lang='lat' dir='ltr'><strong>est:</strong></span> <span class='ocrx_word' id='word_1_76' title='bbox 1255 1111 1352 1159; x_wconf 92' lang='lat' dir='ltr'><strong>quo</strong></span> <span class='ocrx_word' id='word_1_77' title='bbox 1389 1097 1474 1144; x_wconf 89' lang='lat' dir='ltr'><strong>ubi</strong></span> <span class='ocrx_word' id='word_1_78' title='bbox 1511 1105 1803 1163; x_wconf 88' lang='lat' dir='ltr'><strong>perventum</strong></span> 
     </span>
     <span class='ocr_line' id='line_1_12' title="bbox 111 1175 1803 1241; baseline 0.002 -16"><span class='ocrx_word' id='word_1_79' title='bbox 111 1183 208 1238; x_wconf 87' lang='lat' dir='ltr'><strong>est,</strong></span> <span class='ocrx_word' id='word_1_80' title='bbox 245 1175 305 1224; x_wconf 90' lang='lat' dir='ltr'><strong>ad</strong></span> <span class='ocrx_word' id='word_1_81' title='bbox 342 1176 649 1241; x_wconf 82' lang='lat' dir='ltr'><strong>expedienda</strong></span> <span class='ocrx_word' id='word_1_82' title='bbox 685 1192 767 1237; x_wconf 89' lang='lat' dir='ltr'><strong>ea,</strong></span> <span class='ocrx_word' id='word_1_83' title='bbox 804 1191 931 1239; x_wconf 89' lang='lat' dir='ltr'><strong>quae</strong></span> <span class='ocrx_word' id='word_1_84' title='bbox 965 1182 1105 1225; x_wconf 82' lang='lat' dir='ltr'><strong>extra</strong></span> <span class='ocrx_word' id='word_1_85' title='bbox 1149 1176 1270 1225; x_wconf 90' lang='lat' dir='ltr'><strong>illud</strong></span> <span class='ocrx_word' id='word_1_86' title='bbox 1308 1186 1651 1239; x_wconf 84' lang='lat' dir='ltr'><strong>argumentum</strong></span> <span class='ocrx_word' id='word_1_87' title='bbox 1689 1185 1803 1229; x_wconf 88' lang='lat' dir='ltr'><strong>sunt</strong></span> 
     </span>
     <span class='ocr_line' id='line_1_13' title="bbox 109 1255 1600 1321; baseline -0.001 -16"><span class='ocrx_word' id='word_1_88' title='bbox 109 1256 271 1321; x_wconf 86' lang='lat' dir='ltr'><strong>posita</strong></span> <span class='ocrx_word' id='word_1_89' title='bbox 306 1262 357 1304; x_wconf 89' lang='lat' dir='ltr'><strong>et</strong></span> <span class='ocrx_word' id='word_1_90' title='bbox 389 1255 721 1320; x_wconf 89' lang='lat' dir='ltr'><strong>praedicenda</strong></span> <span class='ocrx_word' id='word_1_91' title='bbox 755 1255 940 1316; x_wconf 87' lang='lat' dir='ltr'><strong>futura,</strong></span> <span class='ocrx_word' id='word_1_92' title='bbox 979 1257 1102 1304; x_wconf 84' lang='grc'>116118</span> <span class='ocrx_word' id='word_1_93' title='bbox 1139 1261 1277 1305; x_wconf 87' lang='lat' dir='ltr'><strong>recte</strong></span> <span class='ocrx_word' id='word_1_94' title='bbox 1316 1257 1600 1306; x_wconf 78' lang='lat' dir='ltr'><strong>arcessitur.</strong></span> 
     </span>
     <span class='ocr_line' id='line_1_14' title="bbox 241 1336 1802 1400; baseline 0.002 -16"><span class='ocrx_word' id='word_1_95' title='bbox 241 1336 685 1399; x_wconf 77' lang='lat' dir='ltr'><strong>Diligentissimum</strong></span> <span class='ocrx_word' id='word_1_96' title='bbox 715 1336 1015 1399; x_wconf 85' lang='lat' dir='ltr'><strong>tragicorum</strong></span> <span class='ocrx_word' id='word_1_97' title='bbox 1042 1342 1299 1400; x_wconf 88' lang='lat' dir='ltr'><strong>poetarum</strong></span> <span class='ocrx_word' id='word_1_98' title='bbox 1322 1336 1616 1400; x_wconf 85' lang='lat' dir='ltr'><strong>Euripidem</strong></span> <span class='ocrx_word' id='word_1_99' title='bbox 1643 1337 1802 1387; x_wconf 87' lang='lat' dir='ltr'><strong>fuisse</strong></span> 
     </span>
     <span class='ocr_line' id='line_1_15' title="bbox 107 1415 1800 1482; baseline 0.001 -16"><span class='ocrx_word' id='word_1_100' title='bbox 107 1421 159 1466; x_wconf 88' lang='lat' dir='ltr'><strong>et</strong></span> <span class='ocrx_word' id='word_1_101' title='bbox 193 1431 385 1464; x_wconf 89' lang='lat' dir='ltr'><strong>summo</strong></span> <span class='ocrx_word' id='word_1_102' title='bbox 427 1417 656 1464; x_wconf 87' lang='lat' dir='ltr'><strong>acumine</strong></span> <span class='ocrx_word' id='word_1_103' title='bbox 699 1431 991 1480; x_wconf 90' lang='lat' dir='ltr'><strong>summaque</strong></span> <span class='ocrx_word' id='word_1_104' title='bbox 1037 1415 1287 1476; x_wconf 87' lang='lat' dir='ltr'><strong>sollertia,</strong></span> <span class='ocrx_word' id='word_1_105' title='bbox 1338 1433 1400 1464; x_wconf 92' lang='lat' dir='ltr'><strong>ne</strong></span> <span class='ocrx_word' id='word_1_106' title='bbox 1435 1418 1552 1481; x_wconf 87' lang='lat' dir='ltr'><strong>quid</strong></span> <span class='ocrx_word' id='word_1_107' title='bbox 1590 1434 1800 1482; x_wconf 88' lang='lat' dir='ltr'><strong>usquam</strong></span> 
     </span>
     <span class='ocr_line' id='line_1_16' title="bbox 106 1496 1798 1561; baseline 0 -15"><span class='ocrx_word' id='word_1_108' title='bbox 106 1496 497 1560; x_wconf 82' lang='lat' dir='ltr'><strong>relinqueretur,</strong></span> <span class='ocrx_word' id='word_1_109' title='bbox 542 1496 593 1544; x_wconf 92' lang='lat' dir='ltr'><strong>in</strong></span> <span class='ocrx_word' id='word_1_110' title='bbox 630 1511 727 1561; x_wconf 92' lang='lat' dir='ltr'><strong>quo</strong></span> <span class='ocrx_word' id='word_1_111' title='bbox 763 1496 996 1545; x_wconf 84' lang='lat' dir='ltr'><strong>haereret</strong></span> <span class='ocrx_word' id='word_1_112' title='bbox 1031 1500 1370 1561; x_wconf 86' lang='lat' dir='ltr'><strong>spectatorum</strong></span> <span class='ocrx_word' id='word_1_113' title='bbox 1406 1512 1642 1558; x_wconf 88' lang='lat' dir='ltr'><strong>acumen,</strong></span> <span class='ocrx_word' id='word_1_114' title='bbox 1681 1513 1798 1561; x_wconf 91' lang='lat' dir='ltr'><strong>pro-</strong></span> 
     </span>
     <span class='ocr_line' id='line_1_17' title="bbox 108 1577 1799 1643; baseline -0.001 -16"><span class='ocrx_word' id='word_1_115' title='bbox 108 1578 350 1643; x_wconf 77' lang='lat' dir='ltr'><strong>spexisse,</strong></span> <span class='ocrx_word' id='word_1_116' title='bbox 387 1592 559 1625; x_wconf 90' lang='lat' dir='ltr'><strong>omnes</strong></span> <span class='ocrx_word' id='word_1_117' title='bbox 593 1581 869 1639; x_wconf 88' lang='lat' dir='ltr'><strong>testantur,</strong></span> <span class='ocrx_word' id='word_1_118' title='bbox 905 1577 1058 1640; x_wconf 89' lang='lat' dir='ltr'><strong>idque</strong></span> <span class='ocrx_word' id='word_1_119' title='bbox 1094 1578 1386 1638; x_wconf 85' lang='lat' dir='ltr'><strong>dramatum,</strong></span> <span class='ocrx_word' id='word_1_120' title='bbox 1423 1592 1549 1640; x_wconf 88' lang='lat' dir='ltr'><strong>quae</strong></span> <span class='ocrx_word' id='word_1_121' title='bbox 1585 1583 1799 1639; x_wconf 85' lang='lat' dir='ltr'><strong>exstant,</strong></span> 
     </span>
     <span class='ocr_line' id='line_1_18' title="bbox 92 1656 1800 1720; baseline -0.001 -13"><span class='ocrx_word' id='word_1_122' title='bbox 92 1662 358 1707; x_wconf 83' lang='lat' dir='ltr'><strong>structura</strong></span> <span class='ocrx_word' id='word_1_123' title='bbox 394 1658 730 1707; x_wconf 85' lang='lat' dir='ltr'><strong>confirmatur.</strong></span> <span class='ocrx_word' id='word_1_124' title='bbox 801 1657 1063 1705; x_wconf 88' lang='lat' dir='ltr'><strong>Orationes</strong></span> <span class='ocrx_word' id='word_1_125' title='bbox 1098 1662 1263 1705; x_wconf 88' lang='lat' dir='ltr'><strong>tamen</strong></span> <span class='ocrx_word' id='word_1_126' title='bbox 1299 1656 1431 1720; x_wconf 89' lang='lat' dir='ltr'><strong>quod</strong></span> <span class='ocrx_word' id='word_1_127' title='bbox 1465 1657 1668 1718; x_wconf 79' lang='lat' dir='ltr'><strong>attinet,</strong></span> <span class='ocrx_word' id='word_1_128' title='bbox 1705 1658 1800 1705; x_wconf 85' lang='lat' dir='ltr'><strong>mi-</strong></span> 
     </span>
     <span class='ocr_line' id='line_1_19' title="bbox 106 1736 1798 1801; baseline -0.001 -13"><span class='ocrx_word' id='word_1_129' title='bbox 106 1754 199 1788; x_wconf 89' lang='grc'>11118</span> <span class='ocrx_word' id='word_1_130' title='bbox 228 1739 506 1798; x_wconf 85' lang='lat' dir='ltr'><strong>interdum,</strong></span> <span class='ocrx_word' id='word_1_131' title='bbox 543 1754 691 1801; x_wconf 90' lang='lat' dir='ltr'><strong>quam</strong></span> <span class='ocrx_word' id='word_1_132' title='bbox 728 1737 903 1795; x_wconf 85' lang='lat' dir='ltr'><strong>decet,</strong></span> <span class='ocrx_word' id='word_1_133' title='bbox 940 1753 1078 1784; x_wconf 89' lang='lat' dir='ltr'><strong>suam</strong></span> <span class='ocrx_word' id='word_1_134' title='bbox 1116 1737 1413 1785; x_wconf 90' lang='lat' dir='ltr'><strong>sententiam</strong></span> <span class='ocrx_word' id='word_1_135' title='bbox 1450 1736 1798 1798; x_wconf 88' lang='lat' dir='ltr'><strong>dissimulavit,</strong></span> 
     </span>
     <span class='ocr_line' id='line_1_20' title="bbox 105 1816 1798 1882; baseline 0 -16"><span class='ocrx_word' id='word_1_136' title='bbox 105 1825 161 1866; x_wconf 89' lang='lat' dir='ltr'><strong>et</strong></span> <span class='ocrx_word' id='word_1_137' title='bbox 205 1818 268 1866; x_wconf 87' lang='lat' dir='ltr'><strong>ad</strong></span> <span class='ocrx_word' id='word_1_138' title='bbox 318 1816 593 1865; x_wconf 88' lang='lat' dir='ltr'><strong>docendum</strong></span> <span class='ocrx_word' id='word_1_139' title='bbox 640 1832 826 1880; x_wconf 88' lang='lat' dir='ltr'><strong>pronus</strong></span> <span class='ocrx_word' id='word_1_140' title='bbox 876 1816 969 1864; x_wconf 83' lang='lat' dir='ltr'><strong>fuit</strong></span> <span class='ocrx_word' id='word_1_141' title='bbox 1003 1817 1155 1877; x_wconf 88' lang='lat' dir='ltr'><strong>adeo,</strong></span> <span class='ocrx_word' id='word_1_142' title='bbox 1205 1820 1260 1864; x_wconf 91' lang='lat' dir='ltr'><strong>ut</strong></span> <span class='ocrx_word' id='word_1_143' title='bbox 1291 1817 1534 1865; x_wconf 84' lang='lat' dir='ltr'><strong>tribueret</strong></span> <span class='ocrx_word' id='word_1_144' title='bbox 1567 1817 1798 1882; x_wconf 90' lang='lat' dir='ltr'><strong>personis</strong></span> 
     </span>
     <span class='ocr_line' id='line_1_21' title="bbox 106 1897 1796 1962; baseline -0.001 -15"><span class='ocrx_word' id='word_1_145' title='bbox 106 1913 192 1958; x_wconf 84' lang='lat' dir='ltr'><strong>ea,</strong></span> <span class='ocrx_word' id='word_1_146' title='bbox 254 1912 382 1961; x_wconf 89' lang='lat' dir='ltr'><strong>quae</strong></span> <span class='ocrx_word' id='word_1_147' title='bbox 426 1898 588 1961; x_wconf 92' lang='lat' dir='ltr'><strong>ipsum</strong></span> <span class='ocrx_word' id='word_1_148' title='bbox 636 1897 791 1962; x_wconf 81' lang='lat' dir='ltr'><strong>magis</strong></span> <span class='ocrx_word' id='word_1_149' title='bbox 842 1913 986 1959; x_wconf 92' lang='lat' dir='ltr'><strong>quam</strong></span> <span class='ocrx_word' id='word_1_150' title='bbox 1021 1898 1112 1945; x_wconf 88' lang='lat' dir='ltr'><strong>has</strong></span> <span class='ocrx_word' id='word_1_151' title='bbox 1159 1897 1425 1946; x_wconf 88' lang='lat' dir='ltr'><strong>decerent:</strong></span> <span class='ocrx_word' id='word_1_152' title='bbox 1475 1898 1796 1960; x_wconf 89' lang='lat' dir='ltr'><strong>quamobrem</strong></span> 
     </span>
     <span class='ocr_line' id='line_1_22' title="bbox 105 1977 1798 2031; baseline 0 -5"><span class='ocrx_word' id='word_1_153' title='bbox 105 1977 267 2026; x_wconf 89' lang='lat' dir='ltr'><strong>minus</strong></span> <span class='ocrx_word' id='word_1_154' title='bbox 305 1977 431 2031; x_wconf 92' lang='lat' dir='ltr'><strong>bene</strong></span> <span class='ocrx_word' id='word_1_155' title='bbox 474 1993 582 2025; x_wconf 89' lang='lat' dir='ltr'><strong>rem</strong></span> <span class='ocrx_word' id='word_1_156' title='bbox 624 1978 684 2026; x_wconf 89' lang='lat' dir='ltr'><strong>ab</strong></span> <span class='ocrx_word' id='word_1_157' title='bbox 720 1992 780 2026; x_wconf 92' lang='lat' dir='ltr'><strong>eo</strong></span> <span class='ocrx_word' id='word_1_158' title='bbox 816 1977 1204 2025; x_wconf 82' lang='lat' dir='ltr'><strong>administratam</strong></span> <span class='ocrx_word' id='word_1_159' title='bbox 1242 1993 1355 2025; x_wconf 91' lang='lat' dir='ltr'><strong>esse</strong></span> <span class='ocrx_word' id='word_1_160' title='bbox 1392 1977 1515 2025; x_wconf 85' lang='lat' dir='ltr'><strong>dixit</strong></span> <span class='ocrx_word' id='word_1_161' title='bbox 1548 1977 1798 2026; x_wconf 85' lang='lat' dir='ltr'><strong>Aristote-</strong></span> 
     </span>
     <span class='ocr_line' id='line_1_23' title="bbox 103 2057 1796 2122; baseline -0.001 -16"><span class='ocrx_word' id='word_1_162' title='bbox 103 2057 196 2117; x_wconf 80' lang='lat' dir='ltr'><strong>les,</strong></span> <span class='ocrx_word' id='word_1_163' title='bbox 245 2057 377 2122; x_wconf 91' lang='lat' dir='ltr'><strong>quod</strong></span> <span class='ocrx_word' id='word_1_164' title='bbox 411 2059 616 2107; x_wconf 80' lang='lat' dir='ltr'><strong>verbum</strong></span> <span class='ocrx_word' id='word_1_165' title='bbox 653 2073 769 2106; x_wconf 84' lang='lat' dir='ltr'><strong>cave</strong></span> <span class='ocrx_word' id='word_1_166' title='bbox 803 2057 950 2105; x_wconf 89' lang='lat' dir='ltr'><strong>latius</strong></span> <span class='ocrx_word' id='word_1_167' title='bbox 986 2064 1173 2122; x_wconf 86' lang='lat' dir='ltr'><strong>patere,</strong></span> <span class='ocrx_word' id='word_1_168' title='bbox 1209 2074 1353 2121; x_wconf 90' lang='lat' dir='ltr'><strong>quam</strong></span> <span class='ocrx_word' id='word_1_169' title='bbox 1388 2057 1472 2104; x_wconf 89' lang='lat' dir='ltr'><strong>hic</strong></span> <span class='ocrx_word' id='word_1_170' title='bbox 1508 2057 1682 2115; x_wconf 82' lang='lat' dir='ltr'><strong>voluit,</strong></span> <span class='ocrx_word' id='word_1_171' title='bbox 1718 2073 1796 2105; x_wconf 88' lang='lat' dir='ltr'><strong>ar-</strong></span> 
     </span>
     <span class='ocr_line' id='line_1_24' title="bbox 102 2135 1797 2200; baseline 0 -14"><span class='ocrx_word' id='word_1_172' title='bbox 102 2137 332 2186; x_wconf 87' lang='lat' dir='ltr'><strong>bitreris:</strong></span> <span class='ocrx_word' id='word_1_173' title='bbox 381 2153 480 2186; x_wconf 89' lang='lat' dir='ltr'><strong>non</strong></span> <span class='ocrx_word' id='word_1_174' title='bbox 530 2138 661 2186; x_wconf 91' lang='lat' dir='ltr'><strong>enim</strong></span> <span class='ocrx_word' id='word_1_175' title='bbox 698 2153 780 2186; x_wconf 92' lang='lat' dir='ltr'><strong>res</strong></span> <span class='ocrx_word' id='word_1_176' title='bbox 814 2137 891 2184; x_wconf 71' lang='lat' dir='ltr'><strong>vel</strong></span> <span class='ocrx_word' id='word_1_177' title='bbox 926 2137 1206 2198; x_wconf 83' lang='lat' dir='ltr'><strong>argumenti</strong></span> <span class='ocrx_word' id='word_1_178' title='bbox 1239 2135 1649 2200; x_wconf 79' lang='lat' dir='ltr'><strong>implicationem,</strong></span> <span class='ocrx_word' id='word_1_179' title='bbox 1707 2137 1797 2186; x_wconf 76' lang='lat' dir='ltr'><strong>sed</strong></span> 
     </span>
     <span class='ocr_line' id='line_1_25' title="bbox 102 2215 1797 2267; baseline -0.001 -1"><span class='ocrx_word' id='word_1_180' title='bbox 102 2217 351 2267; x_wconf 88' lang='lat' dir='ltr'><strong>orationes</strong></span> <span class='ocrx_word' id='word_1_181' title='bbox 396 2221 448 2264; x_wconf 92' lang='lat' dir='ltr'><strong>et</strong></span> <span class='ocrx_word' id='word_1_182' title='bbox 494 2218 849 2265; x_wconf 89' lang='lat' dir='ltr'><strong>sententiarum</strong></span> <span class='ocrx_word' id='word_1_183' title='bbox 900 2215 1251 2264; x_wconf 88' lang='lat' dir='ltr'><strong>abundantiam</strong></span> <span class='ocrx_word' id='word_1_184' title='bbox 1297 2216 1356 2263; x_wconf 90' lang='lat' dir='ltr'><strong>ab</strong></span> <span class='ocrx_word' id='word_1_185' title='bbox 1393 2215 1665 2264; x_wconf 87' lang='lat' dir='ltr'><strong>Aristotele</strong></span> <span class='ocrx_word' id='word_1_186' title='bbox 1700 2216 1797 2264; x_wconf 90' lang='lat' dir='ltr'><strong>dici</strong></span> 
     </span>
     <span class='ocr_line' id='line_1_26' title="bbox 100 2294 1794 2363; baseline -0.001 -19"><span class='ocrx_word' id='word_1_187' title='bbox 100 2297 302 2363; x_wconf 83' lang='lat' dir='ltr'><strong>planum</strong></span> <span class='ocrx_word' id='word_1_188' title='bbox 337 2299 431 2344; x_wconf 89' lang='lat' dir='ltr'><strong>est.</strong></span> <span class='ocrx_word' id='word_1_189' title='bbox 499 2295 572 2344; x_wconf 87' lang='lat' dir='ltr'><strong>De</strong></span> <span class='ocrx_word' id='word_1_190' title='bbox 606 2295 774 2344; x_wconf 89' lang='lat' dir='ltr'><strong>choris</strong></span> <span class='ocrx_word' id='word_1_191' title='bbox 810 2300 975 2342; x_wconf 89' lang='lat' dir='ltr'><strong>autem</strong></span> <span class='ocrx_word' id='word_1_192' title='bbox 1012 2295 1164 2342; x_wconf 88' lang='lat' dir='ltr'><strong>miror</strong></span> <span class='ocrx_word' id='word_1_193' title='bbox 1199 2294 1317 2358; x_wconf 88' lang='lat' dir='ltr'><strong>quid</strong></span> <span class='ocrx_word' id='word_1_194' title='bbox 1356 2294 1486 2343; x_wconf 87' lang='lat' dir='ltr'><strong>idem</strong></span> <span class='ocrx_word' id='word_1_195' title='bbox 1523 2297 1794 2360; x_wconf 84' lang='lat' dir='ltr'><strong>exprobra-</strong></span> 
     </span>
     <span class='ocr_line' id='line_1_27' title="bbox 100 2375 1795 2439; baseline -0.001 -14"><span class='ocrx_word' id='word_1_196' title='bbox 100 2376 243 2426; x_wconf 82' lang='lat' dir='ltr'><strong>verit.</strong></span> <span class='ocrx_word' id='word_1_197' title='bbox 310 2375 494 2425; x_wconf 87' lang='lat' dir='ltr'><strong>Notum</strong></span> <span class='ocrx_word' id='word_1_198' title='bbox 531 2375 662 2424; x_wconf 88' lang='lat' dir='ltr'><strong>enim</strong></span> <span class='ocrx_word' id='word_1_199' title='bbox 698 2391 755 2423; x_wconf 92' lang='grc'>36</span> <span class='ocrx_word' id='word_1_200' title='bbox 789 2375 914 2422; x_wconf 89' lang='lat' dir='ltr'><strong>satis</strong></span> <span class='ocrx_word' id='word_1_201' title='bbox 938 2391 1191 2438; x_wconf 84' lang='lat' dir='ltr'><strong>superque</strong></span> <span class='ocrx_word' id='word_1_202' title='bbox 1216 2375 1530 2423; x_wconf 89' lang='lat' dir='ltr'><strong>decantatum</strong></span> <span class='ocrx_word' id='word_1_203' title='bbox 1560 2380 1638 2423; x_wconf 92' lang='lat' dir='ltr'><strong>est</strong></span> <span class='ocrx_word' id='word_1_204' title='bbox 1663 2375 1795 2439; x_wconf 88' lang='lat' dir='ltr'><strong>quod</strong></span> 
     </span>
     <span class='ocr_line' id='line_1_28' title="bbox 101 2454 1794 2519; baseline -0.002 -13"><span class='ocrx_word' id='word_1_205' title='bbox 101 2456 342 2519; x_wconf 85' lang='lat' dir='ltr'><strong>seriptum</strong></span> <span class='ocrx_word' id='word_1_206' title='bbox 388 2454 634 2504; x_wconf 82' lang='lat' dir='ltr'><strong>invenitur</strong></span> <span class='ocrx_word' id='word_1_207' title='bbox 682 2455 730 2503; x_wconf 91' lang='grc'><strong>111</strong></span> <span class='ocrx_word' id='word_1_208' title='bbox 777 2460 870 2503; x_wconf 87' lang='lat' dir='ltr'><strong>art.</strong></span> <span class='ocrx_word' id='word_1_209' title='bbox 907 2462 1040 2519; x_wconf 90' lang='lat' dir='ltr'><strong>poet.</strong></span> <span class='ocrx_word' id='word_1_210' title='bbox 1076 2470 1120 2502; x_wconf 92' lang='lat' dir='ltr'><strong>c.</strong></span> <span class='ocrx_word' id='word_1_211' title='bbox 1158 2456 1237 2515; x_wconf 87' lang='grc'><strong>18,</strong></span> <span class='ocrx_word' id='word_1_212' title='bbox 1275 2458 1322 2502; x_wconf 78' lang='grc'><strong>7.</strong></span> <span class='ocrx_word' id='word_1_213' title='bbox 1394 2455 1652 2514; x_wconf 88' lang='lat' dir='ltr'><strong>„Chorum</strong></span> <span class='ocrx_word' id='word_1_214' title='bbox 1690 2456 1794 2503; x_wconf 84' lang='lat' dir='ltr'><strong>exi·</strong></span> 
     </span>
     <span class='ocr_line' id='line_1_29' title="bbox 102 2535 1794 2599; baseline -0.001 -14"><span class='ocrx_word' id='word_1_215' title='bbox 102 2535 308 2585; x_wconf 81' lang='lat' dir='ltr'><strong>stimate</strong></span> <span class='ocrx_word' id='word_1_216' title='bbox 357 2539 554 2599; x_wconf 90' lang='lat' dir='ltr'><strong>oportet</strong></span> <span class='ocrx_word' id='word_1_217' title='bbox 593 2549 708 2582; x_wconf 89' lang='lat' dir='ltr'><strong>esse</strong></span> <span class='ocrx_word' id='word_1_218' title='bbox 739 2549 947 2582; x_wconf 89' lang='lat' dir='ltr'><strong>numero</strong></span> <span class='ocrx_word' id='word_1_219' title='bbox 983 2539 1205 2581; x_wconf 90' lang='lat' dir='ltr'><strong>actorum</strong></span> <span class='ocrx_word' id='word_1_220' title='bbox 1242 2539 1536 2598; x_wconf 88' lang='lat' dir='ltr'><strong>partemque</strong></span> <span class='ocrx_word' id='word_1_221' title='bbox 1572 2550 1794 2583; x_wconf 75' lang='lat' dir='ltr'><strong>summae</strong></span> 
     </span>
     <span class='ocr_line' id='line_1_30' title="bbox 101 2613 1795 2678; baseline -0.001 -13"><span class='ocrx_word' id='word_1_222' title='bbox 101 2615 274 2675; x_wconf 86' lang='lat' dir='ltr'><strong>totius,</strong></span> <span class='ocrx_word' id='word_1_223' title='bbox 310 2619 363 2662; x_wconf 90' lang='lat' dir='ltr'><strong>et</strong></span> <span class='ocrx_word' id='word_1_224' title='bbox 396 2629 492 2662; x_wconf 86' lang='lat' dir='ltr'><strong>una</strong></span> <span class='ocrx_word' id='word_1_225' title='bbox 525 2615 846 2676; x_wconf 81' lang='lat' dir='ltr'><strong>contendere,</strong></span> <span class='ocrx_word' id='word_1_226' title='bbox 883 2630 978 2663; x_wconf 91' lang='lat' dir='ltr'><strong>non</strong></span> <span class='ocrx_word' id='word_1_227' title='bbox 1016 2618 1069 2662; x_wconf 90' lang='lat' dir='ltr'><strong>ut</strong></span> <span class='ocrx_word' id='word_1_228' title='bbox 1103 2614 1236 2676; x_wconf 88' lang='lat' dir='ltr'><strong>apud</strong></span> <span class='ocrx_word' id='word_1_229' title='bbox 1264 2613 1575 2678; x_wconf 83' lang='lat' dir='ltr'><strong>Euripidem,</strong></span> <span class='ocrx_word' id='word_1_230' title='bbox 1612 2614 1702 2663; x_wconf 90' lang='lat' dir='ltr'><strong>sed</strong></span> <span class='ocrx_word' id='word_1_231' title='bbox 1738 2619 1795 2663; x_wconf 88' lang='lat' dir='ltr'><strong>ut</strong></span> 
     </span>
     <span class='ocr_line' id='line_1_31' title="bbox 104 2692 1793 2760; baseline 0 -17"><span class='ocrx_word' id='word_1_232' title='bbox 104 2695 238 2760; x_wconf 87' lang='lat' dir='ltr'><strong>apud</strong></span> <span class='ocrx_word' id='word_1_233' title='bbox 273 2692 590 2759; x_wconf 87' lang='lat' dir='ltr'><strong>Sophoclem.</strong></span> <span class='ocrx_word' id='word_1_234' title='bbox 660 2695 807 2759; x_wconf 86' lang='lat' dir='ltr'><strong>Apud</strong></span> <span class='ocrx_word' id='word_1_235' title='bbox 842 2694 1059 2758; x_wconf 91' lang='lat' dir='ltr'><strong>reliquos</strong></span> <span class='ocrx_word' id='word_1_236' title='bbox 1097 2693 1227 2741; x_wconf 87' lang='lat' dir='ltr'><strong>enim</strong></span> <span class='ocrx_word' id='word_1_237' title='bbox 1263 2709 1390 2758; x_wconf 91' lang='lat' dir='ltr'><strong>quae</strong></span> <span class='ocrx_word' id='word_1_238' title='bbox 1426 2699 1668 2742; x_wconf 88' lang='lat' dir='ltr'><strong>canuntur</strong></span> <span class='ocrx_word' id='word_1_239' title='bbox 1695 2709 1793 2743; x_wconf 92' lang='lat' dir='ltr'><strong>non</strong></span> 
     </span>
     <span class='ocr_line' id='line_1_32' title="bbox 101 2773 1793 2840; baseline -0.001 -16"><span class='ocrx_word' id='word_1_240' title='bbox 101 2774 262 2840; x_wconf 83' lang='lat' dir='ltr'><strong>magis</strong></span> <span class='ocrx_word' id='word_1_241' title='bbox 296 2779 411 2822; x_wconf 92' lang='lat' dir='ltr'><strong>sunt</strong></span> <span class='ocrx_word' id='word_1_242' title='bbox 446 2775 722 2838; x_wconf 85' lang='lat' dir='ltr'><strong>argumenti</strong></span> <span class='ocrx_word' id='word_1_243' title='bbox 771 2791 919 2839; x_wconf 90' lang='lat' dir='ltr'><strong>quam</strong></span> <span class='ocrx_word' id='word_1_244' title='bbox 965 2774 1090 2823; x_wconf 90' lang='lat' dir='ltr'><strong>alius</strong></span> <span class='ocrx_word' id='word_1_245' title='bbox 1125 2773 1439 2836; x_wconf 87' lang='lat' dir='ltr'><strong>tragoediae:</strong></span> <span class='ocrx_word' id='word_1_246' title='bbox 1489 2777 1793 2839; x_wconf 88' lang='lat' dir='ltr'><strong>quapropter</strong></span> 
     </span>
     <span class='ocr_line' id='line_1_33' title="bbox 100 2852 1790 2920; baseline -0.001 -17"><span class='ocrx_word' id='word_1_247' title='bbox 100 2852 415 2904; x_wconf 88' lang='lat' dir='ltr'><strong>intercalaria</strong></span> <span class='ocrx_word' id='word_1_248' title='bbox 450 2859 703 2915; x_wconf 83' lang='lat' dir='ltr'><strong>canuntur,</strong></span> <span class='ocrx_word' id='word_1_249' title='bbox 740 2856 880 2904; x_wconf 91' lang='lat' dir='ltr'><strong>cuius</strong></span> <span class='ocrx_word' id='word_1_250' title='bbox 908 2854 1101 2920; x_wconf 83' lang='lat' dir='ltr'><strong>Agatho</strong></span> <span class='ocrx_word' id='word_1_251' title='bbox 1138 2853 1368 2917; x_wconf 90' lang='lat' dir='ltr'><strong>princeps</strong></span> <span class='ocrx_word' id='word_1_252' title='bbox 1394 2852 1492 2902; x_wconf 89' lang='lat' dir='ltr'><strong>fuit</strong></span> <span class='ocrx_word' id='word_1_253' title='bbox 1523 2860 1790 2904; x_wconf 86' lang='lat' dir='ltr'><strong>consuetu-</strong></span> 
     </span>
     <span class='ocr_line' id='line_1_34' title="bbox 100 2932 1792 2997; baseline -0.001 -13"><span class='ocrx_word' id='word_1_254' title='bbox 100 2935 243 2984; x_wconf 89' lang='lat' dir='ltr'><strong>dinis.</strong></span> <span class='ocrx_word' id='word_1_255' title='bbox 313 2934 463 2997; x_wconf 88' lang='lat' dir='ltr'><strong>Atqui</strong></span> <span class='ocrx_word' id='word_1_256' title='bbox 499 2933 614 2996; x_wconf 91' lang='lat' dir='ltr'><strong>quid</strong></span> <span class='ocrx_word' id='word_1_257' title='bbox 642 2934 861 2995; x_wconf 89' lang='lat' dir='ltr'><strong>interest,</strong></span> <span class='ocrx_word' id='word_1_258' title='bbox 896 2940 1059 2983; x_wconf 92' lang='lat' dir='ltr'><strong>utrum</strong></span> <span class='ocrx_word' id='word_1_259' title='bbox 1091 2932 1407 2982; x_wconf 88' lang='lat' dir='ltr'><strong>intercalaria</strong></span> <span class='ocrx_word' id='word_1_260' title='bbox 1433 2949 1596 2995; x_wconf 89' lang='lat' dir='ltr'><strong>canas,</strong></span> <span class='ocrx_word' id='word_1_261' title='bbox 1633 2949 1692 2982; x_wconf 91' lang='lat' dir='ltr'><strong>an</strong></span> <span class='ocrx_word' id='word_1_262' title='bbox 1729 2949 1792 2983; x_wconf 82' lang='lat' dir='ltr'><strong>ex</strong></span> 
     </span>
     <span class='ocr_line' id='line_1_35' title="bbox 99 3013 1791 3077; baseline -0.001 -14"><span class='ocrx_word' id='word_1_263' title='bbox 99 3014 196 3064; x_wconf 91' lang='lat' dir='ltr'><strong>alia</strong></span> <span class='ocrx_word' id='word_1_264' title='bbox 228 3014 278 3062; x_wconf 90' lang='lat' dir='ltr'><strong>in</strong></span> <span class='ocrx_word' id='word_1_265' title='bbox 314 3013 457 3062; x_wconf 91' lang='lat' dir='ltr'><strong>aliam</strong></span> <span class='ocrx_word' id='word_1_266' title='bbox 492 3013 709 3062; x_wconf 87' lang='lat' dir='ltr'><strong>fabulam</strong></span> <span class='ocrx_word' id='word_1_267' title='bbox 745 3014 1013 3063; x_wconf 85' lang='lat' dir='ltr'><strong>transferas</strong></span> <span class='ocrx_word' id='word_1_268' title='bbox 1051 3014 1265 3062; x_wconf 89' lang='lat' dir='ltr'><strong>carmina</strong></span> <span class='ocrx_word' id='word_1_269' title='bbox 1302 3019 1386 3062; x_wconf 92' lang='lat' dir='ltr'><strong>aut</strong></span> <span class='ocrx_word' id='word_1_270' title='bbox 1423 3014 1650 3077; x_wconf 90' lang='lat' dir='ltr'><strong>episodia</strong></span> <span class='ocrx_word' id='word_1_271' title='bbox 1684 3014 1791 3062; x_wconf 92' lang='lat' dir='ltr'><strong>uni-</strong></span> 
     </span>
     <span class='ocr_line' id='line_1_36' title="bbox 100 3089 1787 3159; baseline 0 -16"><span class='ocrx_word' id='word_1_272' title='bbox 100 3110 242 3143; x_wconf 78' lang='lat' dir='ltr'><strong>versa</strong></span> <span class='ocrx_word' id='word_1_273' title='bbox 254 3094 313 3143; x_wconf 61' lang='lat'><strong>‘³²’</strong></span> <span class='ocrx_word' id='word_1_274' title='bbox 350 3093 458 3141; x_wconf 86' lang='lat' dir='ltr'><strong>Non</strong></span> <span class='ocrx_word' id='word_1_275' title='bbox 482 3099 649 3156; x_wconf 90' lang='lat' dir='ltr'><strong>potest</strong></span> <span class='ocrx_word' id='word_1_276' title='bbox 674 3094 971 3144; x_wconf 86' lang='lat' dir='ltr'><strong>Aristoteles</strong></span> <span class='ocrx_word' id='word_1_277' title='bbox 999 3094 1147 3142; x_wconf 87' lang='lat' dir='ltr'><strong>verba</strong></span> <span class='ocrx_word' id='word_1_278' title='bbox 1174 3092 1285 3142; x_wconf 88' lang='lat' dir='ltr'><strong>illa:</strong></span> <span class='ocrx_word' id='word_1_279' title='bbox 1320 3091 1391 3159; x_wconf 85' lang='grc' dir='ltr'><strong>μὴ</strong></span> <span class='ocrx_word' id='word_1_280' title='bbox 1418 3089 1588 3156; x_wconf 78' lang='grc' dir='ltr'><strong><em>ὥςπερ</em></strong></span> <span class='ocrx_word' id='word_1_281' title='bbox 1622 3092 1787 3157; x_wconf 79' lang='grc' dir='ltr'><em>Εὐρι-</em></span> 
     </span>
     <span class='ocr_line' id='line_1_37' title="bbox 99 3168 1791 3240; baseline -0.001 -17"><span class='ocrx_word' id='word_1_282' title='bbox 99 3171 284 3238; x_wconf 83' lang='grc' dir='ltr'><strong><em>πίδης,</em></strong></span> <span class='ocrx_word' id='word_1_283' title='bbox 331 3170 443 3222; x_wconf 76' lang='grc' dir='ltr'><em>ἀλλ’</em></span> <span class='ocrx_word' id='word_1_284' title='bbox 481 3168 647 3235; x_wconf 80' lang='grc' dir='ltr'><strong><em>ὥςπερ</em></strong></span> <span class='ocrx_word' id='word_1_285' title='bbox 696 3173 1013 3240; x_wconf 81' lang='grc' dir='ltr'><strong><em>Σοφοκλῆς,</em></strong></span> <span class='ocrx_word' id='word_1_286' title='bbox 1063 3174 1135 3223; x_wconf 88' lang='grc'><strong>816</strong></span> <span class='ocrx_word' id='word_1_287' title='bbox 1171 3174 1440 3239; x_wconf 89' lang='lat' dir='ltr'><strong>scripsisse</strong></span> <span class='ocrx_word' id='word_1_288' title='bbox 1486 3175 1677 3224; x_wconf 90' lang='lat' dir='ltr'><strong>duabus</strong></span> <span class='ocrx_word' id='word_1_289' title='bbox 1726 3174 1791 3222; x_wconf 91' lang='lat' dir='ltr'><strong>de</strong></span> 
     </span>
     <span class='ocr_line' id='line_1_38' title="bbox 64 3253 1790 3319; baseline -0.001 -16"><span class='ocrx_word' id='word_1_290' title='bbox 64 3294 66 3297; x_wconf 94' lang='lat'><strong>.</strong></span> <span class='ocrx_word' id='word_1_291' title='bbox 99 3254 319 3315; x_wconf 81' lang='lat' dir='ltr'><strong>caussis,</strong></span> <span class='ocrx_word' id='word_1_292' title='bbox 354 3254 568 3318; x_wconf 87' lang='lat' dir='ltr'><strong>primum</strong></span> <span class='ocrx_word' id='word_1_293' title='bbox 604 3254 736 3317; x_wconf 89' lang='lat' dir='ltr'><strong>quod</strong></span> <span class='ocrx_word' id='word_1_294' title='bbox 771 3271 944 3319; x_wconf 88' lang='lat' dir='ltr'><strong>parum</strong></span> <span class='ocrx_word' id='word_1_295' title='bbox 979 3270 1090 3302; x_wconf 90' lang='lat' dir='ltr'><strong>cum</strong></span> <span class='ocrx_word' id='word_1_296' title='bbox 1125 3253 1204 3314; x_wconf 84' lang='lat' dir='ltr'><strong>iis,</strong></span> <span class='ocrx_word' id='word_1_297' title='bbox 1241 3270 1368 3318; x_wconf 85' lang='lat' dir='ltr'><strong>quae</strong></span> <span class='ocrx_word' id='word_1_298' title='bbox 1402 3255 1790 3318; x_wconf 84' lang='lat' dir='ltr'><strong>subsequuntur,</strong></span> 
     </span>
     <span class='ocr_line' id='line_1_39' title="bbox 100 3332 1786 3398; baseline 0 -17"><span class='ocrx_word' id='word_1_299' title='bbox 100 3332 400 3395; x_wconf 87' lang='lat' dir='ltr'><strong>cohaerent,</strong></span> <span class='ocrx_word' id='word_1_300' title='bbox 451 3333 630 3383; x_wconf 88' lang='lat' dir='ltr'><strong>deinde</strong></span> <span class='ocrx_word' id='word_1_301' title='bbox 680 3335 813 3398; x_wconf 91' lang='lat' dir='ltr'><strong>quod</strong></span> <span class='ocrx_word' id='word_1_302' title='bbox 854 3335 1104 3385; x_wconf 87' lang='lat' dir='ltr'><strong>continent</strong></span> <span class='ocrx_word' id='word_1_303' title='bbox 1138 3349 1355 3383; x_wconf 88' lang='lat' dir='ltr'><strong>errorem</strong></span> <span class='ocrx_word' id='word_1_304' title='bbox 1391 3333 1661 3384; x_wconf 87' lang='lat' dir='ltr'><strong>Aristotele</strong></span> <span class='ocrx_word' id='word_1_305' title='bbox 1695 3333 1786 3381; x_wconf 90' lang='lat' dir='ltr'><strong>mi-</strong></span> 
     </span>
     <span class='ocr_line' id='line_1_40' title="bbox 98 3410 1790 3478; baseline 0 -17"><span class='ocrx_word' id='word_1_306' title='bbox 98 3410 232 3461; x_wconf 91' lang='lat' dir='ltr'><strong>nime</strong></span> <span class='ocrx_word' id='word_1_307' title='bbox 291 3412 507 3477; x_wconf 78' lang='lat' dir='ltr'><strong>dignum.</strong></span> <span class='ocrx_word' id='word_1_308' title='bbox 589 3411 715 3462; x_wconf 86' lang='lat' dir='ltr'><strong>Nam</strong></span> <span class='ocrx_word' id='word_1_309' title='bbox 774 3414 912 3478; x_wconf 86' lang='lat' dir='ltr'><strong>quis,</strong></span> <span class='ocrx_word' id='word_1_310' title='bbox 966 3415 1205 3476; x_wconf 88' lang='lat' dir='ltr'><strong>obsecro,</strong></span> <span class='ocrx_word' id='word_1_311' title='bbox 1258 3414 1378 3464; x_wconf 88' lang='lat' dir='ltr'><strong>satis</strong></span> <span class='ocrx_word' id='word_1_312' title='bbox 1444 3413 1664 3478; x_wconf 89' lang='lat' dir='ltr'><strong>prudens</strong></span> <span class='ocrx_word' id='word_1_313' title='bbox 1718 3412 1790 3462; x_wconf 87' lang='grc'><strong>816</strong></span> 
     </span>
    </p>
   </div>
   <div class='ocr_carea' id='block_1_3' title="bbox 163 3491 1461 3542">
    <p class='ocr_par' dir='ltr' id='par_1_3' title="bbox 163 3491 1461 3542">
     <span class='ocr_line' id='line_1_41' title="bbox 163 3491 1461 3542; baseline 0.001 -1"><span class='ocrx_word' id='word_1_314' title='bbox 163 3491 224 3542; x_wconf 90' lang='grc' dir='ltr'><strong>Τ.</strong></span> <span class='ocrx_word' id='word_1_315' title='bbox 249 3491 311 3542; x_wconf 89' lang='lat'><strong>11.</strong></span> <span class='ocrx_word' id='word_1_316' title='bbox 1393 3495 1461 3542; x_wconf 84' lang='lat'><strong>24</strong></span> 
     </span>
    </p>
   </div>
  </div>
 </body>
</html>
