<?xml version="1.0" encoding="UTF-8"?>
<!DOCTYPE html PUBLIC "-//W3C//DTD XHTML 1.0 Transitional//EN"
    "http://www.w3.org/TR/xhtml1/DTD/xhtml1-transitional.dtd">
<html xmlns="http://www.w3.org/1999/xhtml" xml:lang="en" lang="en">
 <head>
  <title>
</title>
<meta http-equiv="Content-Type" content="text/html;charset=utf-8" />
  <meta name='ocr-system' content='tesseract 3.04.00' />
  <meta name='ocr-capabilities' content='ocr_page ocr_carea ocr_par ocr_line ocrx_word'/>
</head>
<body>
  <div class='ocr_page' id='page_1' title='image "./euripidesrestitu02hartuoft_0421.png"; bbox 0 0 2170 3866; ppageno 0'>
   <div class='ocr_carea' id='block_1_1' title="bbox 913 286 1037 343">
    <p class='ocr_par' dir='ltr' id='par_1_1' title="bbox 913 286 1037 343">
     <span class='ocr_line' id='line_1_1' title="bbox 913 286 1037 343; baseline 0.016 -1"><span class='ocrx_word' id='word_1_1' title='bbox 913 286 1037 343; x_wconf 81' lang='lat'><strong>4⁰9</strong></span> 
     </span>
    </p>
   </div>
   <div class='ocr_carea' id='block_1_2' title="bbox 141 422 1859 3534">
    <p class='ocr_par' dir='ltr' id='par_1_2' title="bbox 141 422 1823 814">
     <span class='ocr_line' id='line_1_2' title="bbox 141 422 1823 499; baseline -0.001 -18"><span class='ocrx_word' id='word_1_2' title='bbox 141 431 386 482; x_wconf 82' lang='lat' dir='ltr'><strong>civitatem</strong></span> <span class='ocrx_word' id='word_1_3' title='bbox 421 430 675 480; x_wconf 85' lang='lat' dir='ltr'><strong>victricem</strong></span> <span class='ocrx_word' id='word_1_4' title='bbox 711 433 929 482; x_wconf 84' lang='lat' dir='ltr'><strong>reddidit</strong></span> <span class='ocrx_word' id='word_1_5' title='bbox 979 422 1070 499; x_wconf 82' lang='grc' dir='ltr'><strong>(οὗ</strong></span> <span class='ocrx_word' id='word_1_6' title='bbox 1116 429 1452 491; x_wconf 83' lang='grc' dir='ltr'><strong><em>καλλινίκους</em></strong></span> <span class='ocrx_word' id='word_1_7' title='bbox 1487 427 1823 495; x_wconf 80' lang='grc' dir='ltr'><strong><em>Κεκροπίδας</em></strong></span> 
     </span>
     <span class='ocr_line' id='line_1_3' title="bbox 147 507 1820 578; baseline -0.001 -16"><span class='ocrx_word' id='word_1_8' title='bbox 147 508 298 577; x_wconf 76' lang='grc' dir='ltr'><strong><em>ἔθηκ’</em></strong></span> <span class='ocrx_word' id='word_1_9' title='bbox 334 507 453 575; x_wconf 76' lang='grc' dir='ltr'><strong>ἐγώ,</strong></span> <span class='ocrx_word' id='word_1_10' title='bbox 489 527 530 559; x_wconf 82' lang='lat' dir='ltr'><strong>v,</strong></span> <span class='ocrx_word' id='word_1_11' title='bbox 566 512 722 576; x_wconf 59' lang='lat'>855).</span> <span class='ocrx_word' id='word_1_12' title='bbox 777 514 1047 575; x_wconf 83' lang='lat' dir='ltr'><strong>Quamnam</strong></span> <span class='ocrx_word' id='word_1_13' title='bbox 1084 520 1245 562; x_wconf 89' lang='lat' dir='ltr'><strong>autem</strong></span> <span class='ocrx_word' id='word_1_14' title='bbox 1275 512 1544 578; x_wconf 76' lang='lat' dir='ltr'><strong>Euripides</strong></span> <span class='ocrx_word' id='word_1_15' title='bbox 1565 511 1820 560; x_wconf 76' lang='lat' dir='ltr'><strong>materiam</strong></span> 
     </span>
     <span class='ocr_line' id='line_1_4' title="bbox 143 591 1819 655; baseline -0.001 -14"><span class='ocrx_word' id='word_1_16' title='bbox 143 592 386 641; x_wconf 87' lang='lat' dir='ltr'><strong>malorum</strong></span> <span class='ocrx_word' id='word_1_17' title='bbox 433 591 733 655; x_wconf 89' lang='lat' dir='ltr'><strong>reipublicae</strong></span> <span class='ocrx_word' id='word_1_18' title='bbox 767 593 1141 642; x_wconf 82' lang='lat' dir='ltr'><strong>Atheniensium</strong></span> <span class='ocrx_word' id='word_1_19' title='bbox 1189 593 1352 640; x_wconf 89' lang='lat' dir='ltr'><strong>inesse</strong></span> <span class='ocrx_word' id='word_1_20' title='bbox 1386 593 1601 649; x_wconf 87' lang='lat' dir='ltr'><strong>diceret,</strong></span> <span class='ocrx_word' id='word_1_21' title='bbox 1649 608 1819 655; x_wconf 88' lang='lat' dir='ltr'><strong>quam-</strong></span> 
     </span>
     <span class='ocr_line' id='line_1_5' title="bbox 142 672 1822 736; baseline 0 -15"><span class='ocrx_word' id='word_1_22' title='bbox 142 687 253 721; x_wconf 89' lang='lat' dir='ltr'><strong>nam</strong></span> <span class='ocrx_word' id='word_1_23' title='bbox 289 672 464 720; x_wconf 88' lang='lat' dir='ltr'><strong>civium</strong></span> <span class='ocrx_word' id='word_1_24' title='bbox 500 679 688 735; x_wconf 89' lang='lat' dir='ltr'><strong>partem</strong></span> <span class='ocrx_word' id='word_1_25' title='bbox 736 674 835 733; x_wconf 90' lang='lat' dir='ltr'><strong>sic,</strong></span> <span class='ocrx_word' id='word_1_26' title='bbox 886 679 938 722; x_wconf 92' lang='lat' dir='ltr'><strong>ut</strong></span> <span class='ocrx_word' id='word_1_27' title='bbox 973 673 1280 736; x_wconf 83' lang='lat' dir='ltr'><strong>Oedipodas,</strong></span> <span class='ocrx_word' id='word_1_28' title='bbox 1326 673 1673 721; x_wconf 81' lang='lat' dir='ltr'><strong>removendam</strong></span> <span class='ocrx_word' id='word_1_29' title='bbox 1709 687 1822 721; x_wconf 88' lang='lat' dir='ltr'><strong>esse</strong></span> 
     </span>
     <span class='ocr_line' id='line_1_6' title="bbox 142 750 1139 814; baseline 0 -13"><span class='ocrx_word' id='word_1_30' title='bbox 142 758 387 814; x_wconf 82' lang='lat' dir='ltr'><strong>censeret,</strong></span> <span class='ocrx_word' id='word_1_31' title='bbox 425 750 621 799; x_wconf 82' lang='lat' dir='ltr'><strong>Orestis</strong></span> <span class='ocrx_word' id='word_1_32' title='bbox 655 753 822 801; x_wconf 86' lang='lat' dir='ltr'><strong>fabula</strong></span> <span class='ocrx_word' id='word_1_33' title='bbox 858 753 1139 801; x_wconf 73' lang='lat' dir='ltr'><strong>declaravit.</strong></span> 
     </span>
    </p>

    <p class='ocr_par' dir='ltr' id='par_1_3' title="bbox 142 831 1859 3534">
     <span class='ocr_line' id='line_1_7' title="bbox 278 831 1822 898; baseline 0.001 -19"><span class='ocrx_word' id='word_1_34' title='bbox 278 832 378 880; x_wconf 85' lang='lat' dir='ltr'><strong>Res</strong></span> <span class='ocrx_word' id='word_1_35' title='bbox 414 847 503 895; x_wconf 88' lang='lat' dir='ltr'><strong>per</strong></span> <span class='ocrx_word' id='word_1_36' title='bbox 537 831 618 879; x_wconf 89' lang='lat' dir='ltr'><strong>illa</strong></span> <span class='ocrx_word' id='word_1_37' title='bbox 652 837 878 896; x_wconf 88' lang='lat' dir='ltr'><strong>tempora</strong></span> <span class='ocrx_word' id='word_1_38' title='bbox 913 838 1081 898; x_wconf 80' lang='lat' dir='ltr'><strong>gestas</strong></span> <span class='ocrx_word' id='word_1_39' title='bbox 1116 834 1162 880; x_wconf 89' lang='lat' dir='ltr'><strong>in</strong></span> <span class='ocrx_word' id='word_1_40' title='bbox 1198 831 1479 881; x_wconf 86' lang='lat' dir='ltr'><strong>universum</strong></span> <span class='ocrx_word' id='word_1_41' title='bbox 1516 832 1822 880; x_wconf 87' lang='lat' dir='ltr'><strong>aestimanti-</strong></span> 
     </span>
     <span class='ocr_line' id='line_1_8' title="bbox 144 911 1823 978; baseline 0.001 -18"><span class='ocrx_word' id='word_1_42' title='bbox 144 912 236 960; x_wconf 90' lang='lat' dir='ltr'><strong>bus</strong></span> <span class='ocrx_word' id='word_1_43' title='bbox 282 911 333 960; x_wconf 91' lang='lat' dir='ltr'><strong>in</strong></span> <span class='ocrx_word' id='word_1_44' title='bbox 378 911 565 959; x_wconf 87' lang='lat' dir='ltr'><strong>duabus</strong></span> <span class='ocrx_word' id='word_1_45' title='bbox 602 912 917 975; x_wconf 87' lang='lat' dir='ltr'><strong>potissimum</strong></span> <span class='ocrx_word' id='word_1_46' title='bbox 962 914 1110 961; x_wconf 88' lang='lat' dir='ltr'><strong>rebus</strong></span> <span class='ocrx_word' id='word_1_47' title='bbox 1145 912 1306 960; x_wconf 90' lang='lat' dir='ltr'><strong>studia</strong></span> <span class='ocrx_word' id='word_1_48' title='bbox 1341 912 1591 961; x_wconf 84' lang='lat' dir='ltr'><strong>hominum</strong></span> <span class='ocrx_word' id='word_1_49' title='bbox 1629 913 1823 978; x_wconf 89' lang='lat' dir='ltr'><strong>conspi-</strong></span> 
     </span>
     <span class='ocr_line' id='line_1_9' title="bbox 142 992 1823 1056; baseline 0.001 -16"><span class='ocrx_word' id='word_1_50' title='bbox 142 1007 283 1041; x_wconf 83' lang='lat' dir='ltr'><strong>rasse</strong></span> <span class='ocrx_word' id='word_1_51' title='bbox 317 998 548 1055; x_wconf 88' lang='lat' dir='ltr'><strong>apparet‚</strong></span> <span class='ocrx_word' id='word_1_52' title='bbox 595 992 804 1055; x_wconf 90' lang='lat' dir='ltr'><strong>primum</strong></span> <span class='ocrx_word' id='word_1_53' title='bbox 853 993 982 1056; x_wconf 86' lang='lat' dir='ltr'><strong>quod</strong></span> <span class='ocrx_word' id='word_1_54' title='bbox 1030 999 1290 1041; x_wconf 84' lang='lat' dir='ltr'><strong>externum</strong></span> <span class='ocrx_word' id='word_1_55' title='bbox 1325 992 1583 1052; x_wconf 86' lang='lat' dir='ltr'><strong>auxilium,</strong></span> <span class='ocrx_word' id='word_1_56' title='bbox 1632 994 1823 1041; x_wconf 85' lang='lat' dir='ltr'><strong>exhau-</strong></span> 
     </span>
     <span class='ocr_line' id='line_1_10' title="bbox 145 1070 1822 1131; baseline 0.001 -11"><span class='ocrx_word' id='word_1_57' title='bbox 145 1073 237 1120; x_wconf 88' lang='lat' dir='ltr'><strong>stis</strong></span> <span class='ocrx_word' id='word_1_58' title='bbox 273 1070 373 1118; x_wconf 88' lang='lat' dir='ltr'><strong>suis</strong></span> <span class='ocrx_word' id='word_1_59' title='bbox 410 1071 627 1131; x_wconf 86' lang='lat' dir='ltr'><strong>viribus,</strong></span> <span class='ocrx_word' id='word_1_60' title='bbox 663 1079 713 1120; x_wconf 88' lang='lat' dir='ltr'><strong>et</strong></span> <span class='ocrx_word' id='word_1_61' title='bbox 750 1071 1126 1120; x_wconf 86' lang='lat' dir='ltr'><strong>Lacedaemonii</strong></span> <span class='ocrx_word' id='word_1_62' title='bbox 1161 1077 1212 1120; x_wconf 90' lang='lat' dir='ltr'><strong>et</strong></span> <span class='ocrx_word' id='word_1_63' title='bbox 1248 1071 1577 1120; x_wconf 77' lang='lat' dir='ltr'><strong>Athenienses</strong></span> <span class='ocrx_word' id='word_1_64' title='bbox 1611 1073 1822 1122; x_wconf 83' lang='lat' dir='ltr'><strong>circum-</strong></span> 
     </span>
     <span class='ocr_line' id='line_1_11' title="bbox 144 1151 1825 1216; baseline 0.001 -17"><span class='ocrx_word' id='word_1_65' title='bbox 144 1153 442 1215; x_wconf 87' lang='lat' dir='ltr'><strong>spiciebant,</strong></span> <span class='ocrx_word' id='word_1_66' title='bbox 479 1151 655 1199; x_wconf 89' lang='lat' dir='ltr'><strong>deinde</strong></span> <span class='ocrx_word' id='word_1_67' title='bbox 691 1152 820 1215; x_wconf 87' lang='lat' dir='ltr'><strong>quod</strong></span> <span class='ocrx_word' id='word_1_68' title='bbox 858 1153 988 1216; x_wconf 90' lang='lat' dir='ltr'><strong>apud</strong></span> <span class='ocrx_word' id='word_1_69' title='bbox 1023 1154 1114 1200; x_wconf 91' lang='lat' dir='ltr'><strong>hos</strong></span> <span class='ocrx_word' id='word_1_70' title='bbox 1154 1152 1480 1201; x_wconf 82' lang='lat' dir='ltr'><strong>coercendam</strong></span> <span class='ocrx_word' id='word_1_71' title='bbox 1518 1168 1630 1200; x_wconf 90' lang='lat' dir='ltr'><strong>esse</strong></span> <span class='ocrx_word' id='word_1_72' title='bbox 1655 1153 1825 1216; x_wconf 90' lang='lat' dir='ltr'><strong>populi</strong></span> 
     </span>
     <span class='ocr_line' id='line_1_12' title="bbox 147 1231 1826 1296; baseline 0 -17"><span class='ocrx_word' id='word_1_73' title='bbox 147 1231 253 1279; x_wconf 83' lang='lat' dir='ltr'><strong>sive</strong></span> <span class='ocrx_word' id='word_1_74' title='bbox 287 1231 554 1296; x_wconf 88' lang='lat' dir='ltr'><strong>potentiam</strong></span> <span class='ocrx_word' id='word_1_75' title='bbox 591 1231 696 1279; x_wconf 89' lang='lat' dir='ltr'><strong>sive</strong></span> <span class='ocrx_word' id='word_1_76' title='bbox 729 1232 975 1280; x_wconf 77' lang='lat' dir='ltr'><strong>licentiam</strong></span> <span class='ocrx_word' id='word_1_77' title='bbox 1010 1232 1382 1296; x_wconf 85' lang='lat' dir='ltr'><strong>prudentissimi</strong></span> <span class='ocrx_word' id='word_1_78' title='bbox 1429 1232 1612 1295; x_wconf 89' lang='lat' dir='ltr'><strong>quique</strong></span> <span class='ocrx_word' id='word_1_79' title='bbox 1644 1233 1826 1280; x_wconf 88' lang='lat' dir='ltr'><strong>intelli-</strong></span> 
     </span>
     <span class='ocr_line' id='line_1_13' title="bbox 144 1310 1826 1375; baseline 0.001 -16"><span class='ocrx_word' id='word_1_80' title='bbox 144 1311 344 1374; x_wconf 85' lang='lat' dir='ltr'><strong>gebant.</strong></span> <span class='ocrx_word' id='word_1_81' title='bbox 415 1310 880 1359; x_wconf 74' lang='lat' dir='ltr'><strong>Persarum&#39;autem</strong></span> <span class='ocrx_word' id='word_1_82' title='bbox 930 1313 1192 1359; x_wconf 84' lang='lat' dir='ltr'><strong>amicitiam</strong></span> <span class='ocrx_word' id='word_1_83' title='bbox 1233 1312 1452 1374; x_wconf 87' lang='lat' dir='ltr'><strong>utrisque</strong></span> <span class='ocrx_word' id='word_1_84' title='bbox 1487 1313 1826 1375; x_wconf 88' lang='lat' dir='ltr'><strong>sequentibus,</strong></span> 
     </span>
     <span class='ocr_line' id='line_1_14' title="bbox 144 1389 1828 1456; baseline 0.002 -18"><span class='ocrx_word' id='word_1_85' title='bbox 144 1390 373 1454; x_wconf 87' lang='lat' dir='ltr'><strong>Spartani</strong></span> <span class='ocrx_word' id='word_1_86' title='bbox 410 1391 639 1453; x_wconf 86' lang='lat' dir='ltr'><strong>quidem,</strong></span> <span class='ocrx_word' id='word_1_87' title='bbox 676 1391 896 1453; x_wconf 89' lang='lat' dir='ltr'><strong>quamvis</strong></span> <span class='ocrx_word' id='word_1_88' title='bbox 938 1392 1293 1456; x_wconf 79' lang='lat' dir='ltr'><strong>tergiversante</strong></span> <span class='ocrx_word' id='word_1_89' title='bbox 1329 1389 1682 1455; x_wconf 78' lang='lat' dir='ltr'><strong>Tissapherne,</strong></span> <span class='ocrx_word' id='word_1_90' title='bbox 1720 1390 1828 1441; x_wconf 89' lang='lat' dir='ltr'><strong>fere</strong></span> 
     </span>
     <span class='ocr_line' id='line_1_15' title="bbox 144 1470 1859 1532; baseline 0.002 -14"><span class='ocrx_word' id='word_1_91' title='bbox 144 1470 374 1519; x_wconf 90' lang='lat' dir='ltr'><strong>continuo</strong></span> <span class='ocrx_word' id='word_1_92' title='bbox 411 1486 469 1519; x_wconf 88' lang='lat' dir='ltr'><strong>ea</strong></span> <span class='ocrx_word' id='word_1_93' title='bbox 503 1472 786 1527; x_wconf 89' lang='lat' dir='ltr'><strong>utebantur,</strong></span> <span class='ocrx_word' id='word_1_94' title='bbox 823 1470 1152 1520; x_wconf 83' lang='lat' dir='ltr'><strong>Athenienses</strong></span> <span class='ocrx_word' id='word_1_95' title='bbox 1189 1477 1380 1532; x_wconf 87' lang='lat' dir='ltr'><strong>autem,</strong></span> <span class='ocrx_word' id='word_1_96' title='bbox 1419 1471 1673 1521; x_wconf 76' lang='lat' dir='ltr'><strong>Alcibiade</strong></span> <span class='ocrx_word' id='word_1_97' title='bbox 1708 1489 1824 1522; x_wconf 90' lang='lat' dir='ltr'><strong>con·</strong></span> <span class='ocrx_word' id='word_1_98' title='bbox 1857 1479 1859 1481; x_wconf 82' lang='grc'><strong>’</strong></span> 
     </span>
     <span class='ocr_line' id='line_1_16' title="bbox 142 1550 1828 1616; baseline 0.001 -18"><span class='ocrx_word' id='word_1_99' title='bbox 142 1550 357 1611; x_wconf 90' lang='lat' dir='ltr'><strong>ciliante,</strong></span> <span class='ocrx_word' id='word_1_100' title='bbox 392 1567 498 1599; x_wconf 90' lang='lat' dir='ltr'><strong>eam</strong></span> <span class='ocrx_word' id='word_1_101' title='bbox 524 1550 709 1599; x_wconf 87' lang='lat' dir='ltr'><strong>frustra</strong></span> <span class='ocrx_word' id='word_1_102' title='bbox 735 1553 1013 1615; x_wconf 83' lang='lat' dir='ltr'><strong>captabant.</strong></span> <span class='ocrx_word' id='word_1_103' title='bbox 1068 1550 1366 1614; x_wconf 83' lang='lat' dir='ltr'><strong>Respublica</strong></span> <span class='ocrx_word' id='word_1_104' title='bbox 1407 1567 1522 1599; x_wconf 88' lang='lat' dir='ltr'><strong>vero</strong></span> <span class='ocrx_word' id='word_1_105' title='bbox 1558 1567 1705 1614; x_wconf 84' lang='lat' dir='ltr'><strong>quum</strong></span> <span class='ocrx_word' id='word_1_106' title='bbox 1736 1568 1828 1616; x_wconf 89' lang='lat' dir='ltr'><strong>spe</strong></span> 
     </span>
     <span class='ocr_line' id='line_1_17' title="bbox 146 1630 1825 1695; baseline 0.001 -17"><span class='ocrx_word' id='word_1_107' title='bbox 146 1630 317 1679; x_wconf 88' lang='lat' dir='ltr'><strong>salutis</strong></span> <span class='ocrx_word' id='word_1_108' title='bbox 368 1632 551 1679; x_wconf 88' lang='lat' dir='ltr'><strong>certius</strong></span> <span class='ocrx_word' id='word_1_109' title='bbox 602 1631 952 1695; x_wconf 83' lang='lat' dir='ltr'><strong>adipiscendae</strong></span> <span class='ocrx_word' id='word_1_110' title='bbox 997 1631 1316 1695; x_wconf 88' lang='lat' dir='ltr'><strong>optimatibus</strong></span> <span class='ocrx_word' id='word_1_111' title='bbox 1366 1632 1628 1679; x_wconf 88' lang='lat' dir='ltr'><strong>commissa</strong></span> <span class='ocrx_word' id='word_1_112' title='bbox 1674 1638 1825 1694; x_wconf 87' lang='lat' dir='ltr'><strong>esset,</strong></span> 
     </span>
     <span class='ocr_line' id='line_1_18' title="bbox 145 1710 1827 1775; baseline 0.001 -16"><span class='ocrx_word' id='word_1_113' title='bbox 145 1726 288 1770; x_wconf 84' lang='lat' dir='ltr'><strong>mox,</strong></span> <span class='ocrx_word' id='word_1_114' title='bbox 339 1711 416 1759; x_wconf 86' lang='lat' dir='ltr'><strong>his</strong></span> <span class='ocrx_word' id='word_1_115' title='bbox 466 1710 526 1758; x_wconf 90' lang='lat' dir='ltr'><strong>ad</strong></span> <span class='ocrx_word' id='word_1_116' title='bbox 562 1712 752 1775; x_wconf 85' lang='lat' dir='ltr'><strong>patriae</strong></span> <span class='ocrx_word' id='word_1_117' title='bbox 785 1711 1114 1775; x_wconf 84' lang='lat' dir='ltr'><strong>proditionem</strong></span> <span class='ocrx_word' id='word_1_118' title='bbox 1152 1711 1521 1769; x_wconf 87' lang='lat' dir='ltr'><strong>inclinantibus,</strong></span> <span class='ocrx_word' id='word_1_119' title='bbox 1563 1727 1731 1760; x_wconf 89' lang='lat' dir='ltr'><strong>rursus</strong></span> <span class='ocrx_word' id='word_1_120' title='bbox 1764 1711 1827 1760; x_wconf 83' lang='lat' dir='ltr'><strong>ad</strong></span> 
     </span>
     <span class='ocr_line' id='line_1_19' title="bbox 145 1790 1826 1855; baseline 0.001 -17"><span class='ocrx_word' id='word_1_121' title='bbox 145 1791 435 1855; x_wconf 88' lang='lat' dir='ltr'><strong>popularem</strong></span> <span class='ocrx_word' id='word_1_122' title='bbox 473 1797 787 1853; x_wconf 87' lang='lat' dir='ltr'><strong>potestatem,</strong></span> <span class='ocrx_word' id='word_1_123' title='bbox 823 1790 913 1838; x_wconf 89' lang='lat' dir='ltr'><strong>sed</strong></span> <span class='ocrx_word' id='word_1_124' title='bbox 950 1790 1249 1849; x_wconf 88' lang='lat' dir='ltr'><strong>melioribus,</strong></span> <span class='ocrx_word' id='word_1_125' title='bbox 1291 1807 1435 1854; x_wconf 83' lang='lat' dir='ltr'><strong>quam</strong></span> <span class='ocrx_word' id='word_1_126' title='bbox 1469 1790 1634 1840; x_wconf 85' lang='lat' dir='ltr'><strong>fuerat</strong></span> <span class='ocrx_word' id='word_1_127' title='bbox 1666 1797 1826 1852; x_wconf 88' lang='lat' dir='ltr'><strong>antea,</strong></span> 
     </span>
     <span class='ocr_line' id='line_1_20' title="bbox 147 1870 1827 1935; baseline 0.002 -18"><span class='ocrx_word' id='word_1_128' title='bbox 147 1870 341 1935; x_wconf 81' lang='lat' dir='ltr'><strong>legibus</strong></span> <span class='ocrx_word' id='word_1_129' title='bbox 377 1876 721 1934; x_wconf 85' lang='lat' dir='ltr'><strong>temperatam,</strong></span> <span class='ocrx_word' id='word_1_130' title='bbox 757 1874 983 1918; x_wconf 88' lang='lat' dir='ltr'><strong>revocata</strong></span> <span class='ocrx_word' id='word_1_131' title='bbox 1019 1875 1111 1921; x_wconf 88' lang='lat' dir='ltr'><strong>est.</strong></span> <span class='ocrx_word' id='word_1_132' title='bbox 1167 1870 1335 1919; x_wconf 88' lang='lat' dir='ltr'><strong>lusunt</strong></span> <span class='ocrx_word' id='word_1_133' title='bbox 1361 1877 1525 1920; x_wconf 88' lang='lat' dir='ltr'><strong>autem</strong></span> <span class='ocrx_word' id='word_1_134' title='bbox 1550 1876 1601 1919; x_wconf 86' lang='lat' dir='ltr'><strong>et</strong></span> <span class='ocrx_word' id='word_1_135' title='bbox 1627 1871 1674 1919; x_wconf 92' lang='lat' dir='ltr'><strong>in</strong></span> <span class='ocrx_word' id='word_1_136' title='bbox 1700 1871 1827 1920; x_wconf 89' lang='lat' dir='ltr'><strong>Ore-</strong></span> 
     </span>
     <span class='ocr_line' id='line_1_21' title="bbox 149 1950 1827 2015; baseline 0.001 -16"><span class='ocrx_word' id='word_1_137' title='bbox 149 1958 229 1999; x_wconf 85' lang='lat' dir='ltr'><strong>ste</strong></span> <span class='ocrx_word' id='word_1_138' title='bbox 263 1957 313 1998; x_wconf 90' lang='lat' dir='ltr'><strong>et</strong></span> <span class='ocrx_word' id='word_1_139' title='bbox 348 1951 396 1998; x_wconf 90' lang='lat' dir='ltr'><strong>in</strong></span> <span class='ocrx_word' id='word_1_140' title='bbox 434 1950 720 1999; x_wconf 84' lang='lat' dir='ltr'><strong>Phoenissis</strong></span> <span class='ocrx_word' id='word_1_141' title='bbox 756 1951 1013 2014; x_wconf 75' lang='lat' dir='ltr'><strong>quaedam,</strong></span> <span class='ocrx_word' id='word_1_142' title='bbox 1050 1967 1176 2014; x_wconf 88' lang='lat' dir='ltr'><strong>quae</strong></span> <span class='ocrx_word' id='word_1_143' title='bbox 1210 1951 1270 1999; x_wconf 88' lang='lat' dir='ltr'><strong>ad</strong></span> <span class='ocrx_word' id='word_1_144' title='bbox 1308 1952 1415 1999; x_wconf 88' lang='lat' dir='ltr'><strong>illas</strong></span> <span class='ocrx_word' id='word_1_145' title='bbox 1461 1968 1581 2015; x_wconf 91' lang='lat' dir='ltr'><strong>quas</strong></span> <span class='ocrx_word' id='word_1_146' title='bbox 1618 1951 1827 2000; x_wconf 87' lang='lat' dir='ltr'><strong>diximus</strong></span> 
     </span>
     <span class='ocr_line' id='line_1_22' title="bbox 149 2031 1828 2095; baseline 0.001 -15"><span class='ocrx_word' id='word_1_147' title='bbox 149 2032 490 2080; x_wconf 87' lang='lat' dir='ltr'><strong>contentiones</strong></span> <span class='ocrx_word' id='word_1_148' title='bbox 535 2031 608 2078; x_wconf 83' lang='lat' dir='ltr'><strong>sic</strong></span> <span class='ocrx_word' id='word_1_149' title='bbox 655 2031 950 2095; x_wconf 84' lang='lat' dir='ltr'><strong>respiciant,</strong></span> <span class='ocrx_word' id='word_1_150' title='bbox 995 2036 1048 2079; x_wconf 87' lang='lat' dir='ltr'><strong>ut</strong></span> <span class='ocrx_word' id='word_1_151' title='bbox 1093 2031 1249 2095; x_wconf 84' lang='lat' dir='ltr'><strong>magis</strong></span> <span class='ocrx_word' id='word_1_152' title='bbox 1297 2032 1484 2095; x_wconf 85' lang='lat' dir='ltr'><strong>possint</strong></span> <span class='ocrx_word' id='word_1_153' title='bbox 1524 2032 1828 2095; x_wconf 88' lang='lat' dir='ltr'><strong>temporibus</strong></span> 
     </span>
     <span class='ocr_line' id='line_1_23' title="bbox 148 2111 1827 2175; baseline 0.001 -15"><span class='ocrx_word' id='word_1_154' title='bbox 148 2112 350 2171; x_wconf 86' lang='lat' dir='ltr'><strong>tributa,</strong></span> <span class='ocrx_word' id='word_1_155' title='bbox 386 2127 532 2175; x_wconf 88' lang='lat' dir='ltr'><strong>quam</strong></span> <span class='ocrx_word' id='word_1_156' title='bbox 568 2112 868 2174; x_wconf 79' lang='lat' dir='ltr'><strong>argumentis</strong></span> <span class='ocrx_word' id='word_1_157' title='bbox 903 2111 1179 2159; x_wconf 87' lang='lat' dir='ltr'><strong>fabularum</strong></span> <span class='ocrx_word' id='word_1_158' title='bbox 1211 2113 1489 2159; x_wconf 85' lang='lat' dir='ltr'><strong>necessaria</strong></span> <span class='ocrx_word' id='word_1_159' title='bbox 1516 2127 1628 2159; x_wconf 90' lang='lat' dir='ltr'><strong>esse</strong></span> <span class='ocrx_word' id='word_1_160' title='bbox 1657 2112 1827 2162; x_wconf 76' lang='lat' dir='ltr'><strong>videri.</strong></span> 
     </span>
     <span class='ocr_line' id='line_1_24' title="bbox 150 2191 1829 2255; baseline 0.001 -15"><span class='ocrx_word' id='word_1_161' title='bbox 150 2191 302 2240; x_wconf 85' lang='lat' dir='ltr'><strong>Cuius</strong></span> <span class='ocrx_word' id='word_1_162' title='bbox 338 2192 504 2240; x_wconf 87' lang='lat' dir='ltr'><strong>statim</strong></span> <span class='ocrx_word' id='word_1_163' title='bbox 550 2192 748 2255; x_wconf 83' lang='lat' dir='ltr'><strong>generis</strong></span> <span class='ocrx_word' id='word_1_164' title='bbox 793 2199 872 2240; x_wconf 88' lang='lat' dir='ltr'><strong>est</strong></span> <span class='ocrx_word' id='word_1_165' title='bbox 907 2192 1089 2239; x_wconf 87' lang='lat' dir='ltr'><strong>chorus</strong></span> <span class='ocrx_word' id='word_1_166' title='bbox 1135 2191 1379 2254; x_wconf 82' lang='lat' dir='ltr'><strong>virginum</strong></span> <span class='ocrx_word' id='word_1_167' title='bbox 1426 2191 1829 2251; x_wconf 89' lang='lat' dir='ltr'><strong>Phoenissarum‚</strong></span> 
     </span>
     <span class='ocr_line' id='line_1_25' title="bbox 149 2271 1829 2335; baseline 0.001 -15"><span class='ocrx_word' id='word_1_168' title='bbox 149 2272 286 2320; x_wconf 88' lang='lat' dir='ltr'><strong>cuius</strong></span> <span class='ocrx_word' id='word_1_169' title='bbox 322 2271 583 2320; x_wconf 89' lang='lat' dir='ltr'><strong>inducendi</strong></span> <span class='ocrx_word' id='word_1_170' title='bbox 620 2286 842 2318; x_wconf 88' lang='lat' dir='ltr'><strong>caussam</strong></span> <span class='ocrx_word' id='word_1_171' title='bbox 879 2272 1164 2335; x_wconf 86' lang='lat' dir='ltr'><strong>priusquam</strong></span> <span class='ocrx_word' id='word_1_172' title='bbox 1201 2271 1540 2329; x_wconf 79' lang='lat' dir='ltr'><strong>ostendamus,</strong></span> <span class='ocrx_word' id='word_1_173' title='bbox 1582 2278 1722 2320; x_wconf 85' lang='lat' dir='ltr'><strong>antea</strong></span> <span class='ocrx_word' id='word_1_174' title='bbox 1755 2274 1829 2321; x_wconf 86' lang='lat' dir='ltr'><strong>vi-</strong></span> 
     </span>
     <span class='ocr_line' id='line_1_26' title="bbox 150 2350 1829 2414; baseline 0.001 -14"><span class='ocrx_word' id='word_1_175' title='bbox 150 2351 367 2400; x_wconf 85' lang='lat' dir='ltr'><strong>dendum</strong></span> <span class='ocrx_word' id='word_1_176' title='bbox 418 2358 523 2412; x_wconf 88' lang='lat' dir='ltr'><strong>est,</strong></span> <span class='ocrx_word' id='word_1_177' title='bbox 581 2350 712 2397; x_wconf 90' lang='lat' dir='ltr'><strong>unde</strong></span> <span class='ocrx_word' id='word_1_178' title='bbox 758 2355 1001 2398; x_wconf 88' lang='lat' dir='ltr'><strong>terrarum</strong></span> <span class='ocrx_word' id='word_1_179' title='bbox 1051 2357 1102 2399; x_wconf 89' lang='lat' dir='ltr'><strong>et</strong></span> <span class='ocrx_word' id='word_1_180' title='bbox 1150 2367 1358 2414; x_wconf 87' lang='lat' dir='ltr'><strong>quonam</strong></span> <span class='ocrx_word' id='word_1_181' title='bbox 1405 2352 1583 2399; x_wconf 86' lang='lat' dir='ltr'><strong>itinere</strong></span> <span class='ocrx_word' id='word_1_182' title='bbox 1629 2351 1829 2402; x_wconf 86' lang='lat' dir='ltr'><strong>Thebas</strong></span> 
     </span>
     <span class='ocr_line' id='line_1_27' title="bbox 150 2431 1829 2496; baseline 0.002 -17"><span class='ocrx_word' id='word_1_183' title='bbox 150 2447 206 2479; x_wconf 88' lang='lat' dir='ltr'><strong>se</strong></span> <span class='ocrx_word' id='word_1_184' title='bbox 240 2432 353 2479; x_wconf 86' lang='lat' dir='ltr'><strong>illae</strong></span> <span class='ocrx_word' id='word_1_185' title='bbox 388 2432 597 2495; x_wconf 84' lang='lat' dir='ltr'><strong>virgines</strong></span> <span class='ocrx_word' id='word_1_186' title='bbox 633 2432 932 2494; x_wconf 72' lang='lat' dir='ltr'><strong>pervenissev</strong></span> <span class='ocrx_word' id='word_1_187' title='bbox 957 2432 1138 2492; x_wconf 85' lang='lat' dir='ltr'><strong>dicant,</strong></span> <span class='ocrx_word' id='word_1_188' title='bbox 1175 2431 1570 2495; x_wconf 87' lang='lat' dir='ltr'><strong>quandoquidem</strong></span> <span class='ocrx_word' id='word_1_189' title='bbox 1595 2448 1668 2492; x_wconf 89' lang='lat' dir='ltr'><strong>ea,</strong></span> <span class='ocrx_word' id='word_1_190' title='bbox 1703 2450 1829 2496; x_wconf 85' lang='lat' dir='ltr'><strong>quae</strong></span> 
     </span>
     <span class='ocr_line' id='line_1_28' title="bbox 149 2510 1828 2574; baseline 0.002 -16"><span class='ocrx_word' id='word_1_191' title='bbox 149 2510 401 2573; x_wconf 84' lang='lat' dir='ltr'><strong>plerisque</strong></span> <span class='ocrx_word' id='word_1_192' title='bbox 435 2512 693 2573; x_wconf 82' lang='lat' dir='ltr'><strong>probatur,</strong></span> <span class='ocrx_word' id='word_1_193' title='bbox 739 2512 1094 2574; x_wconf 86' lang='lat' dir='ltr'><strong>interpretandi</strong></span> <span class='ocrx_word' id='word_1_194' title='bbox 1129 2513 1255 2560; x_wconf 89' lang='lat' dir='ltr'><strong>ratio</strong></span> <span class='ocrx_word' id='word_1_195' title='bbox 1290 2511 1442 2558; x_wconf 83' lang='lat' dir='ltr'><strong>multa</strong></span> <span class='ocrx_word' id='word_1_196' title='bbox 1480 2511 1625 2559; x_wconf 91' lang='lat' dir='ltr'><strong>habet</strong></span> <span class='ocrx_word' id='word_1_197' title='bbox 1659 2511 1828 2561; x_wconf 90' lang='lat' dir='ltr'><strong>incon-</strong></span> 
     </span>
     <span class='ocr_line' id='line_1_29' title="bbox 152 2590 1830 2640; baseline 0.001 -2"><span class='ocrx_word' id='word_1_198' title='bbox 152 2591 306 2639; x_wconf 89' lang='lat' dir='ltr'><strong>cinna.</strong></span> <span class='ocrx_word' id='word_1_199' title='bbox 390 2590 607 2638; x_wconf 87' lang='lat' dir='ltr'><strong>Primum</strong></span> <span class='ocrx_word' id='word_1_200' title='bbox 653 2591 782 2638; x_wconf 86' lang='lat' dir='ltr'><strong>enim</strong></span> <span class='ocrx_word' id='word_1_201' title='bbox 820 2590 882 2637; x_wconf 92' lang='lat' dir='ltr'><strong>Io</strong></span> <span class='ocrx_word' id='word_1_202' title='bbox 902 2591 1068 2638; x_wconf 90' lang='lat' dir='ltr'><strong>nium</strong></span> <span class='ocrx_word' id='word_1_203' title='bbox 1117 2607 1251 2638; x_wconf 88' lang='lat' dir='ltr'><strong>mare</strong></span> <span class='ocrx_word' id='word_1_204' title='bbox 1296 2591 1343 2637; x_wconf 90' lang='lat' dir='ltr'><strong>iu</strong></span> <span class='ocrx_word' id='word_1_205' title='bbox 1392 2590 1615 2638; x_wconf 85' lang='lat' dir='ltr'><strong>orientali</strong></span> <span class='ocrx_word' id='word_1_206' title='bbox 1663 2591 1830 2640; x_wconf 90' lang='lat' dir='ltr'><strong>volunt</strong></span> 
     </span>
     <span class='ocr_line' id='line_1_30' title="bbox 152 2669 1829 2735; baseline 0.001 -17"><span class='ocrx_word' id='word_1_207' title='bbox 152 2686 244 2734; x_wconf 89' lang='lat' dir='ltr'><strong>pro</strong></span> <span class='ocrx_word' id='word_1_208' title='bbox 281 2670 573 2718; x_wconf 88' lang='lat' dir='ltr'><strong>occidentali</strong></span> <span class='ocrx_word' id='word_1_209' title='bbox 602 2670 843 2719; x_wconf 88' lang='lat' dir='ltr'><strong>Graeciae</strong></span> <span class='ocrx_word' id='word_1_210' title='bbox 879 2677 1020 2734; x_wconf 89' lang='lat' dir='ltr'><strong>parte</strong></span> <span class='ocrx_word' id='word_1_211' title='bbox 1054 2672 1114 2718; x_wconf 90' lang='lat' dir='ltr'><strong>ab</strong></span> <span class='ocrx_word' id='word_1_212' title='bbox 1142 2669 1382 2733; x_wconf 77' lang='lat' dir='ltr'><strong>Euripide</strong></span> <span class='ocrx_word' id='word_1_213' title='bbox 1412 2670 1660 2730; x_wconf 89' lang='lat' dir='ltr'><strong>collocari,</strong></span> <span class='ocrx_word' id='word_1_214' title='bbox 1697 2670 1829 2735; x_wconf 88' lang='lat' dir='ltr'><strong>quod</strong></span> 
     </span>
     <span class='ocr_line' id='line_1_31' title="bbox 153 2750 1828 2814; baseline 0.001 -15"><span class='ocrx_word' id='word_1_215' title='bbox 153 2766 302 2813; x_wconf 82' lang='lat' dir='ltr'><strong>quum</strong></span> <span class='ocrx_word' id='word_1_216' title='bbox 350 2766 525 2797; x_wconf 91' lang='lat' dir='ltr'><strong>vanum</strong></span> <span class='ocrx_word' id='word_1_217' title='bbox 571 2765 683 2798; x_wconf 88' lang='lat' dir='ltr'><strong>esse</strong></span> <span class='ocrx_word' id='word_1_218' title='bbox 729 2751 1028 2813; x_wconf 80' lang='lat' dir='ltr'><strong>intelligeret</strong></span> <span class='ocrx_word' id='word_1_219' title='bbox 1074 2750 1408 2810; x_wconf 88' lang='lat' dir='ltr'><strong>Hermannus,</strong></span> <span class='ocrx_word' id='word_1_220' title='bbox 1471 2751 1579 2814; x_wconf 86' lang='lat' dir='ltr'><strong>ipse</strong></span> <span class='ocrx_word' id='word_1_221' title='bbox 1637 2758 1828 2814; x_wconf 90' lang='lat' dir='ltr'><strong>partem</strong></span> 
     </span>
     <span class='ocr_line' id='line_1_32' title="bbox 154 2828 1830 2895; baseline 0 -17"><span class='ocrx_word' id='word_1_222' title='bbox 154 2846 288 2888; x_wconf 83' lang='lat' dir='ltr'><strong>eam,</strong></span> <span class='ocrx_word' id='word_1_223' title='bbox 339 2846 464 2893; x_wconf 88' lang='lat' dir='ltr'><strong>quae</strong></span> <span class='ocrx_word' id='word_1_224' title='bbox 498 2845 524 2875; x_wconf 89' lang='lat' dir='ltr'><strong>a</strong></span> <span class='ocrx_word' id='word_1_225' title='bbox 562 2828 695 2877; x_wconf 83' lang='lat' dir='ltr'><strong>Gaza</strong></span> <span class='ocrx_word' id='word_1_226' title='bbox 729 2832 790 2879; x_wconf 89' lang='lat' dir='ltr'><strong>ad</strong></span> <span class='ocrx_word' id='word_1_227' title='bbox 827 2831 1104 2895; x_wconf 80' lang='lat' dir='ltr'><strong>Aegyptum</strong></span> <span class='ocrx_word' id='word_1_228' title='bbox 1141 2831 1506 2893; x_wconf 80' lang='lat' dir='ltr'><strong>porrigeretur,</strong></span> <span class='ocrx_word' id='word_1_229' title='bbox 1561 2831 1830 2895; x_wconf 83' lang='lat' dir='ltr'><strong>significari</strong></span> 
     </span>
     <span class='ocr_line' id='line_1_33' title="bbox 153 2909 1829 2975; baseline 0.002 -18"><span class='ocrx_word' id='word_1_230' title='bbox 153 2911 371 2975; x_wconf 84' lang='lat' dir='ltr'><strong>putavit,</strong></span> <span class='ocrx_word' id='word_1_231' title='bbox 422 2926 566 2973; x_wconf 88' lang='lat' dir='ltr'><strong>quam</strong></span> <span class='ocrx_word' id='word_1_232' title='bbox 601 2926 662 2958; x_wconf 89' lang='lat' dir='ltr'><strong>ne</strong></span> <span class='ocrx_word' id='word_1_233' title='bbox 697 2911 940 2972; x_wconf 78' lang='lat' dir='ltr'><strong>attingere</strong></span> <span class='ocrx_word' id='word_1_234' title='bbox 976 2911 1171 2974; x_wconf 88' lang='lat' dir='ltr'><strong>quidem</strong></span> <span class='ocrx_word' id='word_1_235' title='bbox 1210 2916 1414 2973; x_wconf 88' lang='lat' dir='ltr'><strong>possunt</strong></span> <span class='ocrx_word' id='word_1_236' title='bbox 1449 2927 1592 2958; x_wconf 87' lang='lat' dir='ltr'><strong>naves</strong></span> <span class='ocrx_word' id='word_1_237' title='bbox 1632 2928 1659 2958; x_wconf 85' lang='lat' dir='ltr'><strong>a</strong></span> <span class='ocrx_word' id='word_1_238' title='bbox 1693 2909 1829 2975; x_wconf 84' lang='lat' dir='ltr'><strong>Tyro</strong></span> 
     </span>
     <span class='ocr_line' id='line_1_34' title="bbox 154 2990 1832 3040; baseline 0.001 -2"><span class='ocrx_word' id='word_1_239' title='bbox 154 2992 201 3040; x_wconf 88' lang='lat' dir='ltr'><strong>in</strong></span> <span class='ocrx_word' id='word_1_240' title='bbox 238 2990 497 3038; x_wconf 85' lang='lat' dir='ltr'><strong>Graeciam</strong></span> <span class='ocrx_word' id='word_1_241' title='bbox 543 2990 815 3039; x_wconf 76' lang='lat' dir='ltr'><strong>tendenteS.</strong></span> <span class='ocrx_word' id='word_1_242' title='bbox 884 2993 981 3040; x_wconf 87' lang='lat' dir='ltr'><strong>Sed</strong></span> <span class='ocrx_word' id='word_1_243' title='bbox 1016 2991 1096 3039; x_wconf 83' lang='lat' dir='ltr'><strong>fac</strong></span> <span class='ocrx_word' id='word_1_244' title='bbox 1131 2990 1207 3038; x_wconf 87' lang='lat' dir='ltr'><strong>vel</strong></span> <span class='ocrx_word' id='word_1_245' title='bbox 1245 2995 1396 3037; x_wconf 83' lang='lat' dir='ltr'><strong>toturn</strong></span> <span class='ocrx_word' id='word_1_246' title='bbox 1430 2991 1547 3037; x_wconf 90' lang='lat' dir='ltr'><strong>illud</strong></span> <span class='ocrx_word' id='word_1_247' title='bbox 1583 3007 1719 3040; x_wconf 90' lang='lat' dir='ltr'><strong>mare</strong></span> <span class='ocrx_word' id='word_1_248' title='bbox 1752 2991 1832 3040; x_wconf 85' lang='lat' dir='ltr'><strong>vel</strong></span> 
     </span>
     <span class='ocr_line' id='line_1_35' title="bbox 155 3069 1833 3135; baseline 0 -16"><span class='ocrx_word' id='word_1_249' title='bbox 155 3077 343 3134; x_wconf 87' lang='lat' dir='ltr'><strong>partem</strong></span> <span class='ocrx_word' id='word_1_250' title='bbox 382 3071 485 3118; x_wconf 86' lang='lat' dir='ltr'><strong>eius</strong></span> <span class='ocrx_word' id='word_1_251' title='bbox 520 3069 709 3117; x_wconf 88' lang='lat' dir='ltr'><strong>Ionium</strong></span> <span class='ocrx_word' id='word_1_252' title='bbox 758 3072 993 3134; x_wconf 87' lang='lat' dir='ltr'><strong>appellari</strong></span> <span class='ocrx_word' id='word_1_253' title='bbox 1029 3070 1281 3135; x_wconf 88' lang='lat' dir='ltr'><strong>potuisse,</strong></span> <span class='ocrx_word' id='word_1_254' title='bbox 1329 3070 1656 3134; x_wconf 82' lang='lat' dir='ltr'><strong>Zephyrusne</strong></span> <span class='ocrx_word' id='word_1_255' title='bbox 1690 3087 1719 3119; x_wconf 88' lang='lat' dir='ltr'><strong>a</strong></span> <span class='ocrx_word' id='word_1_256' title='bbox 1753 3070 1833 3119; x_wconf 89' lang='lat' dir='ltr'><strong>Si-</strong></span> 
     </span>
     <span class='ocr_line' id='line_1_36' title="bbox 157 3149 1831 3213; baseline 0 -15"><span class='ocrx_word' id='word_1_257' title='bbox 157 3151 266 3199; x_wconf 89' lang='lat' dir='ltr'><strong>cilia</strong></span> <span class='ocrx_word' id='word_1_258' title='bbox 300 3151 448 3197; x_wconf 87' lang='lat' dir='ltr'><strong>flabat</strong></span> <span class='ocrx_word' id='word_1_259' title='bbox 481 3149 555 3208; x_wconf 76' lang='lat' dir='ltr'><strong>iis,</strong></span> <span class='ocrx_word' id='word_1_260' title='bbox 593 3149 675 3211; x_wconf 90' lang='lat' dir='ltr'><strong>qui</strong></span> <span class='ocrx_word' id='word_1_261' title='bbox 712 3149 994 3213; x_wconf 83' lang='lat' dir='ltr'><strong>longissimo</strong></span> <span class='ocrx_word' id='word_1_262' title='bbox 1030 3151 1178 3198; x_wconf 90' lang='lat' dir='ltr'><strong>maris</strong></span> <span class='ocrx_word' id='word_1_263' title='bbox 1214 3158 1553 3213; x_wconf 84' lang='lat' dir='ltr'><strong>terrarumque</strong></span> <span class='ocrx_word' id='word_1_264' title='bbox 1580 3151 1831 3199; x_wconf 87' lang='lat' dir='ltr'><strong>intervallo</strong></span> 
     </span>
     <span class='ocr_line' id='line_1_37' title="bbox 154 3229 1830 3292; baseline -0.001 -14"><span class='ocrx_word' id='word_1_265' title='bbox 154 3231 217 3278; x_wconf 84' lang='lat' dir='ltr'><strong>ab</strong></span> <span class='ocrx_word' id='word_1_266' title='bbox 253 3247 310 3278; x_wconf 89' lang='lat' dir='ltr'><strong>ea</strong></span> <span class='ocrx_word' id='word_1_267' title='bbox 344 3229 503 3277; x_wconf 88' lang='lat' dir='ltr'><strong>insula</strong></span> <span class='ocrx_word' id='word_1_268' title='bbox 539 3232 927 3292; x_wconf 61' lang='lat' dir='ltr'><strong>separabantur?</strong></span> <span class='ocrx_word' id='word_1_269' title='bbox 974 3231 1100 3278; x_wconf 90' lang='lat' dir='ltr'><strong>Huic</strong></span> <span class='ocrx_word' id='word_1_270' title='bbox 1135 3231 1306 3278; x_wconf 86' lang='lat' dir='ltr'><strong>rationi</strong></span> <span class='ocrx_word' id='word_1_271' title='bbox 1341 3231 1410 3278; x_wconf 89' lang='lat' dir='ltr'><strong>sic</strong></span> <span class='ocrx_word' id='word_1_272' title='bbox 1446 3231 1516 3278; x_wconf 89' lang='lat' dir='ltr'><strong>illi</strong></span> <span class='ocrx_word' id='word_1_273' title='bbox 1551 3235 1830 3290; x_wconf 89' lang='lat' dir='ltr'><strong>occurrunt,</strong></span> 
     </span>
     <span class='ocr_line' id='line_1_38' title="bbox 159 3309 1831 3374; baseline -0.001 -16"><span class='ocrx_word' id='word_1_274' title='bbox 159 3316 214 3358; x_wconf 91' lang='lat' dir='ltr'><strong>ut</strong></span> <span class='ocrx_word' id='word_1_275' title='bbox 248 3311 453 3359; x_wconf 88' lang='lat' dir='ltr'><strong>abusum</strong></span> <span class='ocrx_word' id='word_1_276' title='bbox 492 3324 603 3356; x_wconf 89' lang='lat' dir='ltr'><strong>esse</strong></span> <span class='ocrx_word' id='word_1_277' title='bbox 638 3309 800 3357; x_wconf 88' lang='lat' dir='ltr'><strong>dicant</strong></span> <span class='ocrx_word' id='word_1_278' title='bbox 835 3318 1030 3374; x_wconf 86' lang='lat' dir='ltr'><strong>poetam</strong></span> <span class='ocrx_word' id='word_1_279' title='bbox 1068 3310 1293 3374; x_wconf 83' lang='lat' dir='ltr'><strong>epitheto</strong></span> <span class='ocrx_word' id='word_1_280' title='bbox 1330 3311 1506 3359; x_wconf 88' lang='lat' dir='ltr'><strong>otioso.</strong></span> <span class='ocrx_word' id='word_1_281' title='bbox 1574 3310 1682 3357; x_wconf 84' lang='lat' dir='ltr'><strong>Hoc</strong></span> <span class='ocrx_word' id='word_1_282' title='bbox 1711 3325 1831 3372; x_wconf 92' lang='lat' dir='ltr'><strong>quo-</strong></span> 
     </span>
     <span class='ocr_line' id='line_1_39' title="bbox 155 3388 1834 3453; baseline 0 -15"><span class='ocrx_word' id='word_1_283' title='bbox 155 3405 256 3453; x_wconf 84' lang='lat' dir='ltr'><strong>que</strong></span> <span class='ocrx_word' id='word_1_284' title='bbox 286 3391 332 3438; x_wconf 89' lang='lat' dir='ltr'><strong>si</strong></span> <span class='ocrx_word' id='word_1_285' title='bbox 366 3388 723 3448; x_wconf 89' lang='lat' dir='ltr'><strong>concedamus,</strong></span> <span class='ocrx_word' id='word_1_286' title='bbox 771 3396 908 3439; x_wconf 87' lang='lat' dir='ltr'><strong>certe</strong></span> <span class='ocrx_word' id='word_1_287' title='bbox 957 3394 1125 3438; x_wconf 89' lang='lat' dir='ltr'><strong>contra</strong></span> <span class='ocrx_word' id='word_1_288' title='bbox 1174 3391 1579 3438; x_wconf 86' lang='lat' dir='ltr'><strong>consuetudinem</strong></span> <span class='ocrx_word' id='word_1_289' title='bbox 1628 3389 1834 3452; x_wconf 86' lang='lat' dir='ltr'><strong>perinde</strong></span> 
     </span>
     <span class='ocr_line' id='line_1_40' title="bbox 157 3467 1831 3534; baseline 0 -17"><span class='ocrx_word' id='word_1_290' title='bbox 157 3483 216 3518; x_wconf 86' lang='lat' dir='ltr'><strong>ac</strong></span> <span class='ocrx_word' id='word_1_291' title='bbox 257 3474 482 3520; x_wconf 85' lang='lat' dir='ltr'><strong>naturam</strong></span> <span class='ocrx_word' id='word_1_292' title='bbox 524 3474 601 3519; x_wconf 88' lang='lat' dir='ltr'><strong>est</strong></span> <span class='ocrx_word' id='word_1_293' title='bbox 643 3469 1123 3534; x_wconf 86' lang='lat' dir='ltr'><strong>pulcerrimum</strong></span> <span class='ocrx_word' id='word_1_294' title='bbox 1173 3468 1247 3519; x_wconf 83' lang='lat' dir='ltr'><strong>vel</strong></span> <span class='ocrx_word' id='word_1_295' title='bbox 1292 3467 1831 3519; x_wconf 85' lang='lat' dir='ltr'><strong>iucundissimum</strong></span> 
     </span>
    </p>
   </div>
  </div>
 </body>
</html>
