2170 3866
1128 268 1256 330 538

322 419 453 470 hanc
484 417 670 468 deinde
704 414 870 467 Creon
903 416 1043 468 venit
1074 418 1392 485 agnitumque
1425 416 1686 482 virginem,
1732 434 1881 486 quam
1913 419 2016 486 pri-²

324 499 440 549 dem
489 502 710 561 amaret,
757 497 810 548 in
854 496 1055 547 domum
1101 506 1331 564 tanquam
1374 515 1514 548 suam
1562 498 1810 551 reducere
1845 501 2015 551 voluit.

321 579 547 645 Negante
581 577 860 644 Tisiphone
894 579 1102 628 Creonti
1129 581 1394 645 quicquam
1428 579 1479 628 in
1513 595 1571 630 se
1603 580 1729 630 iuris
1760 595 1877 630 ease
1895 596 2016 630 ven·

321 659 460 709 ditae
517 665 667 724 atque
712 660 820 708 aliis
870 659 1086 709 dominis
1131 662 1504 726 emancipatae,
1566 660 1651 710 ille
1695 660 1859 726 aperit.
1902 675 2013 709 eam

322 740 640 792 Alcmaeonis
685 739 839 788 filiam
891 755 1007 790 esse
1059 748 1113 790 et
1164 759 1193 790 a
1239 748 1382 807 patre
1429 747 1603 805 (quem
1651 741 1848 806 pridem
1900 754 2016 788 esse

320 825 569 870 mortuum
607 821 794 880 credit)
830 821 926 870 sibi
959 822 1269 871 educandam
1304 821 1563 886 traditam:
1615 837 1742 885 quae
1789 819 2016 869 docendo

319 901 622 951 contrarium
663 901 824 950 efficit
858 902 996 963 eius,
1044 902 1177 967 quod
1228 902 1347 951 vult.
1417 902 1545 952 Nam
1579 901 1886 966 Tisiphone,
1934 900 2014 949 his

318 982 551 1045 cognitis,
598 981 838 1030 voluntati
871 982 1005 1031 illius
1050 982 1207 1046 magis
1242 983 1407 1046 etiam,
1452 999 1598 1048 quam
1632 988 1794 1044 antea,
1837 980 2016 1031 adver-

318 1069 461 1112 satur
494 1068 548 1112 et
580 1063 773 1127 magnis
808 1062 1109 1112 clamoribus
1146 1067 1337 1128 patrem
1373 1063 1424 1113 in
1457 1063 1691 1112 auxilium
1726 1066 1887 1122 vocat,
1930 1062 2013 1126 qui

317 1143 546 1208 expiatus
580 1142 717 1192 forte
750 1142 849 1192 hoc
890 1143 1002 1207 ipso
1047 1150 1276 1207 tempore
1310 1144 1579 1192 comitante
1625 1143 1780 1191 choro
1814 1142 1876 1191 ad
1911 1142 2013 1190 vir-

315 1222 482 1287 ginem
516 1223 666 1272 redit.
737 1222 836 1271 lam
872 1222 1178 1273 Alcmaeone
1205 1241 1233 1272 a
1269 1224 1485 1273 Creonte
1517 1223 1701 1272 liberos
1735 1211 2015 1287 repetente,

315 1301 596 1367 Tisiphone
630 1319 708 1365 ea,
745 1319 873 1367 quae
906 1302 1055 1351 modo
1104 1319 1166 1350 ex
1201 1320 1322 1366 rege
1367 1305 1571 1367 audivit,
1608 1321 1721 1353 cum
1755 1303 1835 1361 iis,
1882 1319 2012 1367 quae

314 1382 392 1432 illi
425 1384 556 1433 inter
589 1399 647 1431 se
681 1383 1047 1448 colloquuntur,
1080 1388 1432 1449 componente,
1474 1383 1579 1432 filia
1613 1390 1826 1448 patrem,
1868 1391 2014 1452 pater

317 1463 472 1513 filiam
518 1463 776 1528 agnoscit,
823 1462 1075 1528 simulque
1117 1462 1390 1514 Alcmaeon
1426 1464 1812 1530 Amphilochum
1847 1481 1910 1514 ex
1955 1482 2011 1515 se

314 1548 486 1593 natum
524 1559 638 1593 esse
668 1542 917 1610 intelligit.
995 1543 1072 1594 Ex
1117 1544 1218 1593 hoc
1252 1544 1498 1609 colloquio
1529 1545 1745 1610 petitum
1778 1561 1895 1596 esse
1926 1563 2012 1598 su-

313 1624 484 1690 spicor
515 1623 693 1690 fragm.
717 1625 809 1673 16:

448 1701 514 1754 τὰ
546 1704 656 1754 τῶν
688 1702 955 1755 τεκόντων
988 1701 1062 1764 ὡς
1093 1700 1391 1770 μετέρχεται
1422 1703 1552 1765 θεὸς

450 1784 721 1851 μιάσματ’,

316 1865 450 1932 quod
485 1866 655 1916 dicere
689 1865 1000 1931 Tisiphonae
1035 1865 1374 1915 conveniebat.
1442 1864 1711 1916 Praeterea
1752 1882 1818 1917 ex
1849 1867 2012 1917 incer-

315 1947 382 1996 tis
411 1946 705 2012 fragmentis
741 1946 987 2011 quaedam
1022 1946 1285 2000 commode
1317 1947 1381 1998 ad
1401 1946 1716 1997 Alcmaeouis
1739 1949 2009 1999 orationem

313 2026 499 2078 referri
531 2044 684 2093 posse
714 2028 973 2078 videntur:

448 2105 522 2168 ὡς
554 2104 740 2169 σκαιὸς
774 2105 912 2174 ἀνὴρ
944 2104 1037 2158 καὶ
1070 2105 1299 2169 ξένοισιν
1331 2106 1517 2169 ἄξενος

446 2186 540 2240 καὶ
571 2187 933 2255 μνημονεύων
963 2187 1128 2240 οὐδὲν
1161 2178 1241 2240 ὧν
1274 2186 1434 2257 ἐχρῆν
1467 2187 1631 2255 φίλον
1658 2186 1729 2252 *).

447 2349 501 2402 εἴ
529 2367 623 2418 μοι
653 2349 717 2402 τὸ
753 2348 1085 2414 Νεστόρειον
1117 2349 1429 2414 εὔγλωσσον
1462 2346 1620 2413 μέλος

441 2426 766 2499 Ἀντήνορός
795 2446 852 2482 τε
886 2433 986 2482 τοῦ
1023 2427 1241 2496 Φρυγὸς
1273 2428 1395 2495 δοίη
1427 2428 1572 2492 θεός,

451 2512 555 2566 οὐκ
589 2511 656 2564 ἂν
691 2511 963 2580 δυναίμην
994 2509 1067 2578 μὴ
1102 2509 1356 2578 στέγοντα
1388 2509 1688 2576 πιμπλάναι

451 2588 666 2660 σοφοὺς
701 2592 979 2646 ἐπαντλῶν
1011 2589 1171 2658 α’νδρὶ
1204 2590 1276 2659 μὴ
1311 2592 1467 2662 σοφῷ
1499 2591 1699 2659 λόγους
1717 2590 1821 2656 **).

319 2676 527 2729 Creonti
559 2684 728 2727 autem
761 2679 860 2726 hoc
894 2676 1124 2725 convenit
1157 2674 1377 2723 dictum:

449 2758 627 2808 ἄλλων
662 2755 844 2823 ἰατρὸς
877 2751 1040 2817 αὐτὸς
1075 2753 1279 2808 ἕλκεσιν
1314 2752 1502 2821 βρύων
1521 2751 1648 2819 ***).

319 2830 567 2889 Eventum
602 2839 702 2888 hoc
735 2839 1036 2904 colloquium
1070 2838 1203 2887 hunc
1235 2838 1471 2886 habuisse
1505 2837 1720 2896 videtur,
1756 2839 1815 2883 ut
1850 2833 2014 2883 Creon

316 2917 648 2984 Tisiphonem
683 2936 775 2986 per
809 2921 906 2967 vim
942 2918 1232 2969 abduceret.
1309 2916 1610 2982 Interposito
1654 2914 1839 2966 deinde
1872 2914 2017 2965 chori

319 2999 558 3060 carmine,
606 2999 971 3064 Amphilochus
1007 3000 1071 3048 ad
1105 2998 1456 3050 Alcmaeonem
1501 2996 1669 3056 rediit,
1720 2994 2016 3061 cognitaque

318 3094 498 3129 caussa
531 3084 681 3144 atque
715 3080 884 3146 agnito
917 3083 1080 3145 patre,
1130 3079 1193 3127 ad
1236 3078 1471 3128 auxilium
1517 3076 1780 3127 ferendum
1821 3074 2016 3141 parenti

318 3158 728 3224 liberandumque
759 3176 987 3211 sororem
1021 3174 1079 3209 se
1107 3157 1351 3209 accinxit:

379 3328 433 3384 ¹⁸²)
463 3329 650 3385 Fragm.
679 3317 750 3372 85.

351 3399 436 3453 *ἢ
464 3399 652 3456 Fmgm.
682 3398 753 3442 10.

325 3468 437 3524 ***)
464 3468 651 3526 Fragm.
682 3460 779 3513 211.
