2202 3892
1151 246 1272 304 272

381 392 605 454 Hecuba,
641 391 940 441 accusatoris
973 392 1197 457 partibus
1234 393 1493 458 susceptiS,
1527 393 1712 444 frustra
1746 395 1805 444 ab
1831 410 1898 489 ’ea
1933 395 2055 444 deos

380 552 528 616 gnitis
563 550 821 601 Menelaus
856 568 1014 616 poena
1049 553 1245 617 quidem
1292 554 1523 602 affectum
1569 553 1631 601 iri
1665 508 1939 604 adulteram
1976 554 2055 604 di-

380 631 462 693 cit,
499 632 590 679 sed
626 631 759 680 ducit
794 632 1109 681 nihilominus
1145 634 1360 684 domum.

513 709 713 759 Summa
761 712 1107 777 philosophiae
1153 729 1328 761 arcana
1379 714 1428 761 in
1463 713 1558 761 hac
1591 711 1754 761 fabula
1788 712 2056 778 Euripides

377 791 587 855 aperuit,
622 791 772 854 idque
795 793 1103 840 necessario:
1139 794 1318 858 quippe
1353 793 1773 841 atrocissimorum
1810 792 2058 840 calamita-

379 875 484 919 tum
520 872 738 919 remedia
772 872 1040 936 promenda
1074 872 1274 920 fuerunt
1322 879 1372 921 et
1407 872 1826 921 vehementissimi
1862 871 2059 920 dolores

378 950 647 1014 mitigandi.
719 951 869 999 Cuius
904 953 1099 1014 generis
1136 952 1255 1000 illud
1293 958 1398 1011 est,
1452 954 1581 1018 quod
1619 953 1825 1001 Hecuba
1874 951 2060 1000 consti-

377 1034 533 1079 tutam
570 1032 618 1078 in
653 1031 885 1079 iudicium
923 1031 1160 1079 Helenam
1196 1033 1364 1081 videns
1401 1033 1607 1082 effatur:
1653 1023 1697 1082 ’ὦ
1739 1033 1839 1099 γῆς
1886 1033 2056 1098 ὄχημα

376 1110 503 1172 κτλ,
537 1110 600 1159 de
624 1127 717 1174 qua
745 1112 986 1159 sententia
1010 1112 1074 1163 T.
1100 1112 1132 1160 l.
1153 1129 1199 1176 p.
1221 1115 1302 1160 96.
1327 1095 1662 1178 exposuimus.
1713 1114 1837 1162 Cum
1863 1113 1911 1161 in
1939 1111 2056 1162 Ale-

376 1191 550 1240 xandri
597 1190 762 1239 fabula
823 1199 991 1240 noster
1038 1191 1155 1241 deas
1203 1193 1337 1256 ipsas
1390 1193 1718 1242 Alexandrum
1767 1193 2058 1242 convenisse

378 1275 430 1320 et
462 1269 695 1317 iudicium
731 1270 1056 1320 formositatis
1092 1273 1284 1321 subisse
1319 1273 1545 1334 finxerit,
1578 1274 1625 1321 in
1661 1273 1756 1321 hoc
1790 1289 1908 1321 vero
1943 1273 2057 1321 dra-

375 1354 511 1399 mate
567 1349 836 1398 absurdum
884 1367 996 1399 esse
1039 1352 1152 1399 talia
1215 1352 1403 1415 opinari
1452 1359 1501 1400 et
1546 1352 1706 1400 divina
1755 1360 1931 1401 natura
1979 1352 2056 1400 in-

375 1431 572 1496 dignum
610 1430 866 1488 ostendat,
912 1438 1118 1495 apparet
1163 1448 1272 1480 eum
1311 1432 1592 1494 censuisse,
1639 1431 1867 1480 Paridem
1917 1439 2056 1479 more

374 1509 623 1573 modoque
668 1509 902 1558 Herculis
950 1510 1164 1559 Prodicii
1199 1512 1336 1575 quasi
1382 1512 1431 1559 in
1475 1513 1605 1560 bivio
1641 1512 1958 1560 constitutum
1995 1525 2054 1558 ac

373 1589 758 1650 deliberantem,
795 1606 1052 1652 quamnam
1089 1592 1400 1655 potissimum
1434 1592 1560 1640 viam
1595 1593 1786 1640 vivendi
1821 1589 2054 1653 ingrede-

373 1674 544 1727 retur,
592 1668 855 1733 voluptatis
888 1671 1013 1718 viam
1050 1687 1140 1734 pro
1177 1688 1262 1730 ea,
1299 1688 1422 1735 quae
1456 1671 1516 1719 ad
1552 1672 1755 1734 gloriam
1794 1677 1846 1720 et
1878 1673 2052 1734 poten-

373 1749 491 1798 tiam
525 1749 748 1810 duceret,
785 1749 1050 1814 delegisse,
1086 1757 1138 1799 et
1173 1752 1249 1799 sui
1284 1752 1430 1799 animi
1467 1768 1663 1814 errore,
1699 1749 2053 1815 cupiditatibus

371 1829 639 1886 obcaecati,
672 1845 766 1877 non
802 1830 1011 1878 deorum
1045 1830 1239 1888 fraude,
1275 1831 1336 1879 ad
1372 1848 1519 1894 prava
1546 1831 1889 1896 amplectenda
1913 1831 2055 1877 abre-

371 1913 511 1973 ptum
550 1925 661 1957 esse
675 1908 741 1972 *).
795 1908 929 1957 Idem
965 1910 1188 1959 Helenae
1223 1912 1269 1958 in
1306 1912 1427 1959 deos
1462 1912 1655 1977 culpam
1693 1907 1967 1959 conferenti
1991 1908 2052 1956 ab

371 1987 578 2038 Hecuba
614 1989 860 2050 obiicitur,
896 1989 958 2037 de
994 2007 1088 2054 qua
1123 1992 1368 2039 sententia
1395 1990 1452 2038 Τ.
1475 1992 1529 2039 ll.
1546 2009 1592 2056 p.
1614 1994 1689 2040 15.
1714 1990 2051 2039 disseruimus-

499 2067 594 2116 His
644 2070 918 2117 actionibus
966 2079 1226 2135 postquam
1277 2071 1579 2118 intermissio
1615 2071 1854 2136 quaedam
1892 2073 1942 2117 et
1975 2067 2052 2116 in-

371 2148 629 2196 tervallum
665 2157 893 2212 paratum
929 2157 1006 2198 est
1040 2152 1349 2199 miseriarum
1387 2159 1831 2215 prospectumque,
1867 2165 1930 2197 ne
1966 2163 2052 2195 cu-

370 2226 641 2275 mulatione
686 2228 928 2276 malornm
985 2231 1132 2278 animi
1184 2230 1514 2293 fatigarentur
1561 2234 1896 2293 spectatorum
1946 2229 2050 2272 stu-

371 2306 608 2369 diumque
659 2307 1029 2373 languesceret,
1077 2308 1339 2356 confestim
1383 2309 1563 2356 deinde
1595 2308 1655 2356 ad
1693 2307 1939 2356 cumulum
1975 2304 2052 2352 fa-

371 2386 674 2451 stigiumque
709 2388 1039 2437 calamitatum
1077 2388 1374 2452 abripimur,
1427 2389 1603 2451 quibus
1639 2388 1764 2474 haec
1798 2385 2054 2452 tragoedia

368 2465 618 2516 imitandis
655 2476 1040 2517 consummatur.

502 2545 688 2607 Quarto
736 2549 955 2598 carmine
1000 2549 1180 2597 chorus
1225 2548 1359 2596 festa
1394 2548 1602 2595 civitatis
1638 2564 1665 2595 a
1700 2546 1794 2595 diis
1826 2544 2054 2610 proditae

368 2626 599 2676 interisse
633 2634 684 2676 et
718 2628 936 2676 locorum
974 2629 1427 2677 amoenissimorum
1465 2628 1775 2676 sanctitatem
1813 2625 2050 2674 sublatam

370 2722 483 2756 esse
530 2710 865 2770 conqueritur.
947 2707 1076 2756 Tum
1125 2724 1180 2756 se
1213 2709 1427 2757 nondum
1464 2708 1669 2771 sepultis
1705 2706 1895 2754 maritis
1927 2721 1957 2752 a
1990 2702 2050 2751 li-

367 2786 504 2836 beris
558 2787 774 2836 abstrahi
823 2795 872 2837 et
919 2789 967 2836 in
1015 2789 1217 2837 alienam
1253 2792 1438 2835 terram
1473 2787 1586 2835 duci
1621 2790 1905 2850 reputantes
1941 2799 2050 2833 mu-

367 2865 516 2914 lieres
552 2874 750 2931 optant,
786 2874 841 2917 ut
876 2868 1093 2916 Menelai
1129 2869 1281 2925 navis,
1317 2884 1411 2931 qua
1448 2867 1653 2926 Helena,
1689 2881 1862 2914 caussa
1897 2863 2050 2912 malo-

367 2961 496 3007 rum,
533 2949 715 2995 mundo
750 2956 922 2997 ornata
960 2947 1248 3010 deliciisque
1286 2947 1649 3008 circumfluens,
1684 2946 1910 3006 vehatur,
1947 2941 2050 2992 ful-

366 3025 499 3074 mine
533 3027 695 3074 medio
733 3028 781 3077 in
816 3029 938 3076 mari
973 3029 1067 3076 icta
1103 3027 1359 3092 deflagret.

498 3104 782 3170 Sequuntur
814 3107 1129 3172 Astyanactis
1165 3108 1457 3171 exsequiae,
1506 3107 1645 3156 cuius
1696 3118 1873 3170 corpus
1923 3100 2041 3151 Tal-

345 3283 352 3287 ⁸
425 3295 477 3350 ²²)
505 3296 558 3339 ln
585 3310 721 3339 versu
748 3296 843 3339 968.
873 3297 1114 3354 legendum
1144 3309 1240 3338 esse
1261 3296 1488 3350 suspicor:

586 3365 666 3409 καὶ
696 3368 929 3411 παιδιαῖσι
966 3367 1045 3411 καὶ
1075 3366 1208 3424 χλιδῇ
1236 3367 1421 3423 μορφῆς
1454 3363 1560 3422 πέρι

590 3429 741 3492 ἦλθον
774 3435 890 3497 πρὸς
914 3435 1055 3494 Ἴδην.
1622 3434 1626 3439 ’
