2170 3848
961 222 1081 279 123

184 377 388 433 xerunt,
437 371 562 421 aliae
606 376 740 421 tecta
787 373 838 418 et
883 368 1110 434 coniugia
1144 371 1418 426 mutarunt,
1471 380 1562 414 nec
1596 363 1687 412 soli
1720 361 1851 412 Her-

185 455 378 503 mionae
410 452 607 512 accidit,
643 456 696 499 ut
730 456 932 515 propter
965 448 1206 497 Troianae
1238 446 1430 510 pellicis
1477 461 1694 494 amorem
1729 459 1852 492 con-

183 533 314 596 iugio
339 533 630 597 privaretur,
657 533 747 580 sed
772 529 1016 578 communi
1040 527 1184 585 malo,
1212 532 1442 589 tanquam
1464 541 1620 591 poena
1648 541 1676 572 a
1700 523 1853 573 Troia

183 613 420 672 immissa,
455 612 684 661 universa
718 610 925 658 Graecia
959 613 1133 656 vexata
1168 611 1262 654 est.
1330 606 1440 654 Hoc
1486 621 1683 654 carmen
1719 620 1851 652 com-

129 691 140 704 ‘
184 694 464 758 ponendum
502 699 579 740 est
612 707 720 739 cum
756 689 970 753 querelis
1004 684 1395 745 Andromachae,
1430 687 1605 749 quibus
1633 700 1729 732 non
1764 700 1854 733 sua

185 779 397 834 tantum,
433 772 521 820 sed
549 770 819 818 communia
847 767 1171 817 Troianorum
1197 766 1340 826 mala,
1377 781 1580 829 quorum
1605 765 1853 829 particeps

186 853 429 914 testisque
479 850 668 908 fuerat,
717 848 1133 896 commemoravit.
1199 847 1385 894 Eorum
1434 846 1580 910 igitur
1613 843 1856 893 malorum

186 933 246 980 ad
283 931 500 982 Graecos
535 929 911 977 redundantium
947 944 1060 992 pars
1096 933 1300 992 propter
1334 925 1624 975 societatem
1653 925 1856 974 Achillis

186 1026 298 1059 cum
335 1010 523 1062 Atridis
558 1009 954 1072 affinitatemque
990 1006 1301 1071 Neoptolemi
1336 1022 1448 1054 cum
1483 1005 1710 1055 Menelao
1748 1006 1856 1054 iun-

185 1096 314 1138 ctam
349 1090 399 1137 in
435 1090 571 1138 Pelei
605 1091 803 1138 domum
841 1105 1073 1137 conversa
1108 1089 1233 1136 hanc
1268 1087 1576 1152 tragoediam
1613 1086 1857 1134 excitavit.

187 1169 311 1220 Cum
347 1171 630 1219 Atridarum
667 1170 1044 1232 Pelidarumque
1094 1167 1366 1216 coniunctis
1402 1167 1603 1226 viribus,
1638 1167 1734 1215 illis
1770 1183 1855 1215 ex·-

186 1250 398 1299 ercitum
433 1250 754 1309 ducentibus,
801 1251 875 1297 his
910 1242 1267 1312 gravissimam*
1295 1263 1496 1310 operam
1533 1263 1676 1295 manu
1710 1263 1858 1312 prae-

186 1331 446 1390 stantibus,
479 1331 632 1379 'l'roia
662 1331 921 1389 interierit,
959 1329 1190 1378 Hectoris
1224 1332 1393 1375 autem
1421 1328 1630 1376 maxime
1662 1328 1859 1376 fortitu-

186 1410 300 1458 dine
348 1410 555 1459 defensa
601 1411 692 1471 sit,
739 1411 1048 1459 considerate
1094 1410 1163 1457 sic
1207 1413 1377 1455 noster
1412 1412 1755 1470 argumentum
1787 1409 1860 1458 fa·

185 1490 333 1539 bulae
357 1493 664 1555 composuit,
719 1498 771 1540 ut
805 1492 983 1539 horum
1019 1489 1167 1539 trium
1203 1489 1342 1551 quasi
1376 1488 1586 1551 partium
1623 1490 1860 1552 supersti-

186 1576 265 1619 tes
311 1571 361 1620 in
394 1587 543 1619 unum
588 1572 752 1620 locum
787 1571 1010 1636 perducti
1046 1569 1175 1617 inter
1211 1584 1266 1616 se
1303 1567 1625 1633 confligerent
1662 1569 1859 1619 salutis-

188 1667 284 1714 que
319 1652 594 1715 periculum
629 1652 866 1700 subirent.

319 1730 418 1781 Vix
453 1731 647 1791 Peleus,
682 1748 831 1794 quum
864 1746 1062 1778 rumore
1096 1730 1337 1778 excitatus
1371 1728 1434 1776 ad
1469 1728 1675 1777 chorum
1701 1731 1860 1780 redis-

187 1815 280 1869 set,
318 1811 616 1859 Hermionae
639 1812 805 1874 fugam
828 1811 1182 1873 consiliumque
1204 1808 1397 1856 Orestis
1422 1810 1677 1872 comperit,
1710 1827 1861 1874 quum

189 1891 355 1939 statim
382 1891 592 1940 famulus
610 1892 811 1955 Delphis
833 1892 1031 1938 veniens
1055 1891 1255 1939 alteram
1279 1888 1626 1949 calarm'tatem,
1651 1895 1859 1941 mortem

188 1971 295 2029 filii,
328 1971 451 2019 -seni
491 1971 829 2019 infelicissimo
864 1971 1070 2018 nuntiat.
1138 1967 1511 2032 Neoptolemus,
1559 1984 1708 2032 quum
1745 1971 1862 2021 Del-

186 2052 314 2116 phos
349 2051 410 2100 ad
443 2051 592 2099 aedes
628 2051 708 2098 dei
743 2051 975 2110 venisset,
1012 2054 1273 2113 antequam
1306 2063 1412 2096 rem
1441 2065 1629 2098 sacram
1654 2050 1862 2115 faceret,

186 2131 401 2181 triduum
449 2132 499 2179 in
546 2131 829 2195 spectandis
876 2131 1051 2194 templi
1101 2130 1396 2178 ornamentis
1445 2133 1727 2197 consumsit.
1795 2134 1863 2183 Et

187 2213 284 2260 hoc
318 2213 482 2260 statim
522 2212 772 2276 Delphicis
808 2215 1092 2275 suspectum
1129 2210 1258 2259 fuit:
1296 2211 1472 2274 quibus
1498 2212 1560 2259 de
1593 2229 1650 2260 ea
1673 2229 1730 2262 re
1754 2230 1861 2263 ser-

187 2308 358 2342 mones
394 2291 790 2353 conferentibus,
826 2291 1059 2350 Orestes,
1095 2296 1147 2339 ut
1181 2291 1410 2339 incitaret
1442 2292 1766 2356 indignantes,
1801 2296 1861 2344 il-

188 2373 289 2421 lum
341 2372 400 2421 ad
450 2374 767 2421 evertendum
815 2372 1242 2437 diripiendumque
1278 2371 1516 2436 templum
1554 2374 1749 2423 venisse
1785 2376 1860 2424 af-

189 2453 416 2501 firmavit.
489 2453 631 2514 Quod
668 2469 814 2515 quum
849 2453 1182 2517 persuasisset
1211 2452 1554 2515 magistratui,
1605 2461 1861 2508 senatores

191 2539 244 2580 et
278 2534 453 2595 quibus
490 2549 636 2597 opum
675 2534 756 2581 dei
794 2533 1014 2582 custodia
1049 2534 1278 2581 mandata
1300 2537 1406 2581 erat
1436 2533 1639 2583 insidias
1666 2536 1715 2584 in
1743 2553 1860 2602 por-

189 2612 291 2660 ticu
326 2614 499 2678 templi
532 2613 765 2662 locarunt.
835 2613 987 2662 Cuius
1025 2613 1123 2661 doli
1145 2614 1340 2678 ignarus
1365 2611 1720 2676 Neoptolemus
1747 2633 1861 2668 cum

190 2693 467 2758 hospitibus
514 2695 950 2759 sacerdotibusque
997 2695 1057 2742 ad
1093 2710 1226 2741 aram
1263 2693 1484 2741 constitit
1516 2694 1729 2745 hostiam
1765 2698 1859 2748 im-

192 2772 479 2825 molaturus.
549 2775 822 2836 Sacerdoti,
859 2777 935 2824 cui
974 2790 1148 2839 preces
1174 2774 1430 2823 faciendae
1461 2778 1614 2837 erant,
1648 2778 1860 2827 interro-

192 2853 350 2916 ganti,
387 2853 633 2903 cuiusnam
682 2856 758 2904 rei
793 2872 963 2904 caussa
998 2855 1194 2904 adesset
1227 2856 1406 2918 quidve
1442 2872 1470 2902 a
1504 2855 1598 2904 deo
1632 2874 1861 2922 precare-

191 2938 301 2992 tur,
333 2932 461 2981 velle
497 2949 552 2982 se
586 2934 708 2984 dixit
741 2937 904 3000 priora
939 2935 1114 2984 delicta
1148 2936 1362 3000 expiare.
1421 2935 1534 2984 Hoc
1559 2937 1730 2987 dicens
1764 2957 1861 2990 non

192 3011 317 3060 fecit
349 3013 498 3062 fidem
532 3015 620 3076 iis,
667 3017 747 3079 qui
796 3017 1180 3065 insidiabantur:
1231 3016 1342 3080 plus
1378 3017 1509 3065 enim
1546 3016 1736 3068 Orestis
1774 3038 1860 3070 au·

193 3094 410 3142 ctoritati
445 3095 740 3144 tribuebant.
810 3097 935 3145 Cum
970 3097 1176 3158 deinde,
1212 3097 1329 3145 dum
1365 3097 1556 3144 victima
1591 3105 1860 3161 crematur,

192 3173 463 3237 penetralia
497 3175 741 3238 intrasset,
775 3183 831 3226 ut
857 3184 967 3226 ante
1001 3176 1250 3224 oraculum
1284 3177 1378 3225 deo
1414 3193 1575 3226 coram
1613 3180 1859 3244 supplica-

194 3259 299 3312 ret,
345 3254 475 3302 inter
507 3256 640 3319 ipsas
673 3273 850 3322 preces
885 3273 1058 3306 manus
1093 3262 1307 3315 armata,
1361 3273 1486 3322 quae
1521 3258 1657 3306 lauro
1694 3262 1858 3310 occul-

195 3336 299 3381 tata
347 3333 690 3398 insidiabatur,
747 3339 909 3403 coepit
962 3337 1065 3387 tela
1120 3337 1167 3386 in
1215 3337 1455 3386 inermem
1497 3338 1718 3388 iaculari.
1787 3340 1859 3390 lbi

195 3411 578 3479 Neoptolemus,
614 3418 743 3481 pede
776 3419 959 3480 relato,
993 3434 1127 3467 arma
1159 3418 1208 3467 in
1242 3419 1429 3484 templo
1462 3434 1700 3482 suspensa
1733 3421 1860 3471 arri-
