2170 3866
975 252 1101 313 523

175 426 234 462 se
265 409 432 474 ipsum
459 407 502 456 it
533 405 802 471 perditum.
870 402 1112 467 Quamvis
1132 403 1300 450 autem
1325 394 1614 449 vehementi
1641 390 1876 459 cupidine

175 490 360 542 Graeci
404 488 465 538 ad
512 487 702 537 bellum
747 485 971 535 barbaris
1016 479 1333 532 inferendum
1381 478 1639 534 ferantur,
1686 479 1873 533 tamen,

174 589 328 638 quum
352 569 490 619 fraus
513 568 671 617 fuerit
698 582 873 615 caussa
898 566 1004 614 eius
1031 560 1449 628 principiumque,
1483 558 1624 608 stulti
1648 560 1728 605 est
1756 570 1875 619 spe-

172 669 287 703 rare
327 651 530 700 felicem
581 648 770 696 exitum
815 646 1046 694 habitura
1093 658 1182 700 ea,
1230 656 1361 705 quae
1407 640 1468 687 ab
1510 639 1694 687 iniusto
1728 635 1871 684 fonte

174 732 407 798 profecta
442 730 555 778 sint.
624 726 765 775 Haec
800 726 917 774 dum
950 726 1075 773 alius
1109 723 1193 771 alii
1227 721 1526 786 exprobrat,
1561 722 1762 782 tempus
1796 714 1875 764 rei

176 811 427 877 gerendae
476 808 746 857 amittitur:
793 807 962 870 itaque
1011 819 1110 868 quo
1155 808 1386 867 tempore
1431 800 1614 849 vicisse
1662 799 1879 862 Agame-

175 908 328 942 mnon
361 893 646 940 constanter
680 887 959 936 recusando
992 885 1222 942 videtur,
1257 898 1317 931 eo
1351 882 1462 947 ipso
1496 879 1720 936 insidiis,
1754 891 1879 942 quas

176 974 287 1038 ipse
321 971 520 1032 struxit,
557 974 766 1033 repente
800 967 1125 1032 opprimitur:
1161 963 1427 1012 antevertit
1458 977 1573 1009 eum
1600 960 1801 1008 fortuna
1825 963 1880 1007 et

177 1052 354 1101 fraude
401 1050 629 1100 fraudem
682 1055 900 1114 superat.
984 1045 1221 1096 Accurrit
1268 1044 1399 1094 enim
1433 1041 1636 1091 nuntius
1669 1046 1882 1105 propter

102 1150 105 1153 ⁴
178 1133 452 1190 laetitiam,
496 1146 643 1195 quam
679 1145 736 1177 se
771 1133 911 1192 putat
945 1127 1156 1186 afferre,
1191 1140 1482 1191 properanS,
1517 1123 1698 1171 adesse
1732 1119 1882 1183 virgi-

179 1229 293 1263 nem
340 1228 454 1260 cum
487 1216 646 1259 matre
680 1215 731 1258 et
763 1209 923 1257 fratre
956 1207 1162 1272 parvulo
1199 1206 1446 1262 clamans,
1492 1209 1546 1252 et
1579 1201 1770 1252 obviam
1818 1200 1881 1248 iis

178 1294 374 1342 turbam
425 1291 635 1340 militum
680 1287 883 1337 videndi
935 1287 1168 1351 cupidam
1215 1285 1554 1350 processisse:
1606 1297 1726 1346 ergo
1777 1282 1884 1330 sine

179 1387 319 1421 mora
352 1372 451 1419 iam
486 1375 714 1433 tempora
749 1367 899 1416 sertis
933 1366 1245 1416 redimienda
1288 1380 1434 1425 esse,
1480 1362 1717 1413 tibiarum
1750 1367 1883 1411 stre-

176 1451 338 1516 pitum
384 1467 496 1500 cum
542 1449 806 1498 saltatione
852 1447 1247 1506 instituendum3
1302 1445 1529 1493 illuxisse
1571 1444 1703 1492 enim
1750 1442 1884 1492 diem

179 1532 359 1595 virgini
402 1547 462 1580 ac
499 1530 648 1579 domo
695 1529 1074 1578 faustissimam.
1154 1522 1418 1590 ‚,Laudo‚’'
1465 1525 1625 1588 inquit
1670 1524 1885 1588 Agame-

183 1627 369 1671 mnon,
404 1611 531 1671 „sed
566 1611 699 1659 intro
735 1611 842 1658 abi:
876 1607 1096 1672 reliqua,
1132 1624 1334 1655 cursum
1370 1622 1514 1656 suum
1548 1608 1894 1670 persequente*

181 1692 416 1748 fortuna,
468 1691 744 1756 procedent
777 1685 1032 1754 egregie.’'
1100 1686 1359 1752 Tanquam
1395 1692 1559 1735 autem
1597 1686 1679 1751 qui
1712 1684 1886 1733 vincu-

184 1771 248 1820 lis
282 1772 477 1820 iniectis
512 1771 574 1819 ad
612 1771 911 1835 supplicium
947 1769 1147 1818 ducitur
1181 1774 1235 1817 et
1269 1767 1619 1833 dignissimum
1645 1781 1701 1814 se
1722 1779 1887 1830 poena

185 1867 303 1901 esse
337 1851 590 1917 intelligit,
626 1852 840 1900 animum
877 1849 1074 1910 abiecit,
1114 1854 1171 1897 ut
1204 1865 1268 1897 ne
1301 1848 1531 1898 lacrimas
1567 1846 1771 1911 quidem
1804 1861 1888 1894 re-

183 1933 356 1994 tineat,
391 1933 441 1980 in
477 1932 752 1996 perniciem
787 1947 844 1979 se
877 1931 1080 1979 honoris
1115 1929 1349 1994 cupidine
1389 1928 1776 1993 praecipitatum
1810 1925 1887 1975 vi-

186 2012 310 2062 dens
357 2012 800 2077 praesentiensque
847 2011 1074 2059 dolorem
1109 2015 1159 2058 et
1193 2011 1471 2070 cruciatus,
1517 2024 1641 2071 quos
1678 2023 1888 2056 uxorem

186 2093 444 2156 filiamque
490 2098 543 2141 et
587 2092 846 2157 parvulum
894 2091 1055 2140 filium
1091 2091 1387 2139 conveniens
1422 2103 1757 2155 perpessurus
1790 2091 1889 2137 est.

184 2171 450 2222 Menelaus
501 2188 622 2221 vero
654 2174 748 2220 hac
783 2178 1050 2236 conspecta
1095 2171 1268 2220 fratris
1313 2171 1624 2231 conditione,
1675 2173 1890 2234 repente

188 2259 412 2303 mutatus
449 2255 509 2302 ab
546 2253 802 2301 iracundia
836 2253 900 2300 ad
940 2253 1213 2316 pudorem,
1266 2268 1295 2300 a
1329 2250 1517 2299 ferocia
1551 2250 1613 2298 ad
1648 2250 1889 2314 pietatem

188 2334 495 2383 convertitur
540 2332 868 2396 dextramque
904 2333 1089 2380 misero
1122 2332 1386 2397 porrigens
1422 2346 1630 2395 parcere
1664 2347 1781 2379 eum
1809 2330 1889 2378 vi-

185 2418 271 2462 tae
312 2413 458 2474 filiae³
494 2429 552 2460 ac
599 2413 855 2462 dimittere
902 2413 1177 2461 exercitum
1221 2413 1376 2461 iubet.
1443 2413 1510 2461 At
1555 2411 1686 2474 proh
1720 2411 1890 2459 dolor!

189 2493 348 2541 omnis
393 2493 492 2540 iam
537 2493 654 2541 huic
700 2494 819 2541 abiit
853 2492 1118 2541 retexendi
1153 2508 1280 2556 quae
1313 2491 1547 2540 inchoata
1582 2497 1695 2539 sunt
1727 2490 1889 2540 facul-

188 2577 281 2622 tas.
330 2571 456 2621 Nam
496 2573 538 2620 si
572 2574 706 2622 volet
739 2574 892 2622 filiam
927 2573 1056 2620 clam
1090 2573 1295 2620 domum
1315 2573 1590 2631 remittere,
1615 2572 1889 2621 verendum

190 2653 312 2713 erit,
359 2668 424 2701 ne
457 2652 671 2717 Ulysses
719 2653 883 2718 palam
920 2653 970 2701 in
1005 2653 1246 2701 concione
1280 2658 1511 2712 accuset,
1565 2653 1698 2716 quod
1742 2653 1890 2701 deam

192 2738 244 2783 et
278 2733 557 2781 exercitum
590 2734 785 2782 victima
818 2732 1086 2792 fraudarit,
1120 2734 1239 2797 quin
1275 2734 1443 2796 etiam,
1478 2732 1726 2781 concitata
1760 2732 1891 2780 mul-

189 2813 430 2874 titudine,
472 2814 724 2862 interitum
762 2818 814 2862 et
847 2814 944 2879 ipsi
980 2818 1032 2862 et
1065 2830 1220 2877 regno
1253 2814 1361 2862 eius
1397 2818 1554 2878 paret.
1624 2812 1892 2862 Obtrectat

194 2894 324 2942 enim
361 2894 715 2957 Agamemnoni
751 2894 979 2958 Ulysses‚
1016 2910 1228 2957 eamque
1263 2896 1325 2942 ob
1351 2911 1458 2942 rem
1495 2895 1555 2943 ad
1586 2894 1889 2942 calumnian-

194 2975 313 3023 dum
349 2974 599 3022 aemulum
635 2974 1045 3039 spoliandumque
1079 2990 1264 3038 pronus
1300 2981 1391 3022 est.
1461 2974 1540 3023 En
1580 2975 1890 3022 verissimam

195 3070 389 3102 morum
441 3054 623 3101 saeculi
683 3059 734 3102 et
778 3061 982 3104 naturae
1028 3071 1196 3104 rerum
1243 3055 1552 3119 publicarum
1595 3051 1886 3118 imaginem!

193 3134 371 3198 Neque
420 3135 551 3182 enim
598 3134 856 3198 quisquam
903 3135 1136 3200 princeps
1173 3136 1382 3186 civitatis
1414 3153 1629 3199 unquam
1663 3137 1770 3184 sine
1804 3152 1890 3184 ae-

195 3215 333 3264 mulo
378 3214 502 3273 fuit,
552 3215 636 3278 qui
685 3230 745 3262 ex
792 3214 922 3264 illius
955 3217 1156 3265 interitu
1192 3216 1398 3280 gloriam
1435 3218 1529 3265 sibi
1564 3223 1616 3266 et
1648 3217 1890 3264 honorem

197 3301 492 3357 quaereret:
544 3310 753 3358 quorum
789 3311 941 3358 quum
977 3298 1238 3360 utriusque
1273 3299 1493 3360 potentia
1526 3298 1577 3346 in
1611 3295 1889 3345 multitudi-

196 3373 274 3423 nis
307 3375 507 3424 mobilis
543 3375 828 3439 stultaeque
875 3374 1045 3426 favore
1083 3377 1351 3439 niteretur,
1398 3378 1539 3427 fraus
1573 3376 1752 3425 fraude
1787 3375 1889 3423 vin-

200 3454 358 3505 cenda
401 3455 711 3519 insidiaeque
757 3455 953 3506 insidiis
999 3457 1226 3507 vitandae
1270 3463 1413 3507 erant
1454 3473 1620 3522 neque
1651 3455 1763 3506 fere
1798 3471 1889 3518 per
