2124 3860
1101 290 1225 346 31⁰

330 438 512 505 ripides
546 435 789 495 tribuerit,
825 450 978 499 quum
1011 434 1221 502 tollendi
1258 440 1490 501 receptos
1523 453 1735 502 errores,
1770 439 2013 492 evellendi

330 520 586 584 opiniones
621 531 901 580 perversaS,
937 515 1215 578 corrigendi
1248 531 1397 580 prava
1430 516 1612 567 iudicia
1645 521 1830 570 nullam
1865 523 2012 572 omit-

328 605 460 648 teret
495 596 930 663 opportunitatem.

461 677 733 741 Postquam
780 676 897 724 satis
945 675 1180 724 laetitiam
1226 680 1277 724 et
1312 690 1456 724 soror
1489 681 1538 726 et
1572 677 1794 729 alumnus
1829 681 2012 745 signifi-

330 763 533 818 carunt,
583 757 748 805 statim
799 756 1007 804 Orestes
1054 756 1114 803 ad
1161 755 1566 805 deliberationem
1613 757 1676 807 de
1722 760 2012 810 vindicanda

265 856 267 859 ’
329 854 454 888 nece
488 843 691 902 paterna
727 835 1042 885 convertitur.
1112 836 1221 897 Quo
1256 835 1304 884 in
1340 837 1538 900 negotio
1574 854 1603 885 a
1651 853 1770 888 sene
1804 839 2013 890 docetur

329 918 624 968 facultatem
671 915 989 981 aggrediendi
1038 915 1087 962 in
1135 916 1320 980 oppido
1366 917 1561 980 tyranni
1610 923 1760 980 atque
1793 919 1843 966 in
1877 920 2014 985 regia

328 998 592 1061 praesidiis
628 997 813 1044 munita
849 995 1031 1043 nullam
1057 1010 1187 1046 esse.
1257 995 1355 1043 Sed
1387 998 1712 1046 cummaxime
1735 998 1870 1046 illum
1899 1014 2012 1047 cum

327 1077 526 1125 famulis
562 1082 697 1124 extra
726 1076 919 1124 moenia
953 1074 1012 1122 ad
1043 1091 1181 1122 sacra
1207 1076 1443 1138 quaedam
1473 1076 1714 1141 Nymphis
1742 1076 2013 1127 obferenda

329 1156 608 1221 profectum
656 1172 783 1206 esse.
864 1155 1195 1217 Quamobrem
1245 1155 1286 1202 si
1337 1154 1543 1203 Orestes
1591 1158 1716 1204 istac
1764 1158 1838 1205 via
1873 1157 2011 1221 quasi

327 1236 536 1285 fortuito
583 1236 816 1284 incedens
862 1236 1056 1283 obviam
1103 1235 1400 1283 sacrificanti
1448 1250 1504 1283 se
1558 1236 1823 1296 obtulerit,
1879 1236 2010 1298 fore,

330 1320 389 1364 ut
421 1315 482 1362 ad
519 1316 690 1379 epulas
727 1315 986 1374 sacrificii,
1023 1315 1153 1363 sicut
1187 1330 1292 1362 mos
1327 1314 1422 1374 sit,
1458 1315 1690 1363 invitatus
1724 1316 1800 1364 rei
1833 1331 2010 1379 geren-

329 1395 424 1444 dae
482 1395 796 1443 nanciscatur
857 1394 1294 1458 opportunitatem.
1375 1394 1485 1455 Quo
1542 1395 1748 1458 probato
1801 1395 2009 1444 consilio

330 1490 482 1537 quum
518 1474 696 1522 ducem
731 1491 785 1523 se
816 1474 927 1522 fore
963 1490 1114 1522 senex
1147 1474 1380 1533 dixisset,
1417 1474 1614 1522 Electra
1648 1474 1860 1523 eundem
1894 1474 2010 1523 inde

329 1554 563 1602 continuo
613 1555 660 1603 in
707 1554 881 1602 urbem
931 1554 992 1601 ad
1027 1557 1233 1601 matrem
1268 1568 1323 1600 se
1359 1553 1589 1601 conferre
1623 1554 1760 1602 iubet
1795 1558 1846 1601 et
1880 1569 2008 1602 uun-

325 1633 452 1681 tiare
487 1649 542 1681 se
576 1634 717 1698 prole
752 1633 967 1680 mascula
1003 1649 1115 1682 esse
1150 1648 1471 1696 puerperam:
1508 1633 1619 1681 sore
1659 1634 1820 1695 enim,
1857 1638 1911 1680 ut
1943 1634 2007 1683 ad

327 1712 629 1761 lustrandam
685 1728 981 1777 puerperam
1033 1729 1144 1760 cum
1180 1712 1407 1759 simulato
1455 1712 1625 1760 dolore
1674 1714 1837 1761 veniat
1883 1713 2007 1761 invi-

326 1796 459 1851 tata3
521 1792 636 1840 inde
695 1792 855 1852 illam,
921 1792 1004 1841 ubi
1052 1793 1251 1840 domum
1296 1791 1489 1839 intrarit
1538 1807 1702 1850 suam,
1763 1792 1897 1840 illico
1955 1792 2008 1841 in

328 1870 513 1919 Orcum
557 1873 906 1920 descensuram
956 1887 1084 1919 esse.
1151 1871 1244 1919 His
1281 1871 1561 1919 constitutis
1606 1872 1785 1929 rebus,
1830 1888 2008 1937 preces

326 1951 390 1999 ad
426 1952 547 1999 deos
582 1952 766 2014 patrios
804 1958 853 1999 et
887 1967 1055 1999 manes
1085 1952 1256 2014 patris,
1294 1954 1349 1998 ut
1377 1950 1539 1998 adsint
1565 1950 1760 1999 miseris
1786 1951 2007 2001 faveant-

328 2045 424 2093 que
460 2033 668 2094 coeptis,
704 2032 905 2079 mittunt
935 2031 1092 2079 liberi.
1146 2029 1379 2078 Profecto
1405 2029 1603 2087 Oreste,
1639 2030 1856 2093 Electra,
1893 2030 2007 2079 dum

327 2110 472 2158 abest
504 2111 675 2170 frater,
719 2111 935 2175 gladium
971 2127 1117 2159 manu
1151 2116 1325 2159 tenens
1361 2116 1590 2158 eventum
1624 2117 1878 2174 exspectat
1910 2110 2009 2159 hoc

327 2190 548 2245 consilio,
583 2196 653 2249 ut,
689 2191 730 2237 si
756 2190 840 2238 ille
864 2191 1168 2249 occubuerit,
1193 2190 1360 2238 statim
1388 2205 1442 2237 se
1469 2189 1803 2237 transfodiens
1832 2191 2005 2237 subse-

326 2272 518 2331 quatur.
588 2267 670 2315 Sic
709 2269 859 2315 rebus
906 2269 1260 2330 componendis
1308 2275 1455 2331 poeta
1500 2268 1623 2326 hoc,
1675 2267 1803 2330 quod
1850 2267 2006 2315 maxi-

325 2362 461 2395 mum
496 2351 589 2409 est,
623 2352 795 2396 nactus
831 2352 923 2408 est,
958 2354 1014 2395 ut
1043 2347 1466 2410 Clytaemnestrae
1500 2347 1679 2395 caedes
1702 2348 1763 2394 ab
1785 2347 2008 2409 Aegisthi

326 2427 479 2475 caede
539 2431 868 2491 separaretur.
962 2426 1137 2488 Neque
1191 2426 1321 2474 enim
1367 2425 1500 2473 idem
1550 2431 1628 2474 est
1684 2427 1894 2475 alienum
1943 2426 2005 2476 ab

325 2506 493 2554 alienis
529 2513 579 2554 et
613 2513 819 2555 matrem
854 2524 882 2555 a
916 2506 1087 2554 liberis
1122 2505 1297 2566 occidi,
1333 2520 1492 2567 neque
1527 2509 1666 2554 recte
1701 2513 1753 2555 et
1780 2507 2005 2572 Aeschy-

325 2585 400 2634 lus
436 2593 485 2634 et
519 2586 795 2650 Sophocles
831 2603 927 2635 uno
962 2586 1103 2649 quasi
1138 2586 1326 2649 impetu
1362 2592 1624 2648 utramque
1660 2586 1860 2634 caedem
1893 2602 2005 2650 per-

325 2667 511 2728 petrari
562 2666 806 2718 fecerunt.
886 2668 1010 2716 Nam
1057 2682 1184 2728 quae
1232 2666 1282 2713 in
1331 2665 1586 2717 sentiendo
1643 2666 2005 2730 iudicandoque

268 2778 276 2784 -
324 2761 639 2808 separamus,
688 2747 863 2795 eadem
910 2747 959 2793 in
994 2745 1305 2810 effingendo,
1346 2751 1402 2793 ut
1436 2747 1567 2793 vario
1602 2746 1750 2794 modo
1785 2745 2004 2796 affician-

323 2830 407 2874 tur
450 2827 592 2873 animi
643 2842 767 2874 neve
811 2826 1017 2875 alterius
1064 2826 1139 2874 rei
1172 2831 1420 2874 momenta
1453 2825 1611 2875 altera
1656 2827 2002 2888 obscurentur,

326 2905 631 2969 segreganda
665 2909 796 2955 sunt.

456 2983 695 3048 Thyestis
729 2985 859 3034 filius
895 2989 974 3034 est
1006 2984 1298 3048 Aegisthus:
1341 2984 1511 3048 itaque
1543 2984 1695 3049 patris
1729 2983 1999 3033 ulciscendi

324 3077 502 3111 caussa
535 3064 916 3127 Agamemnonis
952 3081 1151 3114 uxorem
1187 3065 1476 3113 abalienavit
1508 3066 1768 3128 ipsumque
1801 3063 1999 3113 occidit.

323 3141 617 3191 Necessario
651 3144 829 3207 igitur,
879 3145 994 3193 dum
1027 3145 1112 3193 ille
1145 3145 1204 3192 ab
1242 3145 1423 3193 Oreste
1455 3144 1779 3202 interficitur,
1825 3159 1997 3193 aemu-

323 3221 557 3271 lationem
591 3223 730 3272 Atrei
764 3223 1099 3289 Thyestisque
1133 3231 1185 3273 et
1219 3234 1412 3273 mutuas
1447 3239 1616 3272 eorum
1650 3223 1849 3271 insidias
1883 3238 1996 3271 cum

321 3302 444 3350 diris
479 3302 670 3366 epulis,
705 3319 824 3367 quas
860 3305 935 3353 sol
971 3320 1079 3353 cum
1116 3304 1363 3353 sideribus
1398 3310 1648 3353 aversatus
1683 3303 1778 3361 sit,
1813 3303 1997 3352 chorus

322 3380 375 3429 in
419 3384 708 3431 memoriam
755 3389 978 3444 revocat,
1035 3383 1183 3432 simul
1229 3384 1650 3449 Clytaemnestrae
1701 3382 1996 3432 adulterium

321 3475 434 3511 cum
479 3462 702 3526 Aeropes
738 3463 977 3514 adulterio
1012 3479 1343 3529 componens,
1391 3463 1524 3528 quod
1558 3479 1755 3514 carmen
1788 3466 1895 3513 tum
1925 3462 1996 3511 vi-
