2170 3866
915 299 1038 358 453

141 445 333 495 moenia
369 445 508 495 iubet
535 445 846 510 Polynicem.
899 447 1079 512 Incipit
1104 447 1258 514 igitur
1279 447 1559 508 altercatio,
1591 447 1846 498 trochaico

136 532 299 575 metro
332 526 520 575 inclusa
555 527 780 590 miraque
813 533 920 577 arte
946 528 1193 590 confecta,
1230 545 1380 592 quum
1413 530 1679 578 verborum
1703 528 1846 593 quasi

135 606 253 656 telis
302 622 359 655 se
408 607 619 655 invicem
664 607 866 656 iuvenes
911 609 1093 672 figant,
1141 614 1192 657 et
1241 610 1378 673 quasi
1423 625 1516 674 per
1549 610 1732 674 gradus
1767 609 1844 658 in-

136 692 311 753 surgat
337 687 411 736 ira
439 694 591 753 atque
622 687 917 737 incendatur
951 690 1031 747 ita,
1068 694 1126 738 ut
1150 689 1436 737 necessario
1458 695 1692 737 nascatur
1715 705 1845 752 quae

138 776 308 817 contra
353 774 576 817 naturam
614 775 693 817 est
730 766 939 816 fraterni
976 769 1226 833 sanguinis
1264 770 1390 818 sitis.
1461 768 1845 818 Contumeliose

139 847 270 896 enim
305 848 518 896 fratrem
553 853 737 897 tractat
772 847 1008 898 Eteocles
1048 854 1101 898 et
1135 855 1406 914 petentem,
1443 855 1501 898 ut
1535 856 1730 914 patrem
1764 855 1842 898 at-

137 944 236 992 que
270 944 471 977 sorores
510 930 729 977 salutare
763 928 927 989 liceat,
963 930 1144 992 reiicit,
1182 947 1278 995 qua
1309 929 1605 978 crudelitate
1638 945 1844 979 exacer-

135 1011 280 1073 batus
316 1008 583 1074 Polynices
619 1010 756 1058 ferro
804 1011 987 1073 gemini
1037 1011 1229 1060 viscera
1274 1011 1500 1059 lacerare
1550 1010 1688 1075 prior
1723 1026 1843 1059 con-

136 1089 363 1163 cupiscit.
434 1090 747 1139 Contrarium
783 1091 947 1154 igitur,
985 1098 1135 1156 atque
1157 1097 1320 1140 mater
1349 1095 1656 1157 speraverat,
1689 1091 1845 1139 habet

135 1170 435 1235 colloquium
484 1175 744 1230 eventum,
793 1187 988 1236 quaque
1035 1172 1226 1220 ratione
1261 1171 1344 1218 illa
1389 1170 1667 1234 perniciem
1700 1185 1844 1218 aver-

134 1256 247 1300 tere
282 1251 487 1309 studuit,
522 1251 616 1298 liae
653 1252 762 1315 ipsa
797 1251 986 1313 efficit,
1030 1258 1085 1300 ut
1121 1251 1229 1299 dira
1265 1249 1420 1299 caede
1454 1250 1547 1296 filii
1580 1249 1843 1298 intereant.

135 1329 403 1394 Praeterea
449 1346 644 1379 morum
696 1331 998 1389 imitatione,
1046 1333 1406 1380 sententiarum
1460 1329 1689 1378 acumine
1730 1346 1844 1379 ver·

134 1410 416 1474 horumque
468 1409 738 1458 luminibus
785 1410 910 1459 haec
958 1427 1073 1475 pars
1124 1410 1361 1460 dramatis
1397 1409 1618 1459 excellit.
1685 1411 1842 1474 Egre-

132 1489 215 1555 gie
248 1494 414 1538 autem
452 1506 617 1539 mores
652 1496 758 1539 tum
797 1492 1016 1540 omnium
1053 1498 1161 1540 tum
1211 1491 1437 1540 Eteoclis
1473 1490 1661 1555 depicti
1708 1493 1842 1553 sunt,

133 1570 344 1620 alterius
393 1570 628 1630 Achillis,
677 1571 785 1619 iura
834 1571 929 1620 sibi
974 1576 1089 1620 nata
1135 1587 1249 1620 esse
1283 1573 1537 1637 negantis,
1587 1571 1711 1620 nihil
1746 1586 1843 1621 non

132 1651 281 1699 armis
317 1651 593 1716 arrogantis
627 1652 777 1715 idque
811 1651 1024 1715 ingenue
1067 1652 1351 1715 profitentis
1368 1651 1437 1715 *).
1507 1649 1688 1700 Idonea
1724 1666 1842 1715 pro-

133 1730 271 1779 fecto
303 1731 431 1779 haec
466 1747 678 1796 persona
714 1732 831 1791 fuit,
867 1747 1013 1795 quam
1045 1737 1166 1780 -ante
1202 1732 1374 1780 oculos
1408 1731 1622 1796 positam
1657 1731 1843 1781 Caesar

133 1810 349 1860 haberet
398 1811 642 1875 cuiusque
691 1812 741 1860 in
786 1827 875 1860 ore
925 1818 1128 1878 gereret
1162 1813 1455 1860 orationem.
1523 1811 1729 1861 Mitiore
1762 1817 1844 1861 est

133 1892 299 1941 animo
353 1890 648 1956 Polynices,
709 1897 761 1940 et
820 1891 1019 1940 videtur
1063 1898 1241 1955 poeta,
1303 1897 1357 1940 ut
1402 1892 1521 1940 huic
1567 1891 1840 1952 faveamus,

134 1971 362 2021 studiose
411 1972 712 2021 elaborasse.
782 1969 1080 2037 „Namque”
1116 1972 1308 2034 (Grotii
1355 1972 1482 2021 haec
1520 1979 1633 2021 suut
1665 1968 1839 2037 verba)

135 2052 346 2115 „dolere
395 2068 452 2100 se
501 2053 600 2114 ait,
652 2054 782 2116 quod
819 2053 898 2101 ius
935 2069 1078 2102 suum
1117 2053 1345 2101 obtinere
1391 2070 1487 2102 non
1534 2053 1696 2118 possit
1732 2053 1842 2102 sine

132 2132 449 2198 popularium
485 2133 742 2197 pericul0;
793 2134 959 2198 ipsum
994 2133 1199 2182 Adrasti
1250 2133 1547 2182 beneficium
1583 2133 1654 2181 ita
1689 2147 1841 2196 agno-

134 2213 249 2273 scit,
284 2219 342 2261 ut
376 2213 527 2261 simul
565 2213 733 2262 doleat
747 2210 856 2277 **);
891 2230 1113 2262 amorem
1149 2213 1337 2278 patris,
1373 2215 1572 2276 matris,
1609 2229 1839 2261 sororum

134 2298 187 2342 et
217 2293 358 2341 vivus
395 2294 616 2342 ostendit
650 2299 703 2342 et
736 2294 971 2342 moriens.
1038 2293 1194 2343 Vivus
1228 2293 1435 2342 fratrem
1477 2293 1838 2342 conditionibus

134 2374 309 2437 aequis
345 2373 514 2422 studet
549 2373 766 2438 placare,
802 2373 947 2423 aliter
982 2390 1128 2439 quam
1165 2374 1296 2439 apud
1324 2373 1600 2439 Papinium,
1636 2373 1839 2422 ubiiam

133 2453 298 2502 fretus
333 2454 513 2514 armis,
562 2469 653 2502 suo
688 2458 796 2502 non'
819 2460 1108 2514 contentus,
1153 2459 1312 2502 totum
1346 2470 1553 2517 regnum
1589 2454 1838 2518 postulat;

132 2533 353 2582 moriens
388 2534 609 2582 ostendit
641 2535 817 2584 dolere
851 2552 908 2583 sc
935 2551 1033 2594 non
1063 2542 1180 2596 tam,
1205 2535 1340 2598 quod
1365 2539 1663 2596 moreretur,
1691 2551 1839 2598 quam

137 2612 270 2677 quod
306 2611 515 2661 fratrem
551 2615 836 2676 occidisset,
870 2616 948 2664 cui
985 2615 1236 2663 condonat
1269 2614 1506 2679 quidquid
1532 2615 1581 2662 in
1609 2630 1666 2663 se
1701 2630 1838 2663 com·

134 2692 388 2746 miserit.''
458 2692 607 2741 Omni
643 2695 791 2745 laude
825 2696 1001 2761 dignus
1038 2701 1203 2754 esset,
1253 2695 1298 2744 si
1342 2695 1473 2743 ullae
1506 2695 1627 2743 satis
1661 2710 1839 2759 graves

135 2788 343 2822 caussae
391 2789 507 2822 esse
541 2780 778 2839 possent,
830 2777 1009 2842 quibus
1057 2775 1235 2840 aliquis
1282 2780 1453 2824 contra
1488 2776 1611 2824 deos
1645 2776 1839 2840 patrios

133 2869 271 2903 arma
301 2853 472 2903 ferens
510 2862 848 2907 excusaretur.
918 2856 1178 2920 Regnandi
1228 2854 1408 2919 cupido
1454 2855 1588 2904 hunc
1635 2871 1838 2920 quoque

140 2934 343 2998 abripit,
379 2935 529 2998 idque
565 2937 764 3001 saepius
798 2938 908 3003 ipse
944 2938 1165 2986 declarat
1200 2935 1267 2993 (v.
1293 2937 1408 2984 439.
1444 2942 1494 2984 et
1517 2937 1673 2999 6:34).

266 3015 407 3064 Abiit
451 3015 513 3062 ad
560 3016 780 3065 hostium
830 3019 999 3083 copias
1047 3016 1340 3081 PolyniceS,
1400 3015 1601 3079 iamque
1661 3017 1836 3082 ingens

131 3094 433 3161 Argivorum
468 3097 719 3146 exercitus
767 3113 913 3147 unam
950 3099 1151 3159 urbem,
1204 3096 1352 3147 nullis
1395 3097 1589 3147 auxiliis
1622 3105 1835 3160 auctam,

189 3298 242 3353 ³⁸⁸)
272 3297 427 3341 861101.
457 3299 517 3341 ad
546 3313 590 3341 v.
620 3297 728 3341 5⁰7:
778 3299 969 3356 μίμησιν
1009 3283 1182 3358 ἅνδρός
1222 3297 1389 3346 ἀδίκου
1427 3300 1687 3354 ἐξεικονίζει
1725 3299 1836 3357 ἡμῖν

275 3365 301 3412 ὁ
333 3364 598 3426 Εὐριπίδης
624 3369 742 3426 μηδὲ
776 3372 840 3429 τῷ
870 3373 1025 3416 δοκεῖν
1054 3369 1260 3428 εὐσεβεῖν
1287 3372 1586 3430 βουλομένου.

166 3438 248 3496 ³⁸⁹⁴)
273 3440 324 3481 V.
354 3439 463 3482 431:
508 3441 689 3498 λυπρὰν
731 3439 887 3500 χάριν,
927 3441 1187 3498 ἀναγκαίαν
1224 3442 1267 3486 δ’
1307 3441 1410 3499 ἐμοὶ
1448 3441 1681 3498 διδόντες,
1722 3453 1838 3496 quae

278 3511 422 3555 verba
450 3511 697 3556 scholiasta
727 3514 972 3570 approbat:
1006 3513 1196 3573 ἔμφρων
1224 3513 1302 3559 καὶ
1332 3511 1530 3566 ἐλεεινὸς
1559 3511 1585 3558 ὁ
1614 3512 1762 3569 λόγος.
