2170 3848
1092 260 1213 319 128

349 408 493 458 factis
528 405 783 470 cernitur),
810 411 869 456 *et
901 406 1010 455 finis
1045 407 1152 456 eius
1187 406 1316 456 actio
1352 411 1430 456 est
1451 406 1627 474 aliqua,
1658 426 1755 463 non
1777 412 2003 477 proprie-

347 487 504 550 tas*).
565 485 801 535 Consistit
834 491 994 534 autem
1038 487 1088 535 in
1121 487 1335 536 moribus
1372 487 1568 551 quidem
1601 492 1877 556 proprietas
1910 492 2003 540 ho-

346 567 561 626 minum,
609 566 658 613 in
688 564 916 614 faciendo
961 570 1125 614 autem
1158 566 1488 630 patiendoque
1521 567 1732 619 felicitas
1762 570 1842 619 vel
1875 570 2005 620 infe-

348 646 524 694 licitas.
589 643 698 692 Non
745 645 893 707 igitur
930 649 984 692 ut
1027 660 1190 694 mores
1234 645 1487 694 imitentur
1530 662 1610 696 res
1668 653 1869 713 gerunt,
1913 649 2005 698 sed

349 739 514 771 mores
546 739 641 771 una
676 724 1069 787 complectuntur
1101 728 1307 789 propter
1340 740 1422 773 res
1457 727 1713 790 gerendas.
1763 726 1895 792 Ergo
1920 743 2004 777 res

349 808 401 852 et
435 808 771 866 argumentum
803 803 914 851 finis
949 808 1063 852 sunt
1086 804 1385 867 tragoediae.
1434 804 1569 853 Finis
1598 809 1760 854 autem
1790 805 2006 855 omnium

348 898 514 932 rerum
529 898 769 930 summum
787 887 876 931 est.
911 882 1171 931 Praeterea
1189 899 1351 932 rerum
1364 884 1556 933 actione
1570 900 1739 932 carere
1754 883 2008 950 tragoedia

346 961 479 1011 nulla
500 965 681 1025 potest,
698 961 913 1009 moribus
931 965 1120 1025 potest:
1140 963 1317 1010 etenim
1342 963 1670 1012 recentiorum
1685 963 2009 1027 plurimorum

346 1040 630 1106 tragoediae
657 1040 875 1088 moribus
900 1046 1084 1100 carent,
1121 1046 1174 1089 et
1202 1042 1393 1090 omnino
1428 1049 1608 1106 poetae
1630 1043 1773 1091 multi
1797 1047 1910 1091 sunt
1932 1047 2007 1090 ta-

346 1119 439 1180 les,
471 1119 690 1182 itemque
723 1118 854 1167 inter
885 1119 1100 1182 pictores
1135 1120 1369 1168 Zeuxidis
1403 1120 1526 1168 haec
1551 1127 1627 1170 est
1650 1120 2010 1186 Polygnotique

347 1199 620 1247 diversitas.
703 1197 1005 1264 Polygnotus
1054 1200 1179 1248 enim
1226 1200 1442 1247 moribus
1485 1200 1818 1265 exprimendis
1860 1201 2010 1261 valet,

347 1278 584 1328 Zeuxidis
630 1278 820 1341 pictura
866 1279 1082 1327 moribus
1134 1285 1287 1328 caret.
1354 1278 1710 1328 Praeterea
1755 1280 1819 1329 si
1860 1279 2008 1343 quis

347 1358 690 1407 continuet
738 1373 1078 1406 sermones
1128 1364 1420 1407 moratos
1469 1362 1529 1406 et
1571 1359 1913 1408 dictiones
1948 1363 2010 1407 et

347 1437 723 1486 sententias
768 1438 1050 1499 quamvis
1098 1439 1328 1498 bonas,
1384 1453 1501 1485 non
1547 1436 1797 1487 fecerit
1842 1437 2007 1502 quod

347 1522 448 1566 est
481 1515 869 1579 tragoediae
903 1514 1234 1578 officium,
1271 1516 1360 1565 sed
1395 1518 1548 1566 multo
1583 1518 1738 1581 magis
1773 1521 2009 1583 suppetet

347 1611 473 1660 quae
506 1595 585 1643 his
621 1594 819 1659 parcius
856 1595 951 1643 erit
986 1610 1077 1643 usa
1110 1597 1393 1660 tragoedia,
1438 1603 1725 1660 argumento
1759 1602 1810 1646 et
1841 1612 2008 1646 rerum

345 1674 706 1738 compositione
749 1673 932 1724 valens.
1000 1675 1224 1735 Accedit,
1269 1676 1401 1739 quod
1446 1677 1618 1739 quibus
1650 1677 1860 1725 maxime
1907 1676 2010 1725 ani·
2065 1690 2070 1694 ·

344 1769 451 1803 mos
486 1757 623 1802 tenet
651 1753 908 1817 tragoedia
941 1754 1218 1817 argumenti
1251 1759 1420 1819 partes
1447 1761 1578 1814 sunt,
1611 1771 1818 1804 rerum
1853 1770 2008 1804 com-

344 1833 620 1883 mutatio
656 1837 724 1880 et
769 1847 1062 1880 errorum
1110 1835 1423 1896 cognitio.
1493 1833 1655 1882 Etiam
1687 1833 1784 1881 hoc
1818 1834 2010 1896 signum

346 1918 439 1972 est,
476 1911 606 1975 quod
641 1912 723 1975 qui
759 1911 974 1959 carmina
1007 1913 1226 1961 scribere
1261 1913 1518 1962 ordiuntur
1551 1914 1686 1977 prius
1723 1913 1869 1962 dictis
1904 1929 2010 1961 mo-

345 1993 581 2055 ribusque
628 1990 934 2039 elaborandis
981 1991 1233 2039 sufficiunt
1278 2008 1423 2054 quam
1456 1995 1604 2041 rebus
1641 1993 2011 2056 componendis,

345 2071 756 2135 quemadmodum
806 2070 953 2118 etiam
1000 2071 1144 2133 primi
1192 2077 1364 2135 poetae
1410 2070 1517 2118 fere
1562 2087 1748 2119 omnes.
1826 2071 2009 2119 Princi-

343 2152 483 2214 pium
515 2151 666 2215 igitur
699 2155 752 2198 et
786 2150 923 2213 quasi
956 2149 1112 2196 anima
1145 2150 1428 2214 tragoediae
1462 2154 1537 2197 est
1570 2149 1753 2211 fabula,
1789 2150 2009 2199 secundo

347 2231 460 2279 loco
509 2234 622 2278 sunt
657 2245 837 2277 mores.
907 2228 1077 2276 Simile
1124 2230 1250 2277 enim
1303 2228 1545 2292 quoddam
1597 2230 1646 2278 in
1696 2236 1802 2277 arte
1849 2229 2012 2278 evenit

345 2309 595 2375 pingendi.
663 2308 787 2356 Nam
838 2308 879 2356 si
927 2307 1036 2370 quis
1069 2307 1223 2355 illinat
1255 2308 1567 2371 pulcerrimis
1603 2308 1847 2357 coloribus
1882 2308 2011 2369 fuse,
2091 2318 2093 2321 ⁴

345 2405 445 2439 non
478 2389 685 2454 perinde
719 2388 958 2447 delectet,
994 2401 1052 2434 ac
1087 2386 1131 2433 si
1165 2386 1273 2449 quis
1309 2387 1418 2434 albo
1454 2386 1700 2436 describat
1732 2388 2009 2453 imaginem.

347 2467 578 2517 Tertium
618 2468 784 2515 locum
831 2466 1105 2515 sententiae
1151 2469 1343 2514 tenent:
1391 2466 1487 2513 hoc
1531 2470 1610 2514 est
1661 2466 1827 2515 dicere
1859 2483 2012 2531 posse

348 2564 475 2613 quae
508 2547 570 2594 ad
605 2564 710 2595 rem
745 2547 994 2611 pertinent
1027 2551 1234 2610 aptaque
1270 2551 1408 2604 sunt,
1442 2545 1593 2608 idque
1625 2546 1674 2593 in
1709 2547 2012 2596 orationibus

346 2628 526 2692 partim
563 2627 716 2675 civilis
754 2630 833 2674 est
869 2625 1102 2674 scientiae
1133 2625 1307 2688 partim
1334 2624 1640 2682 rhetoricae3
1687 2630 1739 2672 et
1770 2625 2013 2689 antiquio-

347 2723 430 2756 res
478 2706 676 2770 quidem
723 2706 944 2755 civilibus
991 2708 1185 2752 utentes
1230 2703 1524 2752 inducebant
1558 2703 1881 2761 orationibus,
1930 2705 2014 2768 qui

348 2801 476 2836 nunc
512 2791 656 2844 sunt,
703 2774 979 2834 rhetoricis.
1044 2783 1143 2831 Iam
1179 2797 1342 2831 mores
1377 2788 1489 2830 sunt
1520 2782 1619 2830 tale
1655 2783 1916 2847 quiddam,
1951 2798 2014 2832 ex

351 2882 449 2929 quo
496 2881 635 2914 mens
683 2870 735 2913 et
785 2865 1005 2912 voluntas
1041 2863 1196 2926 qualis
1233 2861 1299 2909 sit
1331 2860 1662 2926 intelligatur:
1707 2877 1825 2927 ergo
1861 2878 2012 2926 quae-

350 2960 546 3008 cunque
595 2944 839 2992 orationes
889 2960 986 2993 non
1019 2942 1135 3006 quid
1168 2941 1247 2990 vel
1281 2945 1480 3003 expetat
1513 2940 1590 2988 vel
1623 2941 1779 3006 fugiat
1811 2942 1880 3001 is,
1926 2940 2012 3004 qui

347 3025 493 3086 dicit,
540 3025 817 3085 declarant,
866 3039 1057 3073 morum
1101 3020 1448 3086 significatione
1483 3026 1664 3070 carent.
1729 3020 2012 3070 Sententiae

404 3202 453 3256 ⁹⁵)
484 3201 640 3245 Scribo
667 3200 757 3242 sic:
802 3196 830 3256 ἡ
875 3197 962 3258 γὰρ
1002 3198 1231 3257 τραγῳδία
1255 3199 1436 3254 μίμησίς
1463 3197 1585 3258 ἐστιἰξ
1619 3191 1703 3240 οὐκ
1731 3193 2010 3253 ἀνθρώπων,

489 3267 605 3313 ἀλλὰ
643 3268 852 3326 πράξεως
890 3270 988 3324 (καὶ
1025 3268 1111 3327 γὰρ
1152 3267 1180 3324 ἦ
1212 3268 1482 3323 εὐδαιμονία
1511 3267 1589 3311 καὶ
1617 3264 1645 3322 ἡ
1676 3267 2011 3320 κακοδαιμονία

487 3338 538 3387 ἐν
566 3339 726 3396 πράξει
755 3339 869 3396 ἔστί)
886 3372 897 3394 ,
926 3339 1002 3385 καὶ
1033 3339 1083 3384 τὸ
1114 3339 1240 3391 τέλος
1266 3339 1430 3398 πρᾶξίς
1455 3338 1523 3389 τίς
1551 3335 1692 3390 ἐστιν,
1722 3333 1777 3381 οὗ
1804 3335 2010 3391 ποιότης.
