2170 3848
955 271 1078 332 195

305 424 490 492 λαβεῖν
525 437 582 476 σε
598 441 610 454 ·
647 421 751 475 κᾶν
785 422 883 489 μὲν
913 420 1194 489 τυγχάνῃς,
1231 416 1355 487 σάφ’
1387 413 1512 486 ἴσθ’,
1547 420 1626 474 ὅτι

247 550 250 551 ⁷
304 508 444 558 θεοῦ
480 504 750 572 πέφυκας·
787 504 832 556 εἰ
866 501 924 555 δὲ
959 503 1048 570 μή,
1082 500 1286 570 ψευδὴς
1321 500 1439 568 ἐγώ.

840 583 1182 634 ΦΑΕΘΩΝ.

307 668 422 730 πῶς
457 659 558 720 οὖν
590 667 825 733 πρόςειμι
859 663 1014 727 δῶμα
1044 662 1253 728 θερμὸν
1278 655 1501 726 “Ηλίου,·

832 747 932 796 ΚΛ
942 746 1223 796 ΥΜΕΝΙΙ.
1372 791 1373 794 ,

307 827 465 897 κείνῳ
497 828 706 895 μελήσει
739 826 892 891 σῶμα
924 822 996 893 μὴ
1033 826 1285 891 βλάπτειν
1317 825 1379 877 τὸ
1413 825 1526 877 σόν.

854 908 1193 960 ΦΑΕΘῼΝ
1495 960 1498 964 .

305 987 448 1056 εἴπερ
481 986 655 1055 πατὴρ
689 986 911 1055 πέφυκε,
948 989 1083 1040 κούκ
1118 990 1291 1050 ἄλλως
1324 987 1504 1055 λέγεις.

819 1070 924 1120 KA
935 1070 1220 1120 YMENH.

302 1143 428 1216 σάφ’
458 1148 599 1201 ἰ’σθι·
633 1150 803 1218 πεύσῃ
839 1146 887 1201 δ’
921 1147 1082 1211 αὐτὸς
1117 1151 1185 1201 οὐ
1219 1149 1394 1217 χρόνῳ
1429 1152 1629 1216 μακρῷ.

725 1283 729 1288 .
845 1232 1189 1283 ΦΑΕΘΩΝ.

307 1307 488 1374 α’ρκεῖ·
522 1307 759 1361 πέποιθα
791 1311 895 1377 γάρ
932 1323 988 1363 σε
1023 1311 1096 1380 μὴ
1131 1309 1306 1378 ψευδῆ
1341 1307 1530 1377 λέγειν.

299 1384 408 1440 ἀλλ’
444 1381 554 1456 ἕρπ’
591 1388 644 1452 ές
677 1391 890 1454 οἴκους·
925 1391 1016 1445 καὶ
1048 1393 1152 1460 γὰρ
1190 1385 1294 1443 αἵδ’
1330 1389 1427 1455 ἔξω
1463 1391 1606 1445 πόδα

303 1469 480 1536 δμωαὶ
513 1474 761 1538 περῶσιν,
800 1475 856 1525 αἳ
889 1472 1091 1540 πατρὸς
1124 1472 1467 1539 κοιμωμένου

301 1551 552 1617 σαίρουσι
586 1554 738 1621 δῶμα
772 1554 861 1607 καὶ
899 1556 1084 1626 δόμων
1117 1556 1361 1622 κειμήλια

298 1626 427 1684 καθ’
459 1633 666 1702 ἡμέραν
701 1638 934 1703 φοιβῶσι
969 1637 1317 1704 κάπιχωρίοις

303 1712 519 1780 ὀσμαῖσι
552 1719 822 1781 θυμιῶσιν
857 1718 1095 1779 είςόδους
1132 1718 1332 1782 δόμων.

303 1792 435 1845 ὅταν
471 1792 518 1846 δ’
554 1795 733 1849 ὕπνον
763 1799 974 1864 γεραιὸς
1009 1797 1236 1851 ἐκλιπὼν
1269 1795 1443 1863 πατὴρ

302 1875 475 1936 πύλας
503 1876 698 1946 ἀμείψῃ
739 1879 828 1930 καὶ
862 1880 1060 1946 λόγους
1093 1881 1283 1945 γάμων
1316 1876 1438 1944 πέρι

305 1954 424 2024 λέξῃ
457 1959 592 2021 πρὸς
623 1958 776 2027 ἡμᾶς,
805 1953 994 2012 (Ηλίου
1028 1961 1211 2026 μολὼν
1245 1960 1450 2025 δόμους

303 2030 431 2099 τοὺς
462 2032 592 2101 σοὺς
626 2037 831 2107 ἐλέγξω,
866 2045 1045 2110 μῆτερ,
1083 2042 1128 2093 εί
1160 2044 1350 2108 σαφεῖς
1383 2040 1553 2106 λόγοι.

884 2123 1148 2178 ΧΟΡΟΣ.

835 2213 946 2270 στρ.
983 2199 1048 2258 α’.

303 2597 485 2665 μέλπει
518 2602 575 2656 δὲ
609 2603 851 2671 δένδρεσι
883 2605 1078 2660 λεπτὰν

301 2680 482 2747 ἀηδὼν
516 2682 795 2753 ἁρμονίαν,

278 2909 329 2950 V.
360 2909 429 2952 16.
490 2911 742 2970 Egregium
771 2913 1037 2957 Welckcrus
1067 2922 1250 2955 versum
1280 2908 1563 2954 concinnavit
1590 2912 1787 2956 huncce:

281 2983 376 3023 KA.
437 2978 546 3036 σάφ’
580 2983 702 3027 ἴσθι·
734 2981 881 3043 πεύσῃ
913 2981 952 3028 δ’
985 2981 1168 3033 αὐτὸς
1199 2979 1263 3024 σύ
1293 2979 1441 3039 χρόνῳ
1473 2982 1647 3039 βραχεῖ.

167 3051 349 3108 Μακρῷ
386 3051 482 3107 ipse
524 3055 733 3108 explendi
760 3070 919 3098 versus
950 3069 1108 3098 caussa
1149 3053 1324 3097 addidi:
1370 3052 1538 3095 codicis
1578 3053 1697 3096 enim
1734 3055 1864 3112 signa

168 3121 393 3164 deficiunt.

1799 829 1862 876 15

1800 1476 1867 1523 20

1797 1881 1862 1928 25

1798 2691 1864 2738 30

280 3193 330 3234 V.
362 3192 430 3235 19.
472 3192 598 3237 πόδα
628 3194 683 3236 dc
715 3195 973 3240 coniectura
1000 3195 1139 3239 Ravii
1169 3192 1443 3246 adiecimus3
1474 3193 1554 3236 alii
1583 3192 1740 3250 δόμων
1761 3208 1863 3238 ma-

168 3263 365 3306 luerunt.

280 3335 331 3375 V.
361 3334 430 3377 28.
489 3334 631 3377 Voces
659 3333 779 3378 κατὰ
807 3337 894 3391 γᾶν
924 3337 1030 3392 quid
1059 3337 1200 3380 velint
1223 3340 1273 3379 ut
1296 3335 1590 3393 intelligatur,
1611 3335 1718 3376 Rau
1741 3349 1865 3377 com-

1414 3561 1530 3611 13*

167 3409 301 3459 parat
328 3406 422 3448 Ion.
453 3421 498 3448 v.
531 3406 611 3448 82:
644 3403 772 3462 ἥλιος
801 3405 890 3464 ἤδη
922 3408 1088 3464 λάμπει
1118 3406 1238 3453 κατὰ
1268 3408 1370 3464 γᾶν,
1401 3411 1447 3449 et
1469 3406 1640 3449 Aschil.
1669 3405 1862 3463 fiagm.=

167 3474 562 3533 τεθριππεύοντος
591 3475 727 3534 ἡλίου
755 3477 876 3523 κατὰ
907 3477 1077 3535 χθόνα.
