2124 3860
927 283 1046 342 361

153 431 379 485 eiusdem
410 431 644 480 lemmate
670 429 982 495 intelligitur:
1017 424 1364 494 ἀτρεκήσασα,
1397 423 1828 492 α’κριβωσαμένη·

157 510 461 578 Εὐριπίδης
495 509 788 576 Βουσίριδι.
858 511 1002 573 Quod
1046 511 1250 559 verbum
1296 525 1444 574 quum
1493 508 1555 557 ad
1601 506 1828 570 famulas,

155 611 283 661 quae
325 595 374 642 in
423 593 580 641 sacris
630 591 869 641 faciendis
903 590 1258 652 ministrabant,
1293 596 1350 638 ut
1383 594 1543 637 mutas
1578 603 1830 653 personas,

153 674 339 726 referri
382 679 621 736 nequeat,
670 673 760 720 alia
806 671 1085 735 quaerenda
1133 676 1235 730 est,
1283 685 1406 734 quae
1451 669 1644 731 gravius
1678 668 1832 717 fuerit

156 771 323 805 rerum
358 762 676 803 momentum.
743 752 907 815 Atque
941 767 998 798 ea
1032 767 1060 798 a
1096 750 1357 799 scholiasta
1379 749 1592 796 Platonis
1622 747 1830 797 Phaedr.

153 852 205 900 p.
227 836 306 886 61.
336 833 643 898 suppeditari
666 831 885 880 videtur:
922 827 1142 895 δευτέρα
1170 827 1228 880 δὲ
1257 828 1546 893 (Σίβυλλα)
1570 826 1828 892 Λίβυσσα,

158 904 223 981 ἧς
255 912 470 980 μνήμην
504 909 784 978 ἐποιήσατο
820 907 877 962 ἐν
910 916 992 977 τῷ
1037 914 1154 979 τῆς
1187 909 1463 976 Λαμίας
1506 908 1829 978 προλόγῳ

156 991 452 1059 Εὐριπίδης
468 991 535 1056 *).
614 993 851 1042 Eiusdem
910 992 1109 1042 Lamiae
1168 993 1410 1041 Diodorus
1472 991 1570 1041 Sic.
1604 990 1714 1049 XX,
1749 993 1828 1040 41.

155 1076 452 1126 mentionem
499 1074 642 1133 facit,
687 1073 834 1123 simul
875 1074 1065 1122 initium
1102 1073 1294 1138 prologi
1329 1074 1379 1122 in
1411 1073 1626 1122 medium
1658 1071 1830 1136 profe-

157 1172 301 1206 rens:
351 1152 432 1206 ὅτι
466 1151 523 1204 δὲ
555 1151 689 1204 κατὰ
721 1149 818 1219 τὴν
850 1151 1060 1219 Λιβύην
1103 1150 1322 1219 γέγονεν
1349 1149 1481 1215 αὕτη
1518 1150 1576 1218 (ἦ
1607 1149 1830 1221 Λαμία),

154 1234 243 1288 καὶ
276 1234 372 1286 τὸν
404 1233 706 1301 Εὐριπίδην
733 1232 897 1297 δείξαι
920 1251 997 1294 τις
1020 1232 1088 1285 ἂν
1108 1235 1512 1299 μαρτυροῦντα·
1546 1230 1681 1298 λέγει
1699 1232 1801 1298 γάρ
1817 1247 1830 1259 ·

285 1315 363 1376 τίς
394 1316 612 1380 τοῦνομ’
680 1352 692 1364 .
761 1351 773 1363 .
842 1352 856 1367 .
923 1314 1360 1366 τούπονείδιστον
1396 1313 1610 1379 βροτοῖς

286 1389 534 1447 σῦκ”οἷδε
566 1394 773 1461 Λαμίας
805 1396 898 1462 τῆς
929 1396 1257 1464 Λιβυστικῆς
1289 1392 1443 1461 γένος
1455 1415 1470 1456 3

153 1477 375 1526 Lamiam
409 1478 790 1543 impurissimam
827 1477 1085 1527 mulierem
1120 1484 1171 1527 et
1204 1480 1353 1527 rebus
1388 1477 1612 1526 venereis
1638 1475 1831 1540 perdite

153 1558 374 1607 deditam
431 1558 588 1606 fuisse
646 1562 846 1622 praeter
895 1559 1275 1623 Aristophanem
1325 1556 1502 1621 (Vesp.
1539 1559 1684 1608 10:35.
1721 1557 1829 1606 Λα-

155 1637 280 1702 μίας
314 1637 361 1688 δ’
398 1639 566 1704 ὄρχεις
599 1635 890 1699 ἀπλύτους)
927 1641 1075 1687 etiam
1112 1639 1497 1702 chrysostomus
1532 1643 1681 1700 atque
1711 1637 1830 1685 Phi-

157 1719 394 1774 lostratus
431 1719 547 1784 (vita
572 1720 813 1784 Apollonii
848 1717 909 1770 T.
944 1736 993 1784 p.
1034 1721 1144 1767 183.
1159 1716 1264 1783 **))
1318 1718 1565 1767 affirmant
1598 1717 1830 1766 eandem-

159 1816 256 1864 que
302 1799 495 1847 formae
551 1798 940 1862 pulchritudine,
1004 1799 1228 1847 Sirenum
1273 1799 1451 1858 instar,
1517 1798 1828 1861 delenivisse,

159 1895 284 1943 quos
320 1879 556 1927 devorare
599 1886 827 1942 cuperet,
875 1882 1130 1928 testantur.
1207 1878 1460 1944 Fingimus
1510 1879 1655 1942 igitur
1697 1878 1829 1929 Her-

159 1960 336 2018 culem,
373 1975 523 2022 quum
558 1964 690 2007 esset
722 1959 881 2007 minus
918 1960 1150 2023 prudenS,
1186 1975 1329 2022 quam
1366 1958 1592 2022 Ulysses,
1627 1976 1654 2008 a
1687 1976 1828 2010 mon·
1918 2008 1921 2011 .

160 2046 265 2088 stro
322 2039 542 2087 mulieris
604 2044 798 2102 captum
853 2044 903 2086 et
954 2039 1005 2087 in
1060 2040 1345 2087 servitutem
1395 2040 1647 2088 redactum
1698 2057 1826 2091 esse.

160 2119 301 2168 Servi
346 2120 475 2167 enim
512 2118 839 2167 conditionem
875 2119 927 2167 hi
960 2134 1130 2168 versus
1165 2106 1522 2181 demonstrant,
1557 2137 1678 2186 quos
1712 2120 1829 2172 Sto-

159 2199 314 2248 baeus
350 2199 585 2247 servavit:
1285 2236 1288 2237 γ

292 2277 468 2344 δούλῳ
502 2275 604 2342 γὰρ
640 2276 736 2343 οὐχ
772 2270 890 2328 οἷόν
922 2293 976 2327 τε
1009 2275 1215 2344 τάληθῆ
1249 2275 1434 2343 λέγειν,

292 2358 336 2409 εἰ
370 2358 670 2410 δεσπόταισι
703 2355 775 2425 μὴ
810 2356 1080 2423 πρέποντα
1113 2358 1379 2425 τυγχάνοι.

160 2440 397 2489 Busiridi'
421 2441 549 2489 enim
585 2456 679 2489 non
716 2439 872 2488 fuisse
919 2444 1079 2488 tantas
1127 2442 1283 2502 vires,
1329 2447 1383 2489 ut
1414 2441 1598 2490 vincire
1630 2441 1829 2492 Hercu-

159 2520 259 2568 lem
290 2526 343 2569 et
374 2522 422 2568 in
457 2521 744 2569 servitutem
781 2521 1013 2585 redigere
1047 2530 1235 2584 posset,
1273 2521 1465 2586 planum
1503 2527 1593 2571 est.
1663 2522 1829 2572 Potuit

161 2606 325 2649 autem
359 2600 554 2661 Lamia,
601 2602 835 2650 societate
871 2616 979 2649 cum
1015 2601 1101 2648 illo
1136 2600 1284 2658 inita,
1319 2601 1567 2665 hospites,
1604 2618 1726 2666 quos
1760 2605 1829 2652 li-

160 2679 328 2729 bidine
361 2681 653 2744 subegisset,
686 2682 758 2729 illi
793 2681 1026 2730 vendere.
1094 2681 1166 2728 Ea
1194 2682 1340 2746 igitur
1372 2698 1452 2730 res
1479 2683 1622 2731 aliter
1644 2685 1829 2747 evenit,

162 2763 310 2823 atque
355 2760 424 2808 illi
469 2765 803 2824 speraverant:
851 2762 959 2826 ipse
1007 2760 1135 2810 enim
1171 2761 1360 2811 Busiris
1395 2778 1506 2811 cum
1540 2764 1690 2813 sociis
1724 2766 1828 2816 suis

161 2841 221 2888 ab
258 2839 475 2888 Hercule
507 2841 783 2890 immolatus
817 2847 911 2890 est.

218 2983 266 3038 >l‘)
294 2982 467 3024 Eadem
508 2982 648 3023 verba
677 2982 883 3026 Varronis
910 2987 1011 3026 sunt
1047 2983 1093 3025 in
1121 2981 1254 3024 instit.
1285 2982 1373 3025 div.
1399 2984 1470 3026 lv.
1504 3000 1548 3040 p.
1568 2984 1665 3028 216.
1697 2986 1826 3043 Bip.:

301 3052 573 3107 „secundam
602 3052 864 3108 Libyssam‚
907 3055 1029 3096 cuius
1068 3053 1268 3096 meminit
1306 3054 1542 3109 Euripides
1570 3057 1615 3099 in
1644 3058 1830 3102 Lamiae

303 3122 544 3178 prologo‚'’
582 3127 625 3164 et
668 3123 816 3166 Photii
857 3124 900 3166 in
931 3130 1095 3180 quaest.
1129 3123 1222 3165 160.
1254 3125 1311 3166 ad
1349 3126 1709 3180 Amphilochum.
1741 3130 1829 3171 La-

303 3192 421 3236 miae
454 3194 690 3248 prologum
712 3208 813 3235 eum
833 3195 918 3236 dici
938 3196 1144 3246 arbitror,
1176 3209 1306 3248 quem
1325 3197 1468 3252 egerit
1486 3198 1662 3247 Lamia3
1687 3198 1830 3252 potuit

301 3267 449 3305 tamen
479 3263 650 3304 duobus
678 3263 766 3305 hoc
795 3266 950 3308 drama
970 3265 1232 3316 nominibus,
1260 3271 1310 3309 ut
1334 3267 1567 3321 plurimae,
1596 3267 1829 3322 appellari.

189 3334 267 3389 ⁶⁶⁹0
306 3333 441 3391 ἐρῶσι
484 3332 533 3377 δὲ
573 3332 650 3375 καὶ
690 3326 828 3379 αὗται
864 3337 957 3379 τῶν
1000 3331 1283 3393 ἀφροδισίων
1310 3337 1413 3391 μέν,
1453 3338 1634 3393 σαρκῶν
1673 3336 1830 3380 δὲκαὶ

299 3403 495 3459 μάλιστα
525 3400 839 3460 ἀνθρωπείων,
871 3405 948 3450 καὶ
978 3407 1200 3451 πάλλουσι
1230 3410 1328 3459 τοῖς
1349 3406 1638 3466 ἀφροδισίοις
1667 3402 1750 3459 οὓς
1770 3405 1829 3452 ἄν

301 3473 495 3519 ἐθέλωσι
524 3476 792 3520 δαίσασθαι.
