2170 3848
916 260 995 317 73

123 426 262 475 mur,
297 409 592 475 siguificare.
662 408 806 471 Quod
841 407 884 456 si
917 403 1314 465 meminerimus,
1359 401 1495 466 signa
1540 401 1788 450 dumtaxat

123 507 352 542 verorum
386 490 637 540 hominum
671 502 909 552 personas
943 500 1058 534 esse
1091 483 1306 532 scenicas
1335 489 1402 541 et,
1440 481 1667 546 quoniam
1692 482 1789 530 sint

126 571 319 636 species
345 570 508 630 fictae,
545 568 791 618 communi
816 565 1069 616 hominum
1089 567 1293 612 naturae
1313 560 1655 624 exprimendae
1677 560 1786 608 imi-

122 652 400 714 tandaeque
433 647 693 708 destinari,
730 647 772 695 si
805 650 1090 708 reputemus
1126 643 1278 691 licere
1305 641 1468 705 poetis
1496 640 1788 688 artificibus-

125 747 222 796 que
255 747 283 779 a
318 730 520 778 veritate
551 730 674 788 rite,
706 740 802 774 non
830 723 1263 782 dissimulantibus,
1297 721 1552 781 recedere,
1587 735 1684 768 non
1712 724 1790 768 est

126 809 257 875 quod
293 809 431 858 illum
465 823 606 856 usum
640 804 942 855 abiiciamus.
1011 803 1240 868 Alioquin
1274 800 1557 850 adstrictior
1591 813 1791 865 compo-

126 891 266 950 sitio,
313 888 449 952 quasi
485 885 719 943 infantia,
754 901 848 933 non
881 884 1028 934 modo
1062 883 1204 933 nimis
1239 882 1404 931 ieiuna
1437 881 1678 944 inopsque
1711 894 1791 928 es-

127 973 221 1030 set,
255 967 343 1016 sed
379 967 525 1014 etiam
559 965 689 1013 sicca
713 980 863 1030 supra
885 965 1113 1024 modum,
1148 964 1198 1012 in
1223 961 1490 1011 acrioribus
1514 976 1631 1009 vero
1652 975 1792 1008 caus-

125 1048 195 1098 sis
227 1047 372 1112 plane
404 1044 725 1106 intoleranda,
759 1060 871 1093 cum
898 1060 960 1093 ex
983 1043 1263 1109 copiosiore
1285 1040 1638 1105 compositione
1659 1046 1792 1089 trau-

123 1125 340 1191 quillitas
388 1126 628 1190 quaedam
682 1129 732 1174 et
778 1125 1058 1175 humanitas
1096 1123 1244 1174 etiam
1277 1121 1327 1171 in
1361 1120 1677 1171 atrocissimis
1711 1135 1791 1169 re-

123 1207 216 1256 bus
250 1205 529 1255 nascatur.''

255 1285 463 1350 Propria
507 1285 718 1335 diximus
766 1286 836 1334 sic
881 1283 1042 1349 poetis
1085 1282 1318 1333 imitanda
1364 1298 1503 1342 esse,
1548 1284 1603 1330 ut
1647 1281 1699 1329 in
1731 1280 1792 1330 iis

125 1365 401 1416 communia
446 1364 836 1414 ostenderentur.
904 1364 1090 1413 Mentis
1135 1366 1264 1413 enim
1311 1379 1429 1412 suae
1471 1361 1791 1424 cogitationes

124 1449 302 1511 poetae
335 1460 432 1494 non
466 1445 656 1506 minuS,
691 1461 834 1508 quam
867 1444 1181 1509 philosophi,
1216 1444 1469 1510 aperiunt;
1513 1441 1609 1490 hoc
1642 1442 1792 1490 inter-

125 1531 231 1586 est,
275 1525 405 1588 quod
450 1524 505 1572 hi
550 1525 789 1574 rationem
838 1524 1092 1574 reddendo
1138 1524 1217 1573 vel
1262 1521 1550 1573 disserendo
1585 1522 1796 1587 cogitata

125 1608 393 1670 exponunt,
426 1604 499 1653 illi
529 1605 723 1654 veritati
757 1605 929 1654 similia
961 1603 1243 1667 effingendo
1277 1620 1366 1668 per
1386 1601 1624 1667 imagines
1648 1602 1794 1668 signi-

123 1685 292 1734 ficant.
358 1685 532 1748 Itaque
563 1685 706 1734 alteri
741 1684 1018 1733 communia
1051 1686 1296 1733 abstracta
1324 1700 1352 1731 a
1377 1681 1666 1746 corporibus
1690 1683 1795 1731 sive

124 1764 339 1829 propriis
384 1765 679 1824 ostendunt,
725 1765 867 1813 alteri
914 1764 1222 1827 temporibus
1269 1763 1490 1826 locisque
1521 1777 1797 1811 accommo-

126 1845 241 1893 data
288 1849 338 1892 et
382 1848 627 1892 certorum
674 1844 925 1893 hominum
971 1845 1204 1893 moribus·
1234 1843 1384 1892 infixa
1431 1847 1577 1906 atque
1619 1841 1794 1892 infusa.

127 1923 238 1972 Hoc
271 1923 425 1988 igitur
458 1923 778 1986 spectandum
813 1929 891 1972 est
923 1924 1097 1988 poetis,
1131 1928 1188 1971 ut
1204 1922 1401 1987 propria
1425 1922 1524 1970 vim
1549 1927 1797 1972 naturam-

128 2019 226 2066 que
259 2002 968 2066 adipiscantur‘communium,
1004 2002 1055 2051 id
1090 2007 1180 2065 est,
1216 2007 1270 2051 ut
1297 2001 1544 2067 perfectas
1568 2018 1796 2052 consum-

126 2087 381 2147 matasque
414 2097 578 2130 rerum
608 2083 801 2148 species
829 2084 1118 2147 exprimant,
1152 2099 1247 2131 non
1270 2083 1495 2148 vulgares
1522 2087 1672 2146 atque
1689 2082 1797 2132 for-

126 2162 288 2213 tuitas.
357 2160 586 2210 Perfecta
631 2163 759 2211 enim
804 2164 1105 2228 appellamus
1142 2179 1264 2228 quae
1298 2164 1497 2228 propria
1529 2162 1624 2211 vim
1658 2178 1796 2212 com-

125 2242 406 2307 plectuntur
440 2242 769 2292 communium
805 2244 906 2291 sive
941 2259 1066 2307 quae
1099 2244 1294 2307 generis
1328 2250 1550 2292 naturam
1578 2242 1798 2293 referunt

127 2321 418 2386 singularia:
468 2323 599 2385 quod
634 2323 692 2371 fit
734 2338 832 2371 non
880 2323 1110 2371 meliores
1157 2324 1670 2387 praestantioresque,
1706 2323 1795 2372 sed

126 2401 357 2450 liberatas
394 2418 422 2450 a
455 2401 676 2452 fortuitis
703 2404 780 2452 vel
802 2403 1094 2464 adventitiis,
1130 2404 1408 2469 ditatasque
1431 2403 1722 2453 necessariis
1746 2409 1798 2454 et

127 2481 437 2547 generalibus
472 2497 552 2530 res
610 2483 929 2548 hominesque
980 2483 1274 2548 effingendo.
1354 2484 1408 2532 In
1456 2485 1796 2532 communi-

126 2561 245 2609 bus
292 2566 456 2609 autem
506 2563 808 2626 exponendis
854 2563 1352 2628 perspicuitas,
1402 2563 1452 2611 in
1498 2563 1795 2627 propriis

130 2640 461 2704 temperandis
497 2642 898 2707 simplicitas
945 2644 1209 2692 carminum
1259 2643 1418 2707 posita
1453 2649 1545 2691 est.
1616 2642 1797 2704 Quam-

130 2719 318 2781 obrem,
355 2726 585 2784 quantum
620 2724 815 2788 utrique
849 2739 1051 2788 operum
1074 2724 1206 2787 parti
1231 2724 1541 2772 tribuendum
1564 2722 1645 2783 sit,
1681 2739 1796 2786 qua·

129 2804 273 2847 tenus
309 2801 468 2862 poetis
519 2807 570 2851 et
618 2803 667 2852 in
709 2804 1044 2853 describendis
1092 2804 1300 2868 propriis
1334 2802 1567 2869 progredi
1600 2808 1650 2850 et
1683 2819 1796 2853 suas

131 2879 398 2927 sententias
431 2879 481 2928 in
514 2897 750 2945 personas
787 2884 1098 2948 imaginarias
1131 2883 1397 2932 transferre
1430 2883 1592 2943 liceat,
1628 2899 1690 2931 ex
1718 2888 1796 2932 to-

130 2958 229 3007 tius
275 2959 440 3022 operis
487 2962 673 3012 ratione
723 2970 772 3013 et
806 2965 1078 3028 argumenti
1113 2963 1497 3012 conformatione
1532 2963 1797 3013 aestiman-

131 3037 249 3088 dum
287 3044 379 3088 est.
447 3040 698 3091 Evertitur
733 3045 1036 3108 simplicitas,
1071 3045 1113 3093 si
1149 3044 1256 3108 quis
1284 3043 1508 3092 imitandi
1534 3059 1704 3092 caussa
1724 3060 1796 3104 ea,

133 3118 307 3182 quibus
340 3119 586 3169 imitandis
619 3122 726 3186 ipse
760 3125 1041 3190 aptissimus
1076 3130 1170 3187 est,
1205 3138 1300 3172 non
1336 3139 1424 3184 ea,
1462 3123 1639 3188 quibus
1672 3138 1798 3187 opus

132 3203 225 3262 est,
259 3199 506 3248 imitetur:
1662 3195 1675 3206 ’

263 3278 533 3345 „Inceptis
565 3283 808 3347 gravibus
834 3285 1139 3352 plerumque
1175 3290 1226 3333 et
1259 3300 1450 3350 magna
1479 3283 1723 3350 professis

267 3359 582 3425 Purpureus,
618 3363 727 3413 late
759 3366 847 3431 qui
879 3365 1165 3432 splendeat,
1200 3381 1333 3414 unus
1368 3371 1419 3414 et
1453 3364 1588 3413 alter

269 3444 526 3497 Adseritur
553 3460 779 3512 pannus,
814 3461 928 3496 cum
962 3446 1107 3497 lucas
1142 3451 1193 3496 et
1229 3461 1326 3497 ara
1358 3444 1568 3495 Dianae
