2170 3866
1206 283 1334 341 464

427 430 563 482 erit‘!
598 445 860 495 quemnam
893 433 1203 482 mortuorum
1237 431 1455 498 primum
1484 431 1639 480 comis
1662 436 1879 497 spargat,
1912 423 2114 482 matris-

425 527 491 562 ue
535 511 689 561 ubera
735 526 796 559 an
829 511 1030 560 vulnera
1076 511 1329 562 fratrum‘!
1371 512 1425 562 In
1470 512 1566 561 hac
1612 513 1775 562 luctus
1807 512 2116 562 vehementia

425 606 598 641 senem
633 605 837 640 coecum
861 607 919 640 sc
954 591 1266 658 decrepitum
1303 592 1467 659 puella
1501 592 1783 641 miserrima
1818 592 2115 641 clamoribus

428 688 488 721 ex
525 671 675 720 domo
710 677 974 736 provocat:
1012 675 1094 736 qui
1130 689 1191 722 ex
1226 674 1541 722 tenebricoso
1573 672 1804 722 cubiculo
1839 670 1974 721 solus
2009 672 2115 721 sine

425 753 553 802 duce
599 754 997 817 progressus*),
1056 754 1231 802 baculo
1281 754 1505 815 innixus,
1555 755 1758 803 umbrae
1807 768 1954 817 quam
2005 766 2115 800 cor·

423 832 535 898 pori
570 831 799 891 similior,
850 832 1007 880 diram
1044 834 1370 881 calamitatem
1408 850 1494 883 sua
1531 834 1605 882 ira
1640 833 1871 881 effectam
1906 831 1989 880 vix
2022 847 2116 880 co-

421 913 606 977 gnovit,
641 928 750 961 cum
789 912 946 976 patria
982 913 1223 961 excedere
1248 930 1337 977 per
1363 914 1647 974 Creontem,
1684 913 1886 962 minime
1915 911 2115 975 quidem

419 993 645 1058 impium,
680 993 770 1040 sed
807 994 1060 1055 responsis
1090 992 1316 1043 Tiresiae
1352 1002 1624 1059 parentem,
1659 995 1875 1044 iubetur.
1946 991 2117 1044 Voluit

421 1073 691 1138 Euripides
725 1074 830 1120 irae
863 1072 1063 1121 insanae
1097 1079 1246 1136 atque
1279 1074 1653 1138 intemperantis
1688 1074 1907 1122 fructum
1944 1088 2112 1122 exem-

421 1153 506 1220 plo
553 1169 701 1217 quam
747 1153 960 1200 maxime
995 1153 1174 1219 insigni
1209 1154 1490 1204 ostendere.
1561 1155 1703 1203 Haec
1737 1153 1866 1203 enim
1901 1153 1975 1202 ira
2010 1169 2115 1202 ma-

421 1234 610 1294 lorum,
669 1249 993 1298 quaecunque
1038 1234 1087 1281 in
1140 1234 1234 1283 bac
1282 1236 1535 1299 tragoedia
1579 1235 1836 1296 eveniunt,
1893 1234 2115 1283 omnium

421 1329 594 1363 caussa
629 1313 752 1371 fuit3
805 1321 856 1362 et
890 1314 1133 1379 poenituit
1167 1315 1274 1363 eius
1310 1315 1556 1380 Oedipum
1593 1316 1788 1381 ipsum,
1839 1315 1931 1364 sed
1978 1330 2112 1366 sero.

417 1394 635 1444 Multum
686 1394 912 1444 diversus
961 1394 1044 1444 bic
1079 1400 1156 1444 est
1190 1394 1507 1461 Oedipus,ab
1543 1411 1634 1456 eo,
1687 1410 1832 1459 quem
1868 1395 1920 1444 in
1954 1393 2112 1444 altera

420 1472 602 1538 Oedipi
637 1473 805 1523 fabula
834 1475 1099 1540 Euripides
1124 1476 1406 1528 effinxerat.
1475 1475 1782 1541 Vituperant
1804 1490 1918 1524 eum
1954 1490 2112 1523 accu-

419 1559 630 1618 santque
665 1570 867 1615 omnes,
914 1560 976 1604 ue
1023 1555 1212 1604 Iocasta
1257 1557 1458 1619 quidem
1494 1563 1732 1620 excepta,
1785 1560 1835 1604 et
1867 1555 2111 1604 acerrime

418 1634 660 1685 Tiresias,
731 1635 886 1684 Plane
919 1653 947 1684 a
982 1652 1101 1684 vero
1134 1636 1426 1686 aberrarunt
1459 1642 1509 1685 et
1544 1636 1830 1700 longissime
1863 1651 1892 1683 a
1935 1634 2110 1684 volun-

418 1719 519 1765 tate
566 1715 819 1781 Euripidis
877 1716 1194 1779 intelligenda
1250 1717 1394 1765 alieni
1450 1717 1655 1765 fuerunt
1714 1715 1799 1780 qui
1859 1714 2112 1764 abundare

419 1794 604 1861 Oedipi
654 1812 916 1861 personam
969 1797 1153 1860 opinati
1190 1803 1332 1856 sunt,
1375 1797 1426 1845 id
1461 1796 1591 1860 quod
1626 1800 1897 1862 praeeunte
1931 1795 2109 1844 eodem

416 1878 765 1942 grammatico,
820 1877 903 1940 qui
950 1875 1318 1943 τειχοσκοπίαν
1353 1882 1405 1926 et
1438 1878 1694 1925 introitum
1729 1876 1981 1940 Polynicis
2015 1875 2110 1924 im-

415 1956 800 2021 prudentissime
833 1957 1152 2021 vituperavit,
1200 1960 1530 2007 recentiorum
1566 1957 1710 2005 multi
1745 1956 1934 2006 creduli
1966 1955 2111 2005 affir-

415 2043 626 2087 marunt.
697 2037 938 2101 Oedipus,
974 2044 1029 2087 ut
1063 2039 1291 2103 princeps
1321 2043 1593 2102 auctorque
1626 2037 1726 2087 fuit
1759 2052 1944 2096 rerum,
1979 2052 2109 2100 quae

415 2123 716 2178 evenerunt,
760 2118 825 2166 ita
873 2119 1156 2168 necessario
1191 2120 1401 2168 interest
1435 2118 1662 2184 epilogo,
1715 2132 1812 2183 quo
1849 2116 1990 2181 quasi
2025 2133 2108 2166 ra-

415 2197 551 2245 tione
596 2198 745 2244 ducta
806 2215 887 2247 res
936 2206 1338 2248 consummantur
1382 2205 1532 2263 atque
1579 2198 1914 2247 absolvuntur.
1995 2197 2109 2246 Non

405 2275 510 2325 fuit
543 2275 810 2340 Euripides
845 2294 1054 2326 numero
1091 2294 1262 2326 eorum
1300 2284 1576 2342 poetarum,
1613 2277 1697 2339 qui
1730 2278 1976 2341 portentis
2003 2277 2109 2326 ani-

414 2372 524 2406 mos
572 2363 908 2422 spectatorum
957 2362 1232 2417 terrerent,
1277 2371 1423 2419 quum
1469 2371 1531 2403 ex
1570 2358 1777 2404 remotis
1813 2355 2107 2420 quibusdam

416 2437 630 2495 caussis,
675 2435 807 2485 velut
853 2438 1045 2486 scelere
1081 2439 1243 2501 aliquo
1279 2450 1603 2501 proavorum,
1654 2436 1781 2484 mala
1815 2442 2108 2501 repeterent

415 2522 468 2566 et
500 2516 664 2582 repeti
695 2532 881 2581 poenas
916 2534 944 2565 a
977 2518 1109 2576 filiis,
1145 2533 1173 2565 a
1208 2517 1485 2580 nepotibus,
1521 2532 1548 2563 a
1583 2517 1798 2580 posteris
1826 2516 2107 2566 insontibus

414 2597 678 2662 fingerent.
770 2597 823 2646 ln
869 2602 1076 2662 pectore
1125 2597 1510 2660 uniuscuiusque
1558 2596 1748 2645 fontem
1795 2602 1900 2645 tum
1950 2595 2106 2645 bono-

414 2693 526 2726 rum
574 2682 679 2727 tum
728 2678 977 2746 malorum⁴
1009 2694 1122 2727 esse
1157 2677 1416 2735 censebat,
1459 2692 1621 2739 neque
1655 2677 1812 2738 magis
1848 2676 2104 2741 prosperi-

413 2761 571 2807 tatem
606 2758 736 2807 vitae
771 2764 821 2806 et
855 2765 1082 2808 externas
1118 2757 1517 2814 commoditate-S,
1552 2772 1698 2819 quam
1719 2756 1971 2818 virtutem,
2008 2756 2104 2806 diis

414 2841 646 2902 acceptas
701 2838 995 2887 referendas
1051 2855 1195 2895 esse,
1255 2853 1418 2899 neque
1466 2836 1661 2901 culpam
1711 2836 1886 2900 culpae
1932 2836 2104 2885 insciiS

414 2918 700 2967 necessario
747 2919 942 2968 annecti
976 2920 1061 2980 iis,
1112 2919 1194 2982 qui
1228 2918 1475 2980 imperare
1517 2917 1611 2964 sibi
1646 2919 1698 2964 et
1732 2915 1980 2972 moderari
2016 2932 2104 2965 cu-

412 2996 567 3060 pidini
602 2997 931 3060 didicissent,
967 3014 1130 3062 neque
1164 2997 1472 3046 calamitates
1506 3001 1556 3045 et
1579 2995 1868 3055 infortunia,
1903 3002 1959 3044 ut
1983 3011 2103 3061 pec-

417 3080 639 3124 catorum
675 3079 946 3143 supplicia,
994 3095 1056 3127 ex
1091 3079 1165 3127 ira
1201 3077 1404 3125 deorum
1455 3092 1616 3140 neque
1657 3074 1949 3124 felicitatem
1983 3089 2102 3139 pro-

415 3156 832 3222 speritatemque,
879 3165 936 3208 ut
970 3159 1188 3224 praemia
1222 3156 1511 3222 probitatis,
1550 3171 1613 3204 ex
1645 3153 2101 3204 favorenuminum

473 3345 523 3400 *J
552 3346 705 3392 Schol.
736 3350 795 3392 ad
822 3364 865 3393 v.
895 3347 1030 3391 1539:
1076 3345 1195 3404 τάχα
1233 3346 1284 3391 δὲ
1321 3344 1492 3397 πάντες
1521 3342 1855 3402 (θεράποντες)
1898 3340 2099 3398 ἐξῆλθον

550 3418 723 3462 θεαταὶ
760 3420 981 3475 γενέσθαι
1019 3419 1112 3463 τῶν
1150 3415 1395 3477 παρόντων
1434 3416 1612 3460 κακῶν·
1662 3412 1735 3460 διὸ
1774 3411 2098 3471 μεμονωμένον

557 3486 850 3547 θεράποντος
873 3489 924 3537 τὸ
962 3490 1216 3542 Οἰδίποδος
1242 3487 1490 3548 πρόςωπον
1519 3486 1696 3542 ἔξεισιν.
