2124 3860
950 271 1071 329 281

171 421 266 472 His
298 433 394 469 non
429 417 642 482 vulgaria
676 420 824 483 atque
861 417 1132 483 aequabilia
1179 418 1445 465 metrorum
1489 427 1672 480 genera
1702 411 1845 462 adhi-

172 501 369 563 bentur,
405 500 562 564 qualia
598 503 711 547 sunt
745 498 971 562 glyconei
1005 513 1194 549 versus„
1231 496 1317 544 sed
1354 495 1484 544 varia
1520 500 1570 543 et
1602 492 1846 557 multipli-

172 582 278 638 cia,
348 596 474 645 quae
524 579 668 644 lege
728 579 942 625 soluta
992 578 1112 625 dixit
1157 576 1414 624 Horatius.
1501 575 1640 623 Haec
1680 578 1844 621 autem

175 662 334 710 omnia
383 676 478 708 non
528 660 588 707 ad
636 658 823 705 aurium
860 657 1012 704 solam
1050 656 1426 704 delectationem
1464 654 1681 717 quaesita
1716 656 1847 715 sunt,

173 742 263 790 sed
300 748 504 806 propter
539 739 813 802 argumenti
852 746 1071 785 naturam
1109 736 1404 785 necessaria.

305 819 686 870 Atheniensibus
733 816 830 863 hoc
879 817 1042 864 drama
1079 817 1414 881 spectantibus
1450 829 1545 862 non
1581 816 1848 877 potnerunt

174 917 269 950 non
318 900 367 947 in
415 898 702 957 memoriam
748 897 966 945 revocari
1013 897 1230 945 crudelia
1280 895 1494 944 facinora
1534 894 1700 959 paucis
1734 897 1848 941 ante

172 980 426 1029 mensibus
464 980 523 1025 ab
560 979 678 1042 ipsis
713 983 931 1042 patrata,
981 995 1090 1027 cum
1130 977 1298 1025 Melon
1333 976 1569 1031 insulam,
1608 973 1737 1022 nulla
1770 973 1847 1021 in-

172 1060 296 1109 iuria
331 1059 526 1117 affecti,
578 1059 891 1116 invadenteS,
927 1065 1201 1121 expugnata
1235 1057 1386 1116 urbe,
1422 1057 1639 1121 puberes
1675 1068 1846 1102 omnes

171 1140 532 1200 interficerent,
596 1138 830 1186 mulieres
881 1147 1045 1186 antem
1094 1154 1202 1185 cnm
1251 1139 1417 1201 pueris
1460 1137 1509 1184 in
1559 1135 1847 1183 servitutem

171 1220 475 1269 abducerent
525 1224 575 1266 et
620 1220 666 1266 in
709 1234 853 1282 agros
898 1234 988 1283 pro
1037 1218 1224 1264 colonis
1268 1219 1526 1265 mitterent
1562 1214 1747 1274 (Thuc.
1784 1211 1847 1275 V,

173 1300 330 1358 116.).
397 1299 502 1347 Nec
540 1299 728 1349 minore
764 1299 1058 1347 crudelitate
1094 1299 1141 1346 in
1180 1294 1521 1360 PlataeenseS‚
1558 1299 1606 1345 in
1645 1294 1846 1360 Mytile-

151 1381 348 1438 'naeos,
401 1380 450 1426 in
487 1379 752 1426 Scionaeos
787 1385 932 1427 autea
966 1379 1204 1427 saevitum
1253 1387 1362 1427 erat
1403 1377 1589 1434 (Thuc.
1627 1376 1686 1433 V,
1725 1377 1846 1435 32.)-

176 1459 263 1508 Sic
313 1459 410 1506 hoc
462 1475 660 1522 quoqne
708 1458 874 1507 drama
911 1460 970 1507 ad
1008 1460 1249 1525 pudorem
1296 1459 1482 1506 civibus
1517 1454 1849 1507 incutiendum

170 1546 509 1604 comparatum
555 1540 674 1587 fuit:
695 1554 701 1563 '
723 1547 774 1588 et
808 1541 1027 1590 Aethrae
1063 1541 1257 1604 quidem
1293 1555 1318 1586 a
1354 1539 1468 1587 filiis
1503 1539 1734 1586 liberatae
1769 1551 1850 1585 re-

171 1619 449 1684 ductaeque
495 1620 545 1668 in
593 1620 799 1667 Atticam
859 1619 1040 1668 nullam
1087 1628 1256 1667 noster
1302 1619 1421 1667 fecit
1463 1619 1761 1668 mentionem
1778 1615 1849 1681 *)‚

173 1708 344 1748 contra
378 1715 702 1763 quaecunque
736 1699 794 1746 ad
832 1700 1062 1747 invidiam
1099 1700 1402 1747 Graecorum
1433 1699 1745 1763 pertinebant
1773 1697 1851 1746 di-

172 1778 382 1842 ligenter
416 1781 686 1827 exornavit.
756 1779 868 1827 Hoc
902 1780 1061 1828 minus
1098 1780 1372 1827 mirandum
1408 1784 1512 1839 est,
1551 1778 1680 1844 quod
1714 1779 1851 1842 igno-

173 1858 416 1908 bilissimo
452 1866 628 1923 poetae
664 1876 692 1907 a
727 1861 1010 1908 certaminis
1045 1861 1241 1908 arbitris
1279 1866 1357 1908 est
1380 1861 1701 1924 postpositus,
1756 1858 1851 1908 Ce-

175 1945 334 1988 terum
372 1940 491 1988 illud
530 1940 908 2005 populiscitum,
943 1956 1039 2005 qno
1075 1940 1213 1988 Melii
1249 1940 1310 1988 ad
1345 1941 1732 1989 internecionem
1767 1939 1851 1988 de·

173 2019 262 2068 leti
297 2026 426 2078 sunt,
464 2020 767 2069 Alcibiadem
806 2021 1042 2069 habuisse
1063 2027 1313 2069 auctorem
1341 2018 1657 2086 traditur**).
1715 2019 1853 2067 Idem

175 2099 240 2147 ad
290 2100 569 2148 reddendos
616 2101 826 2149 infestos
862 2102 1186 2165 inimicosque
1237 2102 1565 2151 Athenienses
1599 2099 1854 2166 Spartanis

173 2184 226 2228 et
257 2181 587 2229 renovandum
626 2182 807 2229 bellum
842 2183 1005 2230 omnia
1042 2183 1239 2230 consilia
1278 2199 1362 2231 sna
1400 2181 1606 2230 contulit
1640 2197 1732 2230 nec
1767 2182 1851 2231 ab·

169 2259 363 2309 horruit
396 2276 423 2308 a
458 2260 633 2309 fraude
667 2262 1057 2311 malitiosissima
1093 2269 1242 2327 atque
1276 2262 1721 2326 impudentissima,
1756 2278 1854 2326 qua

172 2339 428 2399 efficeret,
492 2346 545 2389 ut
593 2343 768 2391 horum
819 2343 1060 2406 legati'ad
1115 2344 1353 2393 sanandas
1400 2344 1669 2392 discordias
1716 2342 1854 2392 missi

173 2436 328 2483 eaque
365 2428 613 2485 potestate
645 2424 872 2486 praediti,
915 2431 970 2472 ut
1005 2426 1068 2473 de
1103 2426 1327 2472 omnibus
1363 2426 1706 2484 decernerent,
1741 2429 1852 2474 tan-

174 2515 319 2564 quam
356 2502 661 2551 fraudulenti
699 2504 1041 2568 bilinguesque
1081 2503 1598 2569 repudiarentur***).
1668 2506 1852 2567 Quam-

173 2581 347 2629 obrem
391 2598 485 2630 non
532 2583 730 2655 dubito,
787 2583 911 2647 quin
955 2584 1014 2632 ad
1064 2585 1202 2633 illum
1256 2586 1564 2650 potissimum
1611 2586 1764 2634 verba
1803 2585 1854 2636 in

174 2660 370 2725 Ulyssis
407 2664 746 2712 contumeliam
783 2665 914 2712 dicta
949 2666 1244 2728 pertineant.

307 2741 490 2789 Iudicia
534 2760 561 2791 a
609 2745 859 2792 veteribus
905 2745 968 2793 de
1020 2746 1115 2794 hoc
1161 2747 1382 2795 dramate
1428 2747 1559 2796 facta
1605 2747 1854 2798 relaturus

172 2821 363 2871 initium
412 2821 540 2870 facio
576 2839 604 2870 a
639 2824 934 2885 scholiasta,
982 2843 1127 2889 quem
1181 2828 1511 2891 antiquiorum
1547 2830 1856 2892 quorundam

175 2903 538 2951 commentariis
587 2919 727 2951 usum
778 2921 890 2953 esse
936 2907 1051 2955 inde
1088 2907 1286 2971 colligo,
1339 2909 1469 2973 qnod
1520 2911 1579 2958 ad
1627 2927 1674 2959 v.
1713 2911 1856 2958 1165.

173 2981 559 3030 Eratosthenem
609 2985 729 3032 citat
774 2988 1163 3047 grammaticum.
1234 2988 1277 3036 ls
1328 2990 1478 3054 igitur
1511 2990 1651 3054 plura
1684 3006 1857 3054 repre-

173 3062 365 3121 hendit,
402 3062 490 3109 sed
527 3061 646 3110 levia
682 3051 841 3128 neilue
878 3083 1119 3117 summam
1154 3085 1262 3117 rem
1296 3071 1561 3131 tangentia,
1599 3078 1744 3134 atque
1780 3086 1857 3131 ea,

175 3157 302 3206 quae
346 3142 498 3190 facile
545 3145 734 3206 possint
776 3147 995 3199 refutari.
1064 3149 1284 3197 Primum
1321 3149 1473 3216 igitur
1503 3151 1552 3200 in
1587 3150 1856 3217 prooemiis

231 3323 282 3377 ²⁸)
311 3323 509 3367 Schoell.
540 3341 583 3380 p.
612 3325 683 3369 60.
742 3328 894 3372 Schol.
927 3330 1095 3372 Troad.
1128 3346 1172 3375 v.
1202 3330 1273 3373 31.

205 3394 288 3448 *ἢ
318 3394 546 3438 Plutarch.
580 3398 674 3439 Alc.
707 3413 744 3441 c.
775 3399 844 3441 16.
889 3401 1101 3443 Andocid.
1134 3417 1171 3445 c.
1204 3403 1300 3446 Alc.
1330 3417 1374 3459 p.
1405 3401 1504 3446 153.
1537 3403 1577 3455 §-
1606 3398 1676 3443 23.

174 3463 280 3519 ΉὋ
309 3465 455 3508 Thuc.
486 3467 536 3519 V,
563 3466 633 3509 45.
690 3469 808 3512 Plut.
841 3469 937 3516 Alc.
969 3487 1006 3514 c.
1039 3469 1107 3514 14.
