2124 3860
876 286 1000 346 359

239 433 349 487 τῶν
379 431 484 500 γὰρ
517 433 766 487 πλούτων
797 433 877 488 ὅδ’
913 438 1140 502 ἄριστος,

237 518 491 582 γενναῖον
523 514 671 582 λέχος
705 515 895 581 εὑρεῖν.

103 598 147 648 Ε
183 598 370 647 laetitia
415 598 576 646 subito
621 598 802 648 chorus
846 599 898 647 in
941 599 1170 647 timorem
1205 595 1472 646 coniicitur
1503 597 1674 647 nuntio
1707 597 1779 647 al-

103 678 202 727 lato
252 679 316 727 de
362 677 660 743 Aethiopum
696 678 1031 728 coniuratione
1063 677 1338 742 Phineique
1374 676 1584 730 insidiis,
1652 666 1781 728 Nar-

102 758 308 809 rationis
342 759 465 807 haec
499 763 759 807 servantur
790 759 1091 822 fragmenta:

232 839 424 903 ἄγοροι
456 838 571 887 κατ’
606 831 759 889 οἷκον
825 867 888 876 -
956 835 1095 905 ἀμφὶ
1127 836 1282 889 δαῖτα
1315 835 1406 890 καὶ

233 918 496 984 τράπεζαν
511 915 562 986 *)
694 947 760 955 -—
926 947 988 957 —
1157 947 1222 956 —-
1386 946 1451 955 —-

231 1076 432 1145 κρατὴρ
465 1074 769 1142 τέλειος**).

231 1159 524 1209 Perculsum
574 1160 670 1208 hoc
719 1158 887 1207 nuntio
926 1158 1143 1208 animum
1178 1160 1317 1208 chori
1352 1160 1570 1211 dochmii
1604 1165 1776 1212 cantus

100 1241 294 1294 numeri
328 1239 633 1303 significant:

229 1319 290 1370 τὸ
326 1316 608 1382 δαιμόνιον
642 1316 741 1383 οὐχ
774 1315 907 1380 ὁρᾶν
941 1314 1056 1366 ἔσθ’
1091 1313 1196 1383 ὅπῃ
1229 1316 1421 1383 μοίρας

229 1395 552 1462 διεξέρχεται,
612 1451 616 1454 Δ

233 1476 444 1544 στρέφει
478 1477 526 1529 δ’
562 1478 726 1528 ἄλλον
759 1477 937 1527 ἄλλοσ’
973 1474 1046 1536 εἰς
1081 1473 1283 1543 ἁμέραν
1296 1475 1424 1541 ***).

98 1560 255 1610 Anxie
299 1561 363 1608 de
410 1565 590 1608 eventu
635 1559 826 1622 quaerit
870 1558 1052 1607 chorus
1087 1559 1242 1607 altero
1275 1560 1444 1608 nuntio
1479 1575 1540 1608 ex
1573 1559 1776 1611 aedibus

98 1640 348 1707 regalibus
390 1641 691 1704 prodeunte:
1367 1697 1378 1708 ο

232 1719 406 1783 Quid
447 1721 592 1785 fit?
652 1716 910 1767 seditio
972 1717 1277 1778 tabetne,
1341 1735 1419 1768 an
1468 1736 1778 1770 numeros

933 1799 1286 1863 augisicat
1319 1801 1513 1849 suos?

99 1880 360 1928 Postremo
405 1877 680 1927 Minervam
727 1876 1050 1925 descendisse
1095 1884 1173 1939 et,
1229 1895 1337 1928 cum
1385 1880 1536 1929 finem
1583 1882 1776 1944 proelio

97 1958 435 2024 imposuisset,
472 1958 668 2006 futuros
703 1956 874 2005 Persei
908 1971 1050 2005 casus
1085 1974 1175 2007 nec
1208 1973 1305 2006 non
1339 1960 1486 2008 etiam
1521 1960 1775 2025 honorem,

98 2054 197 2104 quo
232 2038 477 2103 quondam
515 2037 832 2086 Andromeda
865 2052 1018 2085 usura
1050 2041 1186 2086 esset
1218 2039 1377 2088 stellis
1413 2040 1595 2101 addita,
1631 2058 1775 2105 prae-

96 2120 287 2169 dixisse
334 2119 556 2184 piuribus
604 2122 799 2166 constat
831 2117 1068 2178 testibus,
1119 2118 1258 2167 velut
1291 2120 1547 2171 Eratosth.
1582 2127 1634 2169 et
1667 2121 1776 2186 Hy-

96 2201 212 2267 gino
247 2199 282 2247 l.
319 2199 370 2258 l.,
405 2198 624 2246 Luciano
661 2199 724 2246 de
758 2197 917 2245 saltat.
953 2197 1003 2262 §.
1038 2200 1118 2245 44.
1155 2197 1232 2247 Cf.
1272 2199 1460 2248 Welck.
1500 2217 1547 2264 p.
1584 2203 1697 2250 666.

228 2278 577 2328 Andromedae
610 2277 826 2326 fabulam
862 2277 1014 2325 etiam
1050 2278 1324 2341 Sophocles
1359 2287 1648 2343 ornaverat,
1684 2298 1776 2331 cu-

94 2361 174 2411 ius
218 2364 594 2423 argumentum,
647 2373 744 2406 non
791 2357 998 2406 multum
1042 2358 1102 2406 ab
1152 2357 1454 2424 Euripideae
1501 2362 1775 2422 diversum,

98 2440 327 2504 Hyginus
361 2439 462 2486 fab.
490 2439 571 2485 64.
605 2437 887 2486 reddidisse
919 2437 1127 2485 videtur.
1196 2439 1359 2488 Huius
1393 2446 1558 2488 autem
1580 2457 1775 2492 carmen

98 2521 159 2569 ab
194 2519 449 2582 Euripidis
484 2533 636 2582 opere
670 2519 979 2567 obscuratum
1016 2523 1109 2566 est.
1174 2518 1398 2581 Longum
1430 2523 1508 2567 est
1528 2536 1774 2582 enarrare,

98 2615 247 2665 quam
293 2597 461 2646 multis
506 2613 748 2661 quamque
795 2597 1023 2662 gravibus
1067 2598 1277 2646 testibus
1321 2597 1477 2660 gloria
1524 2599 1774 2664 dramatiS,

101 2680 242 2729 cuius
288 2677 556 2741 Euripides
597 2684 771 2726 auctor
803 2676 922 2735 fuit,
973 2676 1280 2725 declaretur:
1318 2693 1523 2741 quorum
1570 2680 1772 2727 testium

99 2775 198 2809 non
231 2757 510 2807 levissimus
545 2762 624 2805 est
657 2758 1042 2823 Aristophanes,
1092 2757 1174 2821 qui
1209 2757 1382 2804 bonam
1417 2757 1547 2806 iliius
1580 2763 1776 2823 partem

98 2841 150 2889 in
195 2838 356 2886 risum*
386 2836 608 2884 detorsit.
675 2837 909 2887 Ceterum
957 2825 1123 2886 videas
1170 2852 1296 2900 quae
1330 2837 1379 2885 in
1412 2837 1539 2887 hanc
1573 2842 1774 2888 senten-

99 2921 216 2969 tiam
250 2915 512 2966 Fritzsche
541 2932 590 2980 p.
626 2917 738 2966 417.
775 2925 827 2968 et
861 2921 971 2967 508.
1015 2922 1068 2966 et
1102 2915 1392 2966 Welckerus
1424 2934 1474 2982 p.
1509 2921 1623 2969 668.
1670 2918 1774 2969 dis-

134 1460 167 1488 0‘

156 3122 209 3178 ²⁸²)
236 3120 379 3164 Bekk.
411 3119 573 3162 Anecd.
599 3133 643 3173 p.
659 3117 758 3171 339,
779 3117 821 3162 5.
862 3120 1051 3163 Bachm.
1071 3117 1286 3161 Anecd.1.
1304 3133 1348 3174 p.
1364 3116 1537 3174 24‚22:'
1561 3116 1773 3176 ἄγορος

235 3191 314 3236 καὶ
344 3185 566 3246 ἄγοροι·
597 3183 849 3244 Εὐριπίδης
873 3186 1162 3246 Ἀνδρομέδᾳ·

380 3260 425 3304 oi
450 3256 550 3303 κατ’
582 3255 709 3302 οἷκον
738 3257 972 3314 ἅμφιδὲτα
1001 3258 1078 3303 καὶ
1106 3257 1347 3314 τράπεζαν.

239 3332 470 3381 Αἰθίοπας
498 3329 718 3386 σημαίνει.
758 3329 826 3374 ef.
856 3330 986 3374 Ovid.
1014 3345 1057 3372 v.
1087 3327 1185 3371 762.

129 3403 208 3458 *ἢ
236 3402 422 3459 Fragm.
458 3401 527 3444 37.

101 3474 214 3528 ***)
244 3469 359 3531 ὁρᾶν
387 3470 485 3517 ἔσθ’
517 3466 611 3528 ὅπῃ
640 3469 797 3526 scripsi
816 3485 897 3526 pro
916 3468 1029 3530 ὁρᾷς
1056 3466 1163 3526 ὅπῃ.
