<?xml version="1.0" encoding="UTF-8"?>
<!DOCTYPE html PUBLIC "-//W3C//DTD XHTML 1.0 Transitional//EN"
    "http://www.w3.org/TR/xhtml1/DTD/xhtml1-transitional.dtd">
<html xmlns="http://www.w3.org/1999/xhtml" xml:lang="en" lang="en">
 <head>
  <title>
</title>
<meta http-equiv="Content-Type" content="text/html;charset=utf-8" />
  <meta name='ocr-system' content='tesseract 3.04.00' />
  <meta name='ocr-capabilities' content='ocr_page ocr_carea ocr_par ocr_line ocrx_word'/>
</head>
<body>
  <div class='ocr_page' id='page_1' title='image "./euripidesrestitu02hartuoft_0378.png"; bbox 0 0 2124 3860; ppageno 0'>
   <div class='ocr_carea' id='block_1_1' title="bbox 1064 274 1188 330">
    <p class='ocr_par' dir='ltr' id='par_1_1' title="bbox 1064 274 1188 330">
     <span class='ocr_line' id='line_1_1' title="bbox 1064 274 1188 330; baseline 0 0"><span class='ocrx_word' id='word_1_1' title='bbox 1064 274 1188 330; x_wconf 78' lang='lat'><strong>366</strong></span> 
     </span>
    </p>
   </div>
   <div class='ocr_carea' id='block_1_2' title="bbox 265 419 1950 3125">
    <p class='ocr_par' dir='ltr' id='par_1_2' title="bbox 265 419 1950 3125">
     <span class='ocr_line' id='line_1_2' title="bbox 286 419 1950 485; baseline -0.001 -11"><span class='ocrx_word' id='word_1_2' title='bbox 286 430 391 474; x_wconf 90' lang='lat' dir='ltr'><strong>tum</strong></span> <span class='ocrx_word' id='word_1_3' title='bbox 445 419 827 470; x_wconf 71' lang='lat' dir='ltr'><strong>mirabilioribus</strong></span> <span class='ocrx_word' id='word_1_4' title='bbox 882 419 1043 470; x_wconf 88' lang='lat' dir='ltr'><strong>modis</strong></span> <span class='ocrx_word' id='word_1_5' title='bbox 1086 436 1149 470; x_wconf 84' lang='lat' dir='ltr'><strong>ex</strong></span> <span class='ocrx_word' id='word_1_6' title='bbox 1199 419 1338 469; x_wconf 86' lang='lat' dir='ltr'><strong>malis</strong></span> <span class='ocrx_word' id='word_1_7' title='bbox 1395 420 1710 471; x_wconf 80' lang='lat' dir='ltr'><strong>internecivis</strong></span> <span class='ocrx_word' id='word_1_8' title='bbox 1753 425 1950 485; x_wconf 82' lang='lat' dir='ltr'><strong>servati,</strong></span> 
     </span>
     <span class='ocr_line' id='line_1_3' title="bbox 288 500 1950 567; baseline 0.001 -17"><span class='ocrx_word' id='word_1_9' title='bbox 288 518 429 567; x_wconf 90' lang='lat' dir='ltr'><strong>quam</strong></span> <span class='ocrx_word' id='word_1_10' title='bbox 478 506 533 549; x_wconf 88' lang='lat' dir='ltr'><strong>ut</strong></span> <span class='ocrx_word' id='word_1_11' title='bbox 565 501 749 550; x_wconf 77' lang='lat' dir='ltr'><strong>theatri</strong></span> <span class='ocrx_word' id='word_1_12' title='bbox 784 517 956 550; x_wconf 84' lang='lat' dir='ltr'><strong>caussa</strong></span> <span class='ocrx_word' id='word_1_13' title='bbox 994 501 1111 549; x_wconf 86' lang='lat' dir='ltr'><strong>talia</strong></span> <span class='ocrx_word' id='word_1_14' title='bbox 1142 500 1261 564; x_wconf 79' lang='lat' dir='ltr'><strong>fingi</strong></span> <span class='ocrx_word' id='word_1_15' title='bbox 1294 501 1461 551; x_wconf 89' lang='lat' dir='ltr'><strong>lateat.</strong></span> <span class='ocrx_word' id='word_1_16' title='bbox 1526 503 1620 551; x_wconf 85' lang='lat' dir='ltr'><strong>Ars</strong></span> <span class='ocrx_word' id='word_1_17' title='bbox 1655 507 1886 567; x_wconf 85' lang='lat' dir='ltr'><strong>quantum</strong></span> <span class='ocrx_word' id='word_1_18' title='bbox 1921 518 1950 551; x_wconf 88' lang='lat' dir='ltr'><strong>a</strong></span> 
     </span>
     <span class='ocr_line' id='line_1_4' title="bbox 287 581 1947 647; baseline 0.001 -16"><span class='ocrx_word' id='word_1_19' title='bbox 287 589 458 631; x_wconf 89' lang='lat' dir='ltr'><strong>natura</strong></span> <span class='ocrx_word' id='word_1_20' title='bbox 492 582 671 640; x_wconf 87' lang='lat' dir='ltr'><strong>distet,</strong></span> <span class='ocrx_word' id='word_1_21' title='bbox 718 581 996 646; x_wconf 77' lang='lat' dir='ltr'><strong>intelliges,</strong></span> <span class='ocrx_word' id='word_1_22' title='bbox 1046 581 1120 641; x_wconf 87' lang='lat' dir='ltr'><strong>si,</strong></span> <span class='ocrx_word' id='word_1_23' title='bbox 1155 587 1452 631; x_wconf 85' lang='lat' dir='ltr'><strong>structuram</strong></span> <span class='ocrx_word' id='word_1_24' title='bbox 1486 583 1640 647; x_wconf 88' lang='lat' dir='ltr'><strong>ipsam</strong></span> <span class='ocrx_word' id='word_1_25' title='bbox 1674 584 1947 633; x_wconf 74' lang='lat' dir='ltr'><strong>dramatum</strong></span> 
     </span>
     <span class='ocr_line' id='line_1_5' title="bbox 287 662 1949 729; baseline 0.002 -19"><span class='ocrx_word' id='word_1_26' title='bbox 287 662 629 723; x_wconf 72' lang='lat' dir='ltr'><strong>considerans,</strong></span> <span class='ocrx_word' id='word_1_27' title='bbox 679 663 891 728; x_wconf 89' lang='lat' dir='ltr'><strong>partium</strong></span> <span class='ocrx_word' id='word_1_28' title='bbox 929 679 1071 726; x_wconf 92' lang='lat' dir='ltr'><strong>quam</strong></span> <span class='ocrx_word' id='word_1_29' title='bbox 1104 662 1168 710; x_wconf 88' lang='lat' dir='ltr'><strong>sit</strong></span> <span class='ocrx_word' id='word_1_30' title='bbox 1203 667 1327 711; x_wconf 86' lang='lat' dir='ltr'><strong>stata</strong></span> <span class='ocrx_word' id='word_1_31' title='bbox 1361 663 1559 727; x_wconf 83' lang='lat' dir='ltr'><strong>fixaque</strong></span> <span class='ocrx_word' id='word_1_32' title='bbox 1592 665 1716 713; x_wconf 88' lang='lat' dir='ltr'><strong>ratio</strong></span> <span class='ocrx_word' id='word_1_33' title='bbox 1752 670 1949 729; x_wconf 85' lang='lat' dir='ltr'><strong>reputa-</strong></span> 
     </span>
     <span class='ocr_line' id='line_1_6' title="bbox 286 742 1948 808; baseline 0.002 -18"><span class='ocrx_word' id='word_1_34' title='bbox 286 742 433 791; x_wconf 87' lang='lat' dir='ltr'><strong>veris.</strong></span> <span class='ocrx_word' id='word_1_35' title='bbox 480 742 695 804; x_wconf 81' lang='lat' dir='ltr'><strong>Quarum</strong></span> <span class='ocrx_word' id='word_1_36' title='bbox 718 744 982 791; x_wconf 80' lang='lat' dir='ltr'><strong>formarum</strong></span> <span class='ocrx_word' id='word_1_37' title='bbox 1007 758 1099 791; x_wconf 92' lang='lat' dir='ltr'><strong>non</strong></span> <span class='ocrx_word' id='word_1_38' title='bbox 1127 743 1342 792; x_wconf 89' lang='lat' dir='ltr'><strong>alienum</strong></span> <span class='ocrx_word' id='word_1_39' title='bbox 1366 744 1555 793; x_wconf 88' lang='lat' dir='ltr'><strong>videtur</strong></span> <span class='ocrx_word' id='word_1_40' title='bbox 1575 745 1771 793; x_wconf 85' lang='lat' dir='ltr'><strong>nomina</strong></span> <span class='ocrx_word' id='word_1_41' title='bbox 1799 761 1948 808; x_wconf 80' lang='lat' dir='ltr'><strong>quae·-</strong></span> 
     </span>
     <span class='ocr_line' id='line_1_7' title="bbox 287 823 1949 888; baseline 0.002 -18"><span class='ocrx_word' id='word_1_42' title='bbox 287 823 398 871; x_wconf 83' lang='lat' dir='ltr'><strong>dam</strong></span> <span class='ocrx_word' id='word_1_43' title='bbox 442 823 539 871; x_wconf 91' lang='lat' dir='ltr'><strong>hoc</strong></span> <span class='ocrx_word' id='word_1_44' title='bbox 584 824 692 872; x_wconf 92' lang='lat' dir='ltr'><strong>loco</strong></span> <span class='ocrx_word' id='word_1_45' title='bbox 734 839 1010 872; x_wconf 86' lang='lat' dir='ltr'><strong>recensere.</strong></span> <span class='ocrx_word' id='word_1_46' title='bbox 1092 823 1420 888; x_wconf 80' lang='lat' dir='ltr'><strong>Prologus</strong></span> <span class='ocrx_word' id='word_1_47' title='bbox 1478 831 1554 873; x_wconf 91' lang='lat' dir='ltr'><strong>est</strong></span> <span class='ocrx_word' id='word_1_48' title='bbox 1611 825 1752 888; x_wconf 83' lang='lat' dir='ltr'><strong>quasi</strong></span> <span class='ocrx_word' id='word_1_49' title='bbox 1809 827 1949 873; x_wconf 84' lang='lat' dir='ltr'><strong>actus</strong></span> 
     </span>
     <span class='ocr_line' id='line_1_8' title="bbox 283 903 1950 968; baseline 0.002 -18"><span class='ocrx_word' id='word_1_50' title='bbox 283 903 487 967; x_wconf 87' lang='lat' dir='ltr'><strong>primus,</strong></span> <span class='ocrx_word' id='word_1_51' title='bbox 524 904 600 952; x_wconf 91' lang='lat' dir='ltr'><strong>cui</strong></span> <span class='ocrx_word' id='word_1_52' title='bbox 634 904 763 952; x_wconf 89' lang='lat' dir='ltr'><strong>inest</strong></span> <span class='ocrx_word' id='word_1_53' title='bbox 797 920 959 952; x_wconf 89' lang='lat' dir='ltr'><strong>rerum</strong></span> <span class='ocrx_word' id='word_1_54' title='bbox 997 904 1265 968; x_wconf 67' lang='lat' dir='ltr'><strong>expositio,</strong></span> <span class='ocrx_word' id='word_1_55' title='bbox 1314 904 1373 951; x_wconf 90' lang='lat' dir='ltr'><strong>ad</strong></span> <span class='ocrx_word' id='word_1_56' title='bbox 1411 905 1547 954; x_wconf 90' lang='lat' dir='ltr'><strong>chori</strong></span> <span class='ocrx_word' id='word_1_57' title='bbox 1582 920 1740 968; x_wconf 86' lang='lat' dir='ltr'><strong>usque</strong></span> <span class='ocrx_word' id='word_1_58' title='bbox 1773 904 1950 953; x_wconf 90' lang='lat' dir='ltr'><strong>introi-</strong></span> 
     </span>
     <span class='ocr_line' id='line_1_9' title="bbox 282 983 1948 1050; baseline 0.001 -19"><span class='ocrx_word' id='word_1_59' title='bbox 282 988 385 1032; x_wconf 89' lang='lat' dir='ltr'><strong>tum</strong></span> <span class='ocrx_word' id='word_1_60' title='bbox 422 985 691 1047; x_wconf 74' lang='lat' dir='ltr'><strong>pertinens,</strong></span> <span class='ocrx_word' id='word_1_61' title='bbox 759 984 852 1032; x_wconf 84' lang='lat' dir='ltr'><strong>Est</strong></span> <span class='ocrx_word' id='word_1_62' title='bbox 894 989 1060 1032; x_wconf 90' lang='lat' dir='ltr'><strong>autem</strong></span> <span class='ocrx_word' id='word_1_63' title='bbox 1109 983 1194 1031; x_wconf 91' lang='lat' dir='ltr'><strong>ille</strong></span> <span class='ocrx_word' id='word_1_64' title='bbox 1228 985 1287 1032; x_wconf 87' lang='lat' dir='ltr'><strong>ab</strong></span> <span class='ocrx_word' id='word_1_65' title='bbox 1322 985 1563 1050; x_wconf 81' lang='lat' dir='ltr'><strong>Euripide</strong></span> <span class='ocrx_word' id='word_1_66' title='bbox 1596 985 1948 1049; x_wconf 88' lang='lat' dir='ltr'><strong>amplificatus:</strong></span> 
     </span>
     <span class='ocr_line' id='line_1_10' title="bbox 281 1064 1947 1129; baseline 0.003 -18"><span class='ocrx_word' id='word_1_67' title='bbox 281 1064 471 1112; x_wconf 88' lang='lat' dir='ltr'><strong>alterno</strong></span> <span class='ocrx_word' id='word_1_68' title='bbox 517 1065 647 1112; x_wconf 91' lang='lat' dir='ltr'><strong>enim</strong></span> <span class='ocrx_word' id='word_1_69' title='bbox 695 1064 970 1127; x_wconf 79' lang='lat' dir='ltr'><strong>sermoni*)</strong></span> <span class='ocrx_word' id='word_1_70' title='bbox 1007 1066 1331 1114; x_wconf 77' lang='lat' dir='ltr'><strong>narrationem</strong></span> <span class='ocrx_word' id='word_1_71' title='bbox 1363 1065 1618 1129; x_wconf 83' lang='lat' dir='ltr'><strong>praemisit</strong></span> <span class='ocrx_word' id='word_1_72' title='bbox 1652 1065 1947 1116; x_wconf 89' lang='lat' dir='ltr'><strong>continuam.</strong></span> 
     </span>
     <span class='ocr_line' id='line_1_11' title="bbox 282 1141 1947 1209; baseline 0.001 -17"><span class='ocrx_word' id='word_1_73' title='bbox 282 1143 482 1207; x_wconf 84' lang='lat' dir='ltr'><strong>Reliqui</strong></span> <span class='ocrx_word' id='word_1_74' title='bbox 515 1151 655 1192; x_wconf 86' lang='lat' dir='ltr'><strong>actus</strong></span> <span class='ocrx_word' id='word_1_75' title='bbox 690 1144 816 1194; x_wconf 89' lang='lat' dir='ltr'><strong>binis</strong></span> <span class='ocrx_word' id='word_1_76' title='bbox 843 1144 1085 1192; x_wconf 89' lang='lat' dir='ltr'><strong>interiecti</strong></span> <span class='ocrx_word' id='word_1_77' title='bbox 1114 1145 1278 1194; x_wconf 91' lang='lat' dir='ltr'><strong>choris</strong></span> <span class='ocrx_word' id='word_1_78' title='bbox 1315 1144 1610 1209; x_wconf 86' lang='lat' dir='ltr'><strong>episodia</strong></span> <span class='ocrx_word' id='word_1_79' title='bbox 1645 1141 1947 1209; x_wconf 80' lang='grc' dir='ltr'><em>(ἐπειςόδια)</em></span> 
     </span>
     <span class='ocr_line' id='line_1_12' title="bbox 282 1221 1948 1289; baseline 0.001 -16"><span class='ocrx_word' id='word_1_80' title='bbox 282 1242 310 1273; x_wconf 88' lang='lat' dir='ltr'><strong>a</strong></span> <span class='ocrx_word' id='word_1_81' title='bbox 335 1221 654 1288; x_wconf 83' lang='lat' dir='ltr'><strong>personarum</strong></span> <span class='ocrx_word' id='word_1_82' title='bbox 679 1225 1025 1288; x_wconf 85' lang='lat' dir='ltr'><strong>prodeuntium</strong></span> <span class='ocrx_word' id='word_1_83' title='bbox 1052 1241 1253 1274; x_wconf 85' lang='lat' dir='ltr'><strong>accessu</strong></span> <span class='ocrx_word' id='word_1_84' title='bbox 1287 1225 1608 1289; x_wconf 83' lang='lat' dir='ltr'><strong>appellantur.</strong></span> <span class='ocrx_word' id='word_1_85' title='bbox 1661 1225 1813 1275; x_wconf 80' lang='lat' dir='ltr'><strong>Obori</strong></span> <span class='ocrx_word' id='word_1_86' title='bbox 1840 1241 1948 1274; x_wconf 87' lang='lat' dir='ltr'><strong>car-</strong></span> 
     </span>
     <span class='ocr_line' id='line_1_13' title="bbox 281 1303 1947 1370; baseline 0.002 -18"><span class='ocrx_word' id='word_1_87' title='bbox 281 1320 392 1353; x_wconf 92' lang='lat' dir='ltr'><strong>men</strong></span> <span class='ocrx_word' id='word_1_88' title='bbox 427 1303 668 1367; x_wconf 89' lang='lat' dir='ltr'><strong>primum,</strong></span> <span class='ocrx_word' id='word_1_89' title='bbox 721 1303 852 1367; x_wconf 92' lang='lat' dir='ltr'><strong>quod</strong></span> <span class='ocrx_word' id='word_1_90' title='bbox 897 1305 1175 1365; x_wconf 76' lang='lat' dir='ltr'><strong>ingrediens</strong></span> <span class='ocrx_word' id='word_1_91' title='bbox 1213 1310 1404 1362; x_wconf 72' lang='lat' dir='ltr'><strong>cantat.</strong></span> <span class='ocrx_word' id='word_1_92' title='bbox 1449 1306 1607 1370; x_wconf 91' lang='lat' dir='ltr'><strong>qualis</strong></span> <span class='ocrx_word' id='word_1_93' title='bbox 1655 1307 1719 1355; x_wconf 88' lang='lat' dir='ltr'><strong>sit</strong></span> <span class='ocrx_word' id='word_1_94' title='bbox 1763 1312 1814 1355; x_wconf 87' lang='lat' dir='ltr'><strong>et</strong></span> <span class='ocrx_word' id='word_1_95' title='bbox 1862 1322 1947 1355; x_wconf 89' lang='lat' dir='ltr'><strong>cu-</strong></span> 
     </span>
     <span class='ocr_line' id='line_1_14' title="bbox 279 1383 1950 1447; baseline 0.002 -15"><span class='ocrx_word' id='word_1_96' title='bbox 279 1385 469 1432; x_wconf 89' lang='lat' dir='ltr'><strong>iusnam</strong></span> <span class='ocrx_word' id='word_1_97' title='bbox 503 1384 578 1431; x_wconf 90' lang='lat' dir='ltr'><strong>rei</strong></span> <span class='ocrx_word' id='word_1_98' title='bbox 614 1399 786 1431; x_wconf 78' lang='lat' dir='ltr'><strong>caussa</strong></span> <span class='ocrx_word' id='word_1_99' title='bbox 832 1384 995 1432; x_wconf 83' lang='lat' dir='ltr'><strong>veniat</strong></span> <span class='ocrx_word' id='word_1_100' title='bbox 1039 1385 1292 1447; x_wconf 77' lang='lat' dir='ltr'><strong>aperiens,</strong></span> <span class='ocrx_word' id='word_1_101' title='bbox 1337 1384 1572 1447; x_wconf 80' lang='grc' dir='ltr'><em>πάροδος</em></span> <span class='ocrx_word' id='word_1_102' title='bbox 1618 1390 1724 1446; x_wconf 77' lang='lat' dir='ltr'><strong>est,</strong></span> <span class='ocrx_word' id='word_1_103' title='bbox 1769 1383 1950 1447; x_wconf 74' lang='grc' dir='ltr'><em>ἔξοδος</em></span> 
     </span>
     <span class='ocr_line' id='line_1_15' title="bbox 279 1463 1945 1528; baseline 0.002 -16"><span class='ocrx_word' id='word_1_104' title='bbox 279 1467 442 1512; x_wconf 89' lang='lat' dir='ltr'><strong>autem</strong></span> <span class='ocrx_word' id='word_1_105' title='bbox 491 1463 710 1511; x_wconf 89' lang='lat' dir='ltr'><strong>eiusdem</strong></span> <span class='ocrx_word' id='word_1_106' title='bbox 756 1463 906 1511; x_wconf 87' lang='lat' dir='ltr'><strong>verba</strong></span> <span class='ocrx_word' id='word_1_107' title='bbox 941 1467 1183 1524; x_wconf 84' lang='lat' dir='ltr'><strong>extrema,</strong></span> <span class='ocrx_word' id='word_1_108' title='bbox 1232 1481 1358 1528; x_wconf 89' lang='lat' dir='ltr'><strong>quae</strong></span> <span class='ocrx_word' id='word_1_109' title='bbox 1393 1470 1506 1513; x_wconf 90' lang='lat' dir='ltr'><strong>sunt</strong></span> <span class='ocrx_word' id='word_1_110' title='bbox 1540 1465 1775 1514; x_wconf 81' lang='lat' dir='ltr'><strong>dramatis</strong></span> <span class='ocrx_word' id='word_1_111' title='bbox 1811 1466 1945 1515; x_wconf 90' lang='lat' dir='ltr'><strong>clau-</strong></span> 
     </span>
     <span class='ocr_line' id='line_1_16' title="bbox 278 1538 1947 1604; baseline 0.002 -13"><span class='ocrx_word' id='word_1_112' title='bbox 278 1544 397 1591; x_wconf 84' lang='lat' dir='ltr'><strong>sula.</strong></span> <span class='ocrx_word' id='word_1_113' title='bbox 456 1538 812 1604; x_wconf 80' lang='grc' dir='ltr'><em>Ἐπιποέροδος</em></span> <span class='ocrx_word' id='word_1_114' title='bbox 842 1543 896 1591; x_wconf 85' lang='lat' dir='ltr'><strong>fit</strong></span> <span class='ocrx_word' id='word_1_115' title='bbox 946 1549 1030 1592; x_wconf 91' lang='lat' dir='ltr'><strong>aut</strong></span> <span class='ocrx_word' id='word_1_116' title='bbox 1063 1559 1173 1591; x_wconf 91' lang='lat' dir='ltr'><strong>cum</strong></span> <span class='ocrx_word' id='word_1_117' title='bbox 1209 1544 1443 1592; x_wconf 84' lang='lat' dir='ltr'><strong>discessit</strong></span> <span class='ocrx_word' id='word_1_118' title='bbox 1476 1545 1657 1593; x_wconf 89' lang='lat' dir='ltr'><strong>chorus</strong></span> <span class='ocrx_word' id='word_1_119' title='bbox 1692 1560 1750 1592; x_wconf 88' lang='lat' dir='ltr'><strong>ac</strong></span> <span class='ocrx_word' id='word_1_120' title='bbox 1783 1545 1947 1594; x_wconf 90' lang='lat' dir='ltr'><strong>denuo</strong></span> 
     </span>
     <span class='ocr_line' id='line_1_17' title="bbox 276 1623 1946 1688; baseline 0.002 -17"><span class='ocrx_word' id='word_1_121' title='bbox 276 1623 326 1672; x_wconf 89' lang='lat' dir='ltr'><strong>in</strong></span> <span class='ocrx_word' id='word_1_122' title='bbox 361 1624 666 1672; x_wconf 85' lang='lat' dir='ltr'><strong>orchestram</strong></span> <span class='ocrx_word' id='word_1_123' title='bbox 701 1623 851 1681; x_wconf 86' lang='lat' dir='ltr'><strong>redit,</strong></span> <span class='ocrx_word' id='word_1_124' title='bbox 886 1628 971 1671; x_wconf 86' lang='lat' dir='ltr'><strong>aut</strong></span> <span class='ocrx_word' id='word_1_125' title='bbox 1006 1639 1114 1671; x_wconf 91' lang='lat' dir='ltr'><strong>cum</strong></span> <span class='ocrx_word' id='word_1_126' title='bbox 1150 1623 1274 1671; x_wconf 90' lang='lat' dir='ltr'><strong>alter</strong></span> <span class='ocrx_word' id='word_1_127' title='bbox 1308 1623 1488 1672; x_wconf 91' lang='lat' dir='ltr'><strong>chorus</strong></span> <span class='ocrx_word' id='word_1_128' title='bbox 1513 1639 1602 1688; x_wconf 91' lang='lat' dir='ltr'><strong>pro</strong></span> <span class='ocrx_word' id='word_1_129' title='bbox 1627 1625 1861 1674; x_wconf 87' lang='lat' dir='ltr'><strong>comitatu</strong></span> <span class='ocrx_word' id='word_1_130' title='bbox 1896 1624 1946 1674; x_wconf 88' lang='lat' dir='ltr'><strong>in</strong></span> 
     </span>
     <span class='ocr_line' id='line_1_18' title="bbox 275 1702 1944 1768; baseline 0.001 -17"><span class='ocrx_word' id='word_1_131' title='bbox 275 1718 473 1752; x_wconf 85' lang='lat' dir='ltr'><strong>scenam</strong></span> <span class='ocrx_word' id='word_1_132' title='bbox 513 1703 772 1751; x_wconf 89' lang='lat' dir='ltr'><strong>adducitur</strong></span> <span class='ocrx_word' id='word_1_133' title='bbox 806 1702 896 1763; x_wconf 85' lang='lat' dir='ltr'><strong>(cf.</strong></span> <span class='ocrx_word' id='word_1_134' title='bbox 931 1702 989 1754; x_wconf 77' lang='lat' dir='ltr'><strong>T.</strong></span> <span class='ocrx_word' id='word_1_135' title='bbox 1022 1702 1081 1752; x_wconf 84' lang='grc' dir='ltr'><strong>ΙΙ.</strong></span> <span class='ocrx_word' id='word_1_136' title='bbox 1116 1719 1164 1766; x_wconf 88' lang='lat' dir='ltr'><strong>p.</strong></span> <span class='ocrx_word' id='word_1_137' title='bbox 1196 1702 1348 1767; x_wconf 79' lang='grc'><strong>238.).</strong></span> <span class='ocrx_word' id='word_1_138' title='bbox 1415 1704 1750 1768; x_wconf 81' lang='lat' dir='ltr'><strong>Quaecunque</strong></span> <span class='ocrx_word' id='word_1_139' title='bbox 1783 1708 1944 1753; x_wconf 89' lang='lat' dir='ltr'><strong>autem</strong></span> 
     </span>
     <span class='ocr_line' id='line_1_19' title="bbox 277 1782 1947 1847; baseline 0.001 -16"><span class='ocrx_word' id='word_1_140' title='bbox 277 1786 411 1831; x_wconf 89' lang='lat' dir='ltr'><strong>stans</strong></span> <span class='ocrx_word' id='word_1_141' title='bbox 458 1782 586 1831; x_wconf 90' lang='lat' dir='ltr'><strong>inter</strong></span> <span class='ocrx_word' id='word_1_142' title='bbox 617 1783 871 1847; x_wconf 78' lang='lat' dir='ltr'><strong>thymelen</strong></span> <span class='ocrx_word' id='word_1_143' title='bbox 918 1787 970 1831; x_wconf 94' lang='lat' dir='ltr'><strong>et</strong></span> <span class='ocrx_word' id='word_1_144' title='bbox 1013 1783 1255 1847; x_wconf 88' lang='lat' dir='ltr'><strong>pulpitum</strong></span> <span class='ocrx_word' id='word_1_145' title='bbox 1305 1783 1486 1832; x_wconf 89' lang='lat' dir='ltr'><strong>chorus</strong></span> <span class='ocrx_word' id='word_1_146' title='bbox 1523 1783 1661 1832; x_wconf 89' lang='lat' dir='ltr'><strong>binos</strong></span> <span class='ocrx_word' id='word_1_147' title='bbox 1695 1788 1835 1832; x_wconf 85' lang='lat' dir='ltr'><strong>actus</strong></span> <span class='ocrx_word' id='word_1_148' title='bbox 1869 1784 1947 1834; x_wconf 88' lang='lat' dir='ltr'><strong>iu-</strong></span> 
     </span>
     <span class='ocr_line' id='line_1_20' title="bbox 275 1860 1946 1927; baseline 0.001 -16"><span class='ocrx_word' id='word_1_149' title='bbox 275 1862 472 1911; x_wconf 89' lang='lat' dir='ltr'><strong>tercinit</strong></span> <span class='ocrx_word' id='word_1_150' title='bbox 506 1864 720 1912; x_wconf 86' lang='lat' dir='ltr'><strong>carmina</strong></span> <span class='ocrx_word' id='word_1_151' title='bbox 755 1860 979 1927; x_wconf 77' lang='grc' dir='ltr'><em>στάσιμα</em></span> <span class='ocrx_word' id='word_1_152' title='bbox 1012 1863 1347 1926; x_wconf 85' lang='lat' dir='ltr'><strong>appellantur:</strong></span> <span class='ocrx_word' id='word_1_153' title='bbox 1383 1864 1583 1922; x_wconf 79' lang='lat' dir='ltr'><strong>eadem,</strong></span> <span class='ocrx_word' id='word_1_154' title='bbox 1621 1864 1663 1911; x_wconf 90' lang='lat' dir='ltr'><strong>si</strong></span> <span class='ocrx_word' id='word_1_155' title='bbox 1698 1878 1811 1912; x_wconf 91' lang='lat' dir='ltr'><strong>cum</strong></span> <span class='ocrx_word' id='word_1_156' title='bbox 1847 1863 1946 1912; x_wconf 84' lang='lat' dir='ltr'><strong>sal-</strong></span> 
     </span>
     <span class='ocr_line' id='line_1_21' title="bbox 274 1940 1947 2009; baseline 0.002 -19"><span class='ocrx_word' id='word_1_157' title='bbox 274 1942 459 1990; x_wconf 87' lang='lat' dir='ltr'><strong>tatione</strong></span> <span class='ocrx_word' id='word_1_158' title='bbox 495 1943 751 1991; x_wconf 89' lang='lat' dir='ltr'><strong>coniuncta</strong></span> <span class='ocrx_word' id='word_1_159' title='bbox 786 1949 950 2006; x_wconf 90' lang='lat' dir='ltr'><strong>erant,</strong></span> <span class='ocrx_word' id='word_1_160' title='bbox 995 1940 1359 2009; x_wconf 79' lang='grc' dir='ltr'><em>ὑπορχήματα.</em></span> <span class='ocrx_word' id='word_1_161' title='bbox 1441 1941 1680 2008; x_wconf 82' lang='grc' dir='ltr'><em>Σκηνικὰ</em></span> <span class='ocrx_word' id='word_1_162' title='bbox 1715 1945 1818 1992; x_wconf 83' lang='lat' dir='ltr'><strong>sive</strong></span> <span class='ocrx_word' id='word_1_163' title='bbox 1851 1959 1947 2008; x_wconf 87' lang='grc' dir='ltr'><strong>μο-</strong></span> 
     </span>
     <span class='ocr_line' id='line_1_22' title="bbox 274 2019 1946 2088; baseline 0.002 -18"><span class='ocrx_word' id='word_1_164' title='bbox 274 2019 464 2087; x_wconf 78' lang='grc' dir='ltr'><em>νῳδίαι</em></span> <span class='ocrx_word' id='word_1_165' title='bbox 506 2028 620 2070; x_wconf 87' lang='lat' dir='ltr'><strong>sunt</strong></span> <span class='ocrx_word' id='word_1_166' title='bbox 665 2039 792 2086; x_wconf 88' lang='lat' dir='ltr'><strong>quae</strong></span> <span class='ocrx_word' id='word_1_167' title='bbox 840 2039 867 2071; x_wconf 88' lang='lat' dir='ltr'><strong>a</strong></span> <span class='ocrx_word' id='word_1_168' title='bbox 902 2024 1110 2072; x_wconf 84' lang='lat' dir='ltr'><strong>scenicis</strong></span> <span class='ocrx_word' id='word_1_169' title='bbox 1144 2025 1393 2073; x_wconf 88' lang='lat' dir='ltr'><strong>actoribus</strong></span> <span class='ocrx_word' id='word_1_170' title='bbox 1428 2029 1707 2073; x_wconf 87' lang='lat' dir='ltr'><strong>cantantur:</strong></span> <span class='ocrx_word' id='word_1_171' title='bbox 1755 2023 1946 2088; x_wconf 80' lang='lat' dir='ltr'><strong>eadem,</strong></span> 
     </span>
     <span class='ocr_line' id='line_1_23' title="bbox 275 2100 1947 2167; baseline 0.001 -18"><span class='ocrx_word' id='word_1_172' title='bbox 275 2101 358 2149; x_wconf 86' lang='lat' dir='ltr'><strong>ubi</strong></span> <span class='ocrx_word' id='word_1_173' title='bbox 404 2101 543 2150; x_wconf 91' lang='lat' dir='ltr'><strong>chori</strong></span> <span class='ocrx_word' id='word_1_174' title='bbox 591 2104 843 2165; x_wconf 89' lang='lat' dir='ltr'><strong>responsis</strong></span> <span class='ocrx_word' id='word_1_175' title='bbox 878 2103 1149 2153; x_wconf 87' lang='lat' dir='ltr'><strong>alternatim</strong></span> <span class='ocrx_word' id='word_1_176' title='bbox 1186 2105 1495 2166; x_wconf 89' lang='lat' dir='ltr'><strong>inciduntur,</strong></span> <span class='ocrx_word' id='word_1_177' title='bbox 1540 2100 1739 2167; x_wconf 85' lang='grc' dir='ltr'><strong>κομμοὶ</strong></span> <span class='ocrx_word' id='word_1_178' title='bbox 1770 2119 1947 2152; x_wconf 83' lang='lat' dir='ltr'><strong>vocan-</strong></span> 
     </span>
     <span class='ocr_line' id='line_1_24' title="bbox 272 2180 1946 2248; baseline 0.001 -19"><span class='ocrx_word' id='word_1_179' title='bbox 272 2187 366 2229; x_wconf 86' lang='lat' dir='ltr'><strong>tur.</strong></span> <span class='ocrx_word' id='word_1_180' title='bbox 448 2180 797 2245; x_wconf 81' lang='grc' dir='ltr'><em>Κουρίσματα</em></span> <span class='ocrx_word' id='word_1_181' title='bbox 843 2188 955 2231; x_wconf 88' lang='lat' dir='ltr'><strong>sunt</strong></span> <span class='ocrx_word' id='word_1_182' title='bbox 1001 2185 1187 2232; x_wconf 89' lang='lat' dir='ltr'><strong>cantica</strong></span> <span class='ocrx_word' id='word_1_183' title='bbox 1233 2183 1454 2246; x_wconf 82' lang='lat' dir='ltr'><strong>lugubria</strong></span> <span class='ocrx_word' id='word_1_184' title='bbox 1501 2201 1610 2233; x_wconf 87' lang='lat' dir='ltr'><strong>cum</strong></span> <span class='ocrx_word' id='word_1_185' title='bbox 1660 2183 1946 2248; x_wconf 86' lang='lat' dir='ltr'><strong>capillorum</strong></span> 
     </span>
     <span class='ocr_line' id='line_1_25' title="bbox 273 2258 1944 2327; baseline 0.001 -20"><span class='ocrx_word' id='word_1_186' title='bbox 273 2258 582 2321; x_wconf 89' lang='lat' dir='ltr'><strong>desectione,</strong></span> <span class='ocrx_word' id='word_1_187' title='bbox 632 2262 848 2324; x_wconf 89' lang='lat' dir='ltr'><strong>itemque</strong></span> <span class='ocrx_word' id='word_1_188' title='bbox 892 2261 1041 2325; x_wconf 81' lang='grc' dir='ltr'><em>λόγοι</em></span> <span class='ocrx_word' id='word_1_189' title='bbox 1085 2261 1567 2327; x_wconf 78' lang='grc' dir='ltr'><em>κουρισμοίτων**).</em></span> <span class='ocrx_word' id='word_1_190' title='bbox 1647 2264 1787 2310; x_wconf 86' lang='lat' dir='ltr'><strong>Haec</strong></span> <span class='ocrx_word' id='word_1_191' title='bbox 1836 2261 1944 2325; x_wconf 91' lang='lat' dir='ltr'><strong>qui-</strong></span> 
     </span>
     <span class='ocr_line' id='line_1_26' title="bbox 273 2337 1944 2400; baseline 0.002 -15"><span class='ocrx_word' id='word_1_192' title='bbox 273 2337 385 2386; x_wconf 89' lang='lat' dir='ltr'><strong>dem</strong></span> <span class='ocrx_word' id='word_1_193' title='bbox 443 2344 672 2388; x_wconf 86' lang='lat' dir='ltr'><strong>cantuum</strong></span> <span class='ocrx_word' id='word_1_194' title='bbox 734 2346 846 2390; x_wconf 87' lang='lat' dir='ltr'><strong>sunt</strong></span> <span class='ocrx_word' id='word_1_195' title='bbox 903 2342 1122 2400; x_wconf 74' lang='lat' dir='ltr'><strong>nomina:</strong></span> <span class='ocrx_word' id='word_1_196' title='bbox 1184 2342 1454 2389; x_wconf 90' lang='lat' dir='ltr'><strong>orationum</strong></span> <span class='ocrx_word' id='word_1_197' title='bbox 1508 2346 1668 2389; x_wconf 90' lang='lat' dir='ltr'><strong>autem</strong></span> <span class='ocrx_word' id='word_1_198' title='bbox 1730 2342 1944 2388; x_wconf 84' lang='lat' dir='ltr'><strong>haecce:</strong></span> 
     </span>
     <span class='ocr_line' id='line_1_27' title="bbox 273 2414 1946 2485; baseline 0.001 -19"><span class='ocrx_word' id='word_1_199' title='bbox 273 2414 426 2484; x_wconf 77' lang='grc' dir='ltr'><em>ῥῆσις</em></span> <span class='ocrx_word' id='word_1_200' title='bbox 479 2419 693 2468; x_wconf 88' lang='lat' dir='ltr'><strong>narratio</strong></span> <span class='ocrx_word' id='word_1_201' title='bbox 751 2437 950 2480; x_wconf 72' lang='lat' dir='ltr'><strong>eorum,</strong></span> <span class='ocrx_word' id='word_1_202' title='bbox 1010 2421 1090 2482; x_wconf 89' lang='lat' dir='ltr'><strong>qui</strong></span> <span class='ocrx_word' id='word_1_203' title='bbox 1134 2420 1344 2484; x_wconf 88' lang='lat' dir='ltr'><strong>primum</strong></span> <span class='ocrx_word' id='word_1_204' title='bbox 1399 2422 1704 2485; x_wconf 88' lang='lat' dir='ltr'><strong>prodeuntes</strong></span> <span class='ocrx_word' id='word_1_205' title='bbox 1749 2421 1946 2480; x_wconf 75' lang='lat' dir='ltr'><strong>docent,</strong></span> 
     </span>
     <span class='ocr_line' id='line_1_28' title="bbox 272 2496 1945 2566; baseline 0.001 -19"><span class='ocrx_word' id='word_1_206' title='bbox 272 2498 470 2562; x_wconf 88' lang='lat' dir='ltr'><strong>quinam</strong></span> <span class='ocrx_word' id='word_1_207' title='bbox 507 2499 602 2548; x_wconf 83' lang='lat' dir='ltr'><strong>sint</strong></span> <span class='ocrx_word' id='word_1_208' title='bbox 635 2504 685 2548; x_wconf 87' lang='lat' dir='ltr'><strong>et</strong></span> <span class='ocrx_word' id='word_1_209' title='bbox 719 2501 859 2549; x_wconf 90' lang='lat' dir='ltr'><strong>cuius</strong></span> <span class='ocrx_word' id='word_1_210' title='bbox 894 2501 967 2550; x_wconf 88' lang='lat' dir='ltr'><strong>rei</strong></span> <span class='ocrx_word' id='word_1_211' title='bbox 1002 2515 1175 2547; x_wconf 87' lang='lat' dir='ltr'><strong>caussa</strong></span> <span class='ocrx_word' id='word_1_212' title='bbox 1209 2500 1407 2549; x_wconf 86' lang='lat' dir='ltr'><strong>veniant</strong></span> <span class='ocrx_word' id='word_1_213' title='bbox 1442 2497 1532 2566; x_wconf 74' lang='lat' dir='ltr'><strong>(cf.</strong></span> <span class='ocrx_word' id='word_1_214' title='bbox 1555 2498 1618 2550; x_wconf 88' lang='lat' dir='ltr'><strong>T.</strong></span> <span class='ocrx_word' id='word_1_215' title='bbox 1641 2499 1676 2547; x_wconf 89' lang='grc' dir='ltr'><strong>Ι.</strong></span> <span class='ocrx_word' id='word_1_216' title='bbox 1703 2516 1750 2563; x_wconf 91' lang='lat' dir='ltr'><strong>p.</strong></span> <span class='ocrx_word' id='word_1_217' title='bbox 1776 2496 1945 2560; x_wconf 81' lang='lat'><strong>323.);</strong></span> 
     </span>
     <span class='ocr_line' id='line_1_29' title="bbox 270 2575 1944 2644; baseline 0.001 -18"><span class='ocrx_word' id='word_1_218' title='bbox 270 2575 492 2643; x_wconf 79' lang='grc' dir='ltr'><em>ἄμοιβαί</em></span> <span class='ocrx_word' id='word_1_219' title='bbox 524 2595 778 2627; x_wconf 87' lang='lat' dir='ltr'><strong>sermones</strong></span> <span class='ocrx_word' id='word_1_220' title='bbox 813 2579 1011 2639; x_wconf 86' lang='lat' dir='ltr'><strong>alterni;</strong></span> <span class='ocrx_word' id='word_1_221' title='bbox 1056 2577 1204 2644; x_wconf 84' lang='grc' dir='ltr'><strong><em>λόγοι</em></strong></span> <span class='ocrx_word' id='word_1_222' title='bbox 1239 2580 1484 2628; x_wconf 86' lang='lat' dir='ltr'><strong>orationes</strong></span> <span class='ocrx_word' id='word_1_223' title='bbox 1524 2580 1804 2638; x_wconf 72' lang='lat' dir='ltr'><strong>continuae:</strong></span> <span class='ocrx_word' id='word_1_224' title='bbox 1850 2579 1944 2642; x_wconf 79' lang='grc' dir='ltr'><strong>ἄγ-</strong></span> 
     </span>
     <span class='ocr_line' id='line_1_30' title="bbox 271 2655 1944 2723; baseline -0.001 -15"><span class='ocrx_word' id='word_1_225' title='bbox 271 2660 422 2721; x_wconf 81' lang='grc' dir='ltr'><em>γελος</em></span> <span class='ocrx_word' id='word_1_226' title='bbox 465 2663 518 2707; x_wconf 88' lang='lat' dir='ltr'><strong>et</strong></span> <span class='ocrx_word' id='word_1_227' title='bbox 564 2655 834 2723; x_wconf 75' lang='grc' dir='ltr'><em>ἐξάγγελος</em></span> <span class='ocrx_word' id='word_1_228' title='bbox 886 2675 1051 2708; x_wconf 90' lang='lat' dir='ltr'><strong>rerum</strong></span> <span class='ocrx_word' id='word_1_229' title='bbox 1104 2661 1182 2708; x_wconf 82' lang='lat' dir='ltr'><strong>vel</strong></span> <span class='ocrx_word' id='word_1_230' title='bbox 1226 2660 1348 2708; x_wconf 86' lang='lat' dir='ltr'><strong>foris</strong></span> <span class='ocrx_word' id='word_1_231' title='bbox 1395 2659 1471 2707; x_wconf 81' lang='lat' dir='ltr'><strong>vel</strong></span> <span class='ocrx_word' id='word_1_232' title='bbox 1521 2659 1655 2708; x_wconf 86' lang='lat' dir='ltr'><strong>intus</strong></span> <span class='ocrx_word' id='word_1_233' title='bbox 1697 2662 1944 2722; x_wconf 80' lang='lat' dir='ltr'><strong>gestarum</strong></span> 
     </span>
     <span class='ocr_line' id='line_1_31' title="bbox 272 2737 1944 2804; baseline -0.002 -17"><span class='ocrx_word' id='word_1_234' title='bbox 272 2740 515 2799; x_wconf 82' lang='lat' dir='ltr'><strong>narrati03</strong></span> <span class='ocrx_word' id='word_1_235' title='bbox 588 2737 783 2799; x_wconf 84' lang='grc' dir='ltr'><em>σκοπός</em></span> <span class='ocrx_word' id='word_1_236' title='bbox 839 2738 1130 2804; x_wconf 82' lang='lat' dir='ltr'><strong>significatio</strong></span> <span class='ocrx_word' id='word_1_237' title='bbox 1189 2740 1322 2796; x_wconf 74' lang='lat' dir='ltr'><strong>eiuS,</strong></span> <span class='ocrx_word' id='word_1_238' title='bbox 1388 2740 1469 2802; x_wconf 86' lang='lat' dir='ltr'><strong>qui</strong></span> <span class='ocrx_word' id='word_1_239' title='bbox 1524 2752 1736 2803; x_wconf 80' lang='lat' dir='ltr'><strong>peregre</strong></span> <span class='ocrx_word' id='word_1_240' title='bbox 1796 2737 1944 2786; x_wconf 83' lang='lat' dir='ltr'><strong>adve-</strong></span> 
     </span>
     <span class='ocr_line' id='line_1_32' title="bbox 270 2815 1942 2884; baseline -0.001 -18"><span class='ocrx_word' id='word_1_241' title='bbox 270 2819 462 2867; x_wconf 87' lang='lat' dir='ltr'><strong>nientes</strong></span> <span class='ocrx_word' id='word_1_242' title='bbox 510 2820 573 2869; x_wconf 91' lang='lat' dir='ltr'><strong>de</strong></span> <span class='ocrx_word' id='word_1_243' title='bbox 613 2820 815 2884; x_wconf 87' lang='lat' dir='ltr'><strong>specula</strong></span> <span class='ocrx_word' id='word_1_244' title='bbox 860 2819 1126 2883; x_wconf 82' lang='lat' dir='ltr'><strong>prospicit3</strong></span> <span class='ocrx_word' id='word_1_245' title='bbox 1185 2815 1402 2882; x_wconf 79' lang='grc' dir='ltr'><em>σάλπιγξ</em></span> <span class='ocrx_word' id='word_1_246' title='bbox 1449 2817 1752 2883; x_wconf 89' lang='lat' dir='ltr'><strong>proeliorum</strong></span> <span class='ocrx_word' id='word_1_247' title='bbox 1807 2831 1942 2865; x_wconf 89' lang='lat' dir='ltr'><strong>com-</strong></span> 
     </span>
     <span class='ocr_line' id='line_1_33' title="bbox 270 2888 1945 2963; baseline -0.001 -19"><span class='ocrx_word' id='word_1_248' title='bbox 270 2888 844 2963; x_wconf 45' lang='lat' dir='ltr'><strong>missorumjx&#39;positim</strong></span> <span class='ocrx_word' id='word_1_249' title='bbox 879 2896 1051 2962; x_wconf 84' lang='grc' dir='ltr'><strong><em>φύλαξ</em></strong></span> <span class='ocrx_word' id='word_1_250' title='bbox 1089 2898 1351 2947; x_wconf 91' lang='lat' dir='ltr'><strong>custodum</strong></span> <span class='ocrx_word' id='word_1_251' title='bbox 1393 2898 1580 2947; x_wconf 88' lang='lat' dir='ltr'><strong>relatio.</strong></span> <span class='ocrx_word' id='word_1_252' title='bbox 1645 2896 1789 2945; x_wconf 86' lang='lat' dir='ltr'><strong>Adde</strong></span> <span class='ocrx_word' id='word_1_253' title='bbox 1823 2897 1945 2944; x_wconf 86' lang='lat' dir='ltr'><strong>deos</strong></span> 
     </span>
     <span class='ocr_line' id='line_1_34' title="bbox 273 2975 1942 3044; baseline 0 -20"><span class='ocrx_word' id='word_1_254' title='bbox 273 2977 356 3040; x_wconf 90' lang='lat' dir='ltr'><strong>qni</strong></span> <span class='ocrx_word' id='word_1_255' title='bbox 401 2978 464 3026; x_wconf 89' lang='lat' dir='ltr'><strong>de</strong></span> <span class='ocrx_word' id='word_1_256' title='bbox 521 2980 746 3028; x_wconf 87' lang='lat' dir='ltr'><strong>machina</strong></span> <span class='ocrx_word' id='word_1_257' title='bbox 804 2979 1135 3044; x_wconf 76' lang='lat' dir='ltr'><strong>appellantur:</strong></span> <span class='ocrx_word' id='word_1_258' title='bbox 1187 2994 1346 3042; x_wconf 91' lang='lat' dir='ltr'><strong>neque</strong></span> <span class='ocrx_word' id='word_1_259' title='bbox 1403 2975 1676 3027; x_wconf 89' lang='lat' dir='ltr'><strong>omittenda</strong></span> <span class='ocrx_word' id='word_1_260' title='bbox 1719 2980 1799 3035; x_wconf 84' lang='lat' dir='ltr'><strong>est</strong></span> <span class='ocrx_word' id='word_1_261' title='bbox 1842 2987 1942 3024; x_wconf 83' lang='grc' dir='ltr'><strong>πα-</strong></span> 
     </span>
     <span class='ocr_line' id='line_1_35' title="bbox 265 3055 1508 3125; baseline -0.001 -19"><span class='ocrx_word' id='word_1_262' title='bbox 265 3055 508 3122; x_wconf 74' lang='grc' dir='ltr'><em>ράβασις,</em></span> <span class='ocrx_word' id='word_1_263' title='bbox 547 3059 609 3107; x_wconf 90' lang='lat' dir='ltr'><strong>de</strong></span> <span class='ocrx_word' id='word_1_264' title='bbox 644 3074 738 3122; x_wconf 87' lang='lat' dir='ltr'><strong>qua</strong></span> <span class='ocrx_word' id='word_1_265' title='bbox 773 3058 834 3111; x_wconf 90' lang='lat' dir='ltr'><strong>T.</strong></span> <span class='ocrx_word' id='word_1_266' title='bbox 870 3059 904 3108; x_wconf 90' lang='lat'><strong>1.</strong></span> <span class='ocrx_word' id='word_1_267' title='bbox 939 3076 988 3125; x_wconf 89' lang='lat' dir='ltr'><strong>p.</strong></span> <span class='ocrx_word' id='word_1_268' title='bbox 1023 3061 1104 3108; x_wconf 81' lang='grc'><strong>89.</strong></span> <span class='ocrx_word' id='word_1_269' title='bbox 1141 3058 1508 3123; x_wconf 84' lang='lat' dir='ltr'><strong>explicavimus.</strong></span> 
     </span>
    </p>
   </div>
   <div class='ocr_carea' id='block_1_3' title="bbox 336 3175 491 3182">
    <p class='ocr_par' dir='ltr' id='par_1_3' title="bbox 336 3175 491 3182">
     <span class='ocr_line' id='line_1_36' title="bbox 336 3175 491 3182; baseline 0 0"><span class='ocrx_word' id='word_1_270' title='bbox 336 3175 491 3182; x_wconf 95' lang='lat' dir='ltr'><strong> </strong></span> 
     </span>
    </p>
   </div>
   <div class='ocr_carea' id='block_1_4' title="bbox 297 3237 1941 3517">
    <p class='ocr_par' dir='ltr' id='par_1_4' title="bbox 327 3237 1941 3371">
     <span class='ocr_line' id='line_1_37' title="bbox 327 3237 1941 3303; baseline -0.003 -16"><span class='ocrx_word' id='word_1_271' title='bbox 327 3246 376 3298; x_wconf 65' lang='lat'><strong>²⁸⁶)</strong></span> <span class='ocrx_word' id='word_1_272' title='bbox 405 3244 606 3287; x_wconf 82' lang='lat' dir='ltr'><strong>Crameri</strong></span> <span class='ocrx_word' id='word_1_273' title='bbox 633 3246 795 3289; x_wconf 87' lang='lat' dir='ltr'><strong>Anecd.</strong></span> <span class='ocrx_word' id='word_1_274' title='bbox 826 3248 884 3300; x_wconf 89' lang='grc' dir='ltr'><strong>Π,</strong></span> <span class='ocrx_word' id='word_1_275' title='bbox 915 3246 994 3290; x_wconf 74' lang='lat'><strong>192</strong></span> <span class='ocrx_word' id='word_1_276' title='bbox 1038 3243 1284 3303; x_wconf 82' lang='grc' dir='ltr'><em>ἆμοιβοιῒον</em></span> <span class='ocrx_word' id='word_1_277' title='bbox 1326 3243 1377 3288; x_wconf 81' lang='grc' dir='ltr'><strong>δέ</strong></span> <span class='ocrx_word' id='word_1_278' title='bbox 1416 3242 1511 3288; x_wconf 82' lang='grc' dir='ltr'><em>ἐστι</em></span> <span class='ocrx_word' id='word_1_279' title='bbox 1550 3239 1602 3286; x_wconf 82' lang='grc' dir='ltr'><strong>τὸ</strong></span> <span class='ocrx_word' id='word_1_280' title='bbox 1635 3238 1863 3300; x_wconf 73' lang='grc' dir='ltr'><em>προλόγου</em></span> <span class='ocrx_word' id='word_1_281' title='bbox 1894 3237 1941 3292; x_wconf 77' lang='grc' dir='ltr'><strong>ἐξ</strong></span> 
     </span>
     <span class='ocr_line' id='line_1_38' title="bbox 411 3310 892 3371; baseline -0.015 -5"><span class='ocrx_word' id='word_1_282' title='bbox 411 3310 607 3369; x_wconf 68' lang='grc' dir='ltr'><strong>Ωῗμθίβῆς</strong></span> <span class='ocrx_word' id='word_1_283' title='bbox 637 3317 892 3371; x_wconf 79' lang='grc' dir='ltr'><em>λεγόμενον.</em></span> 
     </span>
    </p>

    <p class='ocr_par' dir='ltr' id='par_1_5' title="bbox 297 3375 1938 3517">
     <span class='ocr_line' id='line_1_39' title="bbox 297 3375 1938 3441; baseline -0.005 -13"><span class='ocrx_word' id='word_1_284' title='bbox 297 3383 374 3439; x_wconf 49' lang='grc' dir='ltr'><strong>Ἠ)</strong></span> <span class='ocrx_word' id='word_1_285' title='bbox 402 3385 591 3428; x_wconf 87' lang='lat' dir='ltr'><strong>Tzetzes</strong></span> <span class='ocrx_word' id='word_1_286' title='bbox 618 3388 660 3431; x_wconf 88' lang='lat' dir='ltr'><strong>in</strong></span> <span class='ocrx_word' id='word_1_287' title='bbox 701 3388 904 3432; x_wconf 82' lang='lat' dir='ltr'><strong>crameri</strong></span> <span class='ocrx_word' id='word_1_288' title='bbox 932 3388 1094 3431; x_wconf 86' lang='lat' dir='ltr'><strong>Anecd.</strong></span> <span class='ocrx_word' id='word_1_289' title='bbox 1123 3386 1195 3440; x_wconf 86' lang='lat' dir='ltr'><strong>lv,</strong></span> <span class='ocrx_word' id='word_1_290' title='bbox 1223 3385 1328 3428; x_wconf 81' lang='lat'><strong>343:</strong></span> <span class='ocrx_word' id='word_1_291' title='bbox 1372 3382 1599 3441; x_wconf 72' lang='grc' dir='ltr'><em>κούρισμοι</em></span> <span class='ocrx_word' id='word_1_292' title='bbox 1627 3378 1667 3424; x_wconf 84' lang='grc' dir='ltr'><strong>δ’</strong></span> <span class='ocrx_word' id='word_1_293' title='bbox 1697 3375 1793 3435; x_wconf 81' lang='grc' dir='ltr'><strong><em>φ’δὴ</em></strong></span> <span class='ocrx_word' id='word_1_294' title='bbox 1826 3390 1938 3433; x_wconf 83' lang='grc' dir='ltr'><em>συμ-</em></span> 
     </span>
     <span class='ocr_line' id='line_1_40' title="bbox 404 3446 1933 3517; baseline -0.012 -9"><span class='ocrx_word' id='word_1_295' title='bbox 404 3456 553 3512; x_wconf 70' lang='grc' dir='ltr'><strong><em>φορᾶς</em></strong></span> <span class='ocrx_word' id='word_1_296' title='bbox 579 3458 876 3515; x_wconf 74' lang='grc' dir='ltr'><em>πληρεστάτη,</em></span> <span class='ocrx_word' id='word_1_297' title='bbox 906 3456 1080 3515; x_wconf 77' lang='grc' dir='ltr'><em>ταύτην</em></span> <span class='ocrx_word' id='word_1_298' title='bbox 1109 3449 1318 3517; x_wconf 72' lang='grc' dir='ltr'><em>ᾀδόντων</em></span> <span class='ocrx_word' id='word_1_299' title='bbox 1346 3451 1429 3505; x_wconf 77' lang='grc' dir='ltr'><strong>τὰς</strong></span> <span class='ocrx_word' id='word_1_300' title='bbox 1457 3453 1611 3510; x_wconf 73' lang='grc' dir='ltr'><em>τρίχας</em></span> <span class='ocrx_word' id='word_1_301' title='bbox 1629 3446 1933 3506; x_wconf 72' lang='grc' dir='ltr'><strong><em>κεκαρμὲνων.</em></strong></span> 
     </span>
    </p>
   </div>
  </div>
 </body>
</html>
