2124 3860
1063 271 1186 329 362

431 413 631 477 Septem
679 413 1014 481 Hesperide8‚
1050 417 1183 466 filiae
1216 419 1450 480 Atlantis,
1497 421 1654 472 forma
1688 428 1738 473 et
1770 424 1968 490 ingenio

298 499 624 558 praestantes,
659 510 769 543 cum
803 496 851 544 in
883 497 1041 546 hortis
1074 497 1325 560 luderent,
1359 516 1450 564 per
1482 502 1691 551 emissos
1726 504 1966 555 Busiridis

298 574 482 623 milites
514 576 751 640 abreptae
785 581 898 625 sunt
932 593 992 625 eo
1026 579 1245 639 consilio,
1287 584 1340 628 ut
1373 581 1558 629 domini
1594 582 1779 632 libidini
1812 587 1966 634 servi-

298 658 427 704 rent.
507 655 604 703 Sed
654 655 927 717 Hercules,
980 657 1248 707 latronibus
1286 675 1490 708 coenam
1527 661 1661 711 forte
1706 663 1755 711 in
1802 663 1966 715 littore

298 735 583 798 parantibus
616 736 902 799 insidiatus,
946 738 1159 803 virgines
1208 740 1433 788 liberavit
1479 747 1530 788 et
1564 743 1625 791 ad
1660 748 1850 806 patrem
1884 761 1965 793 re-

297 815 450 865 duxit.
531 815 670 864 Haec
716 817 983 866 memoriae
1029 819 1210 867 tradita
1255 835 1282 868 a
1332 819 1549 870 Diodoro
1599 822 1862 872 manifesto
1907 840 1966 873 ex

295 893 393 944 hoc
426 896 648 945 dramate
682 897 837 962 petita
872 903 998 946 sunt.

425 975 681 1040 Fingimus
715 977 864 1040 igitur
901 977 1201 1037 Herculem,
1253 979 1470 1029 liberatis
1505 981 1773 1047 virginibus
1808 983 1962 1032 inter-

293 1055 541 1119 fectisque
574 1056 915 1120 praedonibus,
948 1063 1087 1106 recta
1121 1059 1181 1106 ad
1218 1064 1475 1122 tyrannum
1510 1062 1671 1124 ipsum
1701 1062 1962 1112 delendum

293 1136 572 1202 profectum
623 1153 762 1198 esse,
812 1138 901 1186 sed
946 1154 1118 1202 parum
1162 1146 1358 1188 cautum
1394 1140 1444 1187 in
1479 1146 1779 1203 potestatem
1813 1143 1963 1192 deve-

293 1217 429 1265 nisse
476 1216 675 1265 Lamiae
721 1223 770 1266 et
814 1233 906 1283 pro
950 1218 1111 1266 hostia
1147 1219 1382 1268 traditum
1419 1235 1530 1268 esse
1565 1220 1792 1270 Busiridi.
1861 1222 1963 1270 Iam

294 1311 393 1345 non
456 1296 589 1344 illius
644 1297 785 1345 unius
847 1298 972 1357 vita,
1035 1298 1124 1346 sed
1174 1298 1513 1362 Hesperidum
1577 1317 1773 1365 quoque
1830 1302 1962 1350 salus

292 1377 342 1424 in
385 1375 649 1425 discrimen
695 1376 905 1426 adducta
951 1383 1072 1428 erat.
1154 1378 1250 1427 Hic
1293 1395 1460 1428 rerum
1506 1385 1662 1428 status
1702 1381 1959 1430 materiam

290 1455 564 1521 praebebat
620 1457 682 1504 ad
737 1457 953 1506 nefarios
1012 1464 1342 1507 monstrorum
1400 1474 1562 1507 mores
1620 1461 1959 1510 declarando&

292 1535 393 1586 Sed
441 1535 564 1584 ordo
613 1536 858 1587 actionum
905 1543 957 1587 et
1001 1539 1292 1603 compositio
1337 1538 1571 1588 dramatis
1617 1539 1774 1604 qualis
1808 1540 1961 1589 fuerit

289 1617 586 1682 ignoramus.

291 2065 575 2138 XVIII.
636 2066 747 2135 De
785 2064 1223 2135 mirabilibus
1255 2073 1329 2135 et
1358 2065 1588 2135 minus
1622 2065 1957 2159 probabi-

517 2171 700 2240 libus
748 2195 932 2263 quae
979 2171 1224 2240 insunt
1265 2172 1718 2241 carminibus.

421 2410 710 2461 Aristoteles
731 2410 780 2458 in
801 2415 935 2474 poet.
965 2427 1008 2458 c.
1034 2410 1113 2458 24.
1140 2406 1188 2471 §.
1217 2410 1262 2456 8.
1286 2409 1486 2473 scripsit
1513 2409 1725 2458 haecce:
1761 2411 1952 2473 „Decet

289 2493 339 2542 in
372 2490 624 2555 tragoedia
659 2490 853 2554 quidem
894 2490 1134 2554 effingere
1168 2490 1431 2547 mirabilia,
1478 2490 1632 2553 magis
1680 2506 1796 2539 vero
1831 2506 1950 2555 epo-

288 2572 463 2638 poeiae
505 2572 796 2621 conveniunt
842 2570 1176 2634 improbabilia
1225 2568 1306 2632 (ex
1353 2569 1528 2632 quibus
1575 2570 1788 2618 maxime
1833 2586 1950 2620 con-

289 2658 420 2701 stant
453 2651 712 2715 mirabilia)
747 2658 1034 2715 propterea,
1079 2648 1205 2712 quod
1241 2664 1335 2696 non
1369 2656 1444 2696 est
1477 2650 1528 2698 in
1564 2655 1831 2716 conspectu
1866 2650 1950 2714 qui

287 2733 385 2781 illis
421 2731 665 2795 fungitur:
701 2730 1092 2795 quandoquidem
1127 2728 1236 2784 illa,
1273 2744 1395 2790 quae
1429 2730 1478 2778 in
1511 2729 1740 2779 Hectoris
1775 2745 1948 2795 perse-

290 2813 485 2861 cutione
520 2812 779 2871 eveniunt,
829 2811 872 2857 si
907 2810 956 2856 in
991 2824 1134 2856 scena
1168 2814 1453 2872 agerentur,
1487 2825 1583 2858 non
1617 2815 1818 2872 possent
1849 2824 1948 2858 non

287 2891 446 2940 videri
489 2890 723 2951 ridicula,
771 2889 951 2937 milites
997 2888 1192 2952 quidem
1242 2894 1425 2936 stantes
1461 2894 1512 2937 et
1545 2905 1572 2935 a
1606 2888 1949 2952 persequendo

285 2972 429 3020 hoste
464 2970 782 3029 abstinentes,
825 2968 1039 3018 Achilles
1073 2974 1265 3025 autem,
1298 2983 1360 3015 ne
1394 2969 1645 3016 mitterent
1677 2967 1793 3027 tela,
1826 2972 1947 3015 nutu

287 3049 594 3113 significans:
647 3049 819 3097 eadem
866 3053 1060 3096 narrata
1109 3044 1297 3094 fallunt.
1374 3046 1617 3095 Mirabilia
1663 3038 1824 3095 autem
1868 3047 1946 3095 iu-

288 3129 448 3179 cunda
483 3134 622 3187 sunt,
659 3130 793 3176 cuius
828 3129 901 3176 rei
939 3127 1282 3175 documentum
1318 3134 1422 3186 est,
1459 3127 1589 3197 quod
1625 3126 1673 3174 in
1705 3124 1946 3173 narrando

289 3224 487 3270 omnes,
537 3209 673 3272 quasi
707 3207 914 3271 gratiam
948 3206 1156 3267 facturi,
1192 3206 1522 3271 amplificant;
1557 3208 1609 3254 et
1640 3204 1806 3252 docuit
1838 3203 1945 3251 Ho-

287 3304 452 3337 merus
486 3288 699 3336 maxime
730 3288 974 3352 reliquos,
1009 3286 1252 3350 quomodo
1288 3285 1483 3333 mentiri
1518 3285 1786 3348 oporteret.
1854 3281 1944 3329 Ni-

286 3367 405 3416 titur
458 3373 620 3416 autem
670 3367 794 3415 haec
848 3383 930 3415 res
979 3365 1104 3414 falsa
1157 3364 1588 3427 argumentatione.
1672 3360 1947 3425 Opinantur

289 3447 417 3495 euim
450 3447 704 3508 bombice,
752 3446 836 3494 ubi
881 3445 1013 3495 facta
1045 3448 1129 3493 aut
1163 3445 1417 3494 eveniente
1449 3443 1603 3492 altera
1635 3456 1690 3490 re
1721 3440 1830 3490 fieri
1862 3443 1947 3490 aut
