2170 3848
954 268 1034 326 57

158 417 392 471 ostendit.
439 417 568 467 Esse
602 415 729 466 enim
762 415 1040 465 hominibus
1076 413 1278 464 insitum
1315 430 1343 462 a
1377 413 1544 478 pueris
1578 412 1702 463 dixit
1723 418 1829 462 stn-

157 501 292 550 dium
326 497 575 557 imitaudi,
622 502 672 545 et
717 497 810 544 hac
856 513 910 544 re
956 496 1176 544 homines
1220 511 1248 541 a
1292 493 1494 557 reliquis
1541 493 1830 542 animalibus

156 579 388 639 differre,
433 577 563 642 quod
610 582 777 626 essent
821 575 1043 623 imitandi
1092 573 1255 638 cupidi
1291 578 1342 622 et
1376 574 1612 622 imitando
1645 574 1831 622 initium

155 660 383 709 facerent
416 658 650 707 discendi.
718 655 931 704 Alteram
968 670 1079 703 esse
1115 669 1355 712 caussam,
1393 654 1523 717 quod
1557 655 1832 703 imitamen-

158 740 224 789 tis
261 755 432 788 omues
468 739 769 804 gauderent,
806 735 943 783 cuius
977 735 1050 782 rei
1084 734 1274 798 signum
1312 749 1424 782 esse
1461 724 1588 798 quod
1624 735 1671 782 in
1707 750 1834 799 ope-

158 820 296 870 ribus
333 819 554 868 eveniret
584 816 828 880 opificum.
895 815 1034 876 Quae
1069 813 1197 862 enim
1233 814 1341 879 ipsa
1364 811 1523 876 (vera)
1558 828 1707 876 aegre
1730 814 1833 863 fer-

160 915 354 957 remus,
401 898 575 946 horum
624 911 714 944 nos
758 895 992 958 imagines
1029 894 1088 942 ad
1124 893 1382 941 veritatem
1418 910 1684 958 expressas
1720 909 1835 959 spe-

161 985 349 1028 ctantes
369 976 622 1036 delectari,
658 974 794 1022 velut
821 975 1105 1032 bestiarum,
1123 991 1243 1038 quas
1272 974 1627 1033 fastidii-emus,
1645 972 1834 1023 formas

159 1063 211 1108 et
243 1057 554 1105 cadaverum.
625 1055 778 1105 Cuius
826 1055 1164 1103 delectationis
1201 1070 1429 1104 caussam
1463 1055 1513 1102 in
1549 1053 1715 1103 studio
1748 1070 1836 1120 po-

159 1138 303 1187 sitam
340 1152 453 1186 esse
485 1136 725 1197 discendi,
762 1150 857 1200 quo
891 1151 986 1184 non
1021 1135 1204 1184 eruditi
1239 1135 1350 1193 soli,
1386 1135 1475 1183 sed
1511 1149 1683 1182 omnes
1720 1150 1835 1198 pro-

158 1217 350 1267 miscue
384 1216 699 1275 ducerentur,
735 1216 814 1263 alii
853 1216 1048 1280 penitus
1083 1215 1129 1264 ei
1165 1215 1350 1273 traditi,
1386 1214 1466 1262 alii
1486 1214 1661 1263 leviter
1684 1214 1834 1264 attin-

156 1305 345 1362 genteS.
413 1297 555 1345 Hanc
589 1296 720 1345 enim
757 1298 819 1345 ob
853 1312 961 1344 rem
996 1296 1234 1361 imagines
1269 1294 1539 1360 spectando
1575 1310 1664 1343 nos
1699 1294 1837 1345 dele—

159 1378 308 1437 ctari,
357 1378 487 1442 quod
532 1377 803 1441 spectando
839 1375 1145 1424 disceremus
1188 1382 1238 1424 et
1272 1376 1415 1440 quale
1450 1375 1669 1438 quidque
1703 1380 1838 1425 esset

158 1462 524 1523 reputaremus,
562 1458 808 1506 dicentes:
857 1456 938 1504 hic
974 1463 1052 1504 est
1085 1456 1195 1505 ille!
1265 1455 1387 1504 Nam
1426 1456 1516 1504 nisi
1552 1456 1686 1520 prius
1722 1471 1838 1505 vera

157 1537 466 1597 vidissemus,
499 1553 594 1586 non
628 1538 936 1586 imitamento
972 1552 1060 1585 nos
1097 1536 1347 1597 delectari,
1384 1536 1473 1584 sed
1510 1535 1720 1584 artificio
1754 1541 1840 1586 aut

162 1615 329 1666 colore
373 1623 458 1666 aut
503 1619 610 1667 aliis
658 1618 820 1666 rebus.
888 1615 1076 1666 Verum
1125 1633 1236 1666 cum
1272 1622 1477 1665 naturae
1512 1615 1610 1680 ipsi
1642 1616 1839 1666 insitum

161 1702 299 1745 esset
343 1696 564 1746 imitandi
609 1698 829 1746 studium
885 1698 1030 1745 simul
1079 1713 1191 1745 cum
1237 1703 1478 1746 concentu
1528 1712 1586 1744 ac
1632 1711 1839 1746 numero

162 1773 342 1840 (metra
378 1778 505 1825 enim
545 1778 810 1826 manifesto
849 1783 1014 1841 partes
1050 1793 1164 1826 esse
1199 1773 1556 1839 numerorum),
1594 1791 1623 1822 a
1657 1776 1838 1840 princi-

165 1857 250 1920 pio
286 1857 367 1921 qui
402 1858 462 1906 ad
497 1857 592 1905 hoc
628 1858 790 1920 ipsum
829 1857 1040 1905 maxime
1075 1858 1175 1905 nati
1209 1858 1423 1905 fuissent
1449 1856 1698 1919 paullatim
1722 1872 1839 1922 pro-

164 1937 401 1986 'vehentes
437 1938 606 2000 poesin
642 1953 704 1985 ex
739 1937 913 1985 subitis
950 1937 1281 1984 conaminibus
1315 1937 1563 1999 genuisse.

297 2016 349 2065 ln
383 2018 618 2065 discendo
664 2017 773 2081 ipso
819 2016 949 2064 nulla
982 2016 1111 2064 inest
1146 2015 1438 2073 delectatio,
1486 2032 1647 2081 neque
1679 2017 1839 2067 imita-

162 2100 330 2145 menta
364 2097 517 2159 magis
551 2112 694 2160 quam
730 2113 871 2145 veras
899 2112 979 2144 res
1002 2097 1271 2160 spectando
1292 2096 1544 2145 discimus.
1597 2096 1701 2145 Soli
1725 2098 1841 2150 ludo

160 2175 292 2226 inest
325 2175 603 2236 delectatio,
637 2192 799 2240 neque
834 2177 1070 2226 discendo
1104 2178 1247 2226 aliter
1279 2177 1617 2238 delectamur,
1668 2179 1842 2229 nisisi

163 2273 273 2305 cum
308 2256 521 2305 ludendo
556 2256 869 2306 coniunctum
905 2258 997 2316 sit,
1046 2264 1103 2306 ut
1147 2257 1320 2306 ludere
1362 2257 1494 2305 idem
1531 2258 1595 2307 sit
1630 2259 1843 2311 discere.

162 2335 305 2393 Ludo
340 2337 636 2386 contrarium
672 2342 750 2385 est
785 2353 929 2402 opus.
983 2337 1060 2385 Ad
1098 2337 1194 2385 hoc
1226 2337 1510 2385 faciendum
1546 2340 1843 2391 necessitate

164 2417 403 2483 cogimur,
440 2418 500 2465 ad
535 2417 676 2466 illum
711 2418 978 2466 ineundum
1010 2417 1262 2481 voluptate
1280 2417 1557 2468 invitamur.
1606 2419 1744 2484 Opus
1763 2421 1840 2469 fa-

164 2496 339 2546 ciendo
374 2497 556 2561 aliquid
604 2497 812 2547 efficere
857 2499 933 2546 vel
966 2514 1142 2564 parare
1176 2497 1460 2560 studemus,
1496 2500 1626 2563 quod
1661 2501 1728 2549 sit
1762 2500 1842 2550 vel

163 2578 497 2626 necessarium
533 2578 611 2627 vel
644 2578 796 2639 utile3
837 2578 951 2627 ludo
986 2579 1099 2627 finis
1136 2577 1429 2626 adventitius
1463 2585 1660 2642 praeter
1691 2596 1841 2630 occu-

161 2657 406 2720 pationem
443 2659 600 2723 ipsam
635 2660 796 2709 nullus
832 2666 907 2707 est
941 2659 1238 2724 propositus.
1286 2658 1542 2719 Ludimus,
1577 2667 1632 2709 ut
1663 2660 1842 2724 aliquid

164 2753 381 2801 agamus,
417 2740 643 2802 quoniam
677 2740 798 2788 nihil
833 2756 978 2804 agere
1005 2756 1098 2788 non
1123 2755 1403 2804 possumus,
1439 2740 1532 2788 nisi
1556 2745 1842 2805 torpeamus

166 2833 339 2866 somno
387 2820 461 2866 vel
510 2820 814 2870 lassitudine.
894 2820 1089 2870 Virium
1140 2821 1270 2868 enim
1315 2835 1491 2868 sensus
1541 2828 1618 2869 est
1664 2821 1843 2871 virium

167 2899 468 2948 exercitatio,
537 2900 840 2951 Exercemus
888 2901 1086 2966 quidem
1131 2902 1261 2948 vires
1305 2901 1451 2948 etiam
1494 2902 1728 2965 operibus
1763 2902 1842 2950 fa·

167 2979 386 3038 ciundis,
422 2980 508 3027 sed
544 2998 702 3045 neque
737 2999 845 3042 eas,
882 2982 1057 3045 quibus
1093 2980 1421 3040 abundamus,
1458 2998 1618 3044 neque
1653 2998 1842 3043 omneS,

169 3060 346 3124 quibus
377 3059 585 3123 praediti
614 3078 800 3116 sumus,
838 3063 1175 3126 aequabiliter,
1200 3062 1285 3110 sed
1307 3077 1406 3117 eas,
1432 3063 1609 3125 quibus
1633 3063 1693 3111 ad
1716 3079 1842 3125 rem,

169 3155 294 3203 quae
331 3141 583 3204 proposita
601 3149 692 3201 est,
727 3142 1036 3191 efficiendam
1074 3158 1196 3207 opus
1226 3149 1317 3192 est.
1364 3141 1510 3190 Unde
1529 3143 1602 3203 fit,
1621 3149 1693 3199 ut,
1730 3159 1843 3192 cum

168 3236 260 3285 par
307 3221 371 3268 sit
416 3221 587 3269 virium
622 3223 669 3269 in
705 3238 856 3287 opere
891 3230 1035 3285 atque
1068 3223 1117 3271 in
1152 3222 1268 3270 ludo
1304 3224 1580 3284 contentio,
1626 3223 1748 3271 illud
1782 3237 1845 3272 ex

170 3302 536 3350 continuatione
570 3303 746 3351 habeat
778 3302 1136 3367 fatigationem,
1172 3303 1253 3351 hic
1287 3319 1347 3351 ex
1372 3304 1607 3352 varietate
1631 3303 1842 3352 delecta-

169 3380 370 3431 tionem.
435 3382 720 3431 Accedente
762 3383 1086 3433 aemulatione
1137 3383 1399 3432 certamina
1443 3384 1762 3432 instituuntur
1794 3387 1847 3432 et

173 3462 458 3526 spectacula
502 3463 714 3515 eduntur
757 3462 1014 3527 ludorum,
1059 3464 1236 3529 quibus
1282 3478 1377 3514 non
1413 3464 1570 3515 solum
1606 3464 1691 3528 qui
1723 3479 1846 3530 spe-
