2170 3848
1103 229 1222 284 122

343 374 524 423 Partim
561 372 690 419 enim
722 371 846 419 lucri
881 372 1068 432 studio,
1114 373 1291 438 partim
1328 375 1682 436 aemulatione,
1729 393 1879 440 quum
1913 393 1999 427 an-

342 459 516 517 gantur
547 450 706 498 alieno
748 452 906 509 bono,
955 452 1228 502 laborantes
1273 453 1436 516 ipsae,
1480 455 1660 518 partim
1688 456 2003 520 ¹malignitate

343 548 400 580 ac
437 530 635 578 libidine
677 530 739 577 ad
775 531 925 578 malas
959 538 1089 580 artes
1136 533 1393 596 impellere
1428 540 1477 580 et
1512 534 1710 585 turbare
1743 536 2001 600 coniugio-

342 626 453 660 rum
501 610 900 671 tranquillitatem
955 611 1306 660 insusurrando
1352 612 1402 660 in
1436 628 1580 661 aures
1614 629 1688 676 ea,
1723 617 1896 678 quihus
1928 615 2002 663 ira

339 695 485 754 atque
519 689 760 753 cupiditas
793 689 1071 739 incitentur.

472 770 659 819 Summi
700 770 934 817 momenti
978 770 1100 818 haec
1143 775 1220 819 est
1254 772 1469 820 narratio
1502 773 1565 820 ad
1594 771 1897 822 Hermionae
1927 774 2001 821 in-

338 850 535 916 genium
569 848 992 911 perspiciendum,
1029 865 1300 915 magnaque
1335 851 1478 899 laude
1512 851 1686 915 dignus
1721 852 2002 916 Euripides,

341 930 471 994 quod
506 929 736 988 moribus,
775 934 1004 989 quantum
1041 929 1272 977 dramatis
1307 936 1477 979 natura
1511 933 1820 995 patiebatur,
1855 946 2001 979 accu-

338 1008 585 1058 ratissime
620 1007 955 1055 describendis
991 1025 1187 1072 operam
1223 1010 1359 1058 dedit
1381 1011 1463 1069 ita,
1500 1017 1554 1059 ut
1577 1012 1721 1060 etiam
1747 1011 1808 1058 ad
1838 1011 2002 1074 priora

337 1093 562 1151 tempora
582 1087 898 1143 recurrendo,
934 1089 1176 1155 quomodo
1201 1105 1280 1138 res
1309 1095 1452 1137 natae
1485 1096 1667 1150 essent,
1701 1090 2000 1139 ostenderet.

339 1167 483 1230 Quod
521 1166 563 1213 si
607 1182 683 1227 eo,
723 1182 816 1229 quo
854 1169 1007 1215 nostri
1046 1168 1238 1231 tragici,
1275 1169 1534 1234 Shaxperii
1577 1171 1785 1218 maxime
1831 1184 2000 1217 exem-

336 1246 472 1310 plum
500 1252 789 1308 sequentes,
834 1252 1034 1295 utuntur
1060 1248 1224 1299 studio
1253 1265 1567 1298 amoenorum
1602 1265 1659 1297 ac
1685 1247 2000 1297 diverticulo-

336 1342 443 1375 rum
485 1341 652 1374 amore
686 1331 978 1388 struuntque
1012 1328 1287 1392 tragoedias
1319 1345 1477 1393 paene
1508 1345 1606 1377 non
1648 1330 1820 1386 minus,
1857 1342 2000 1391 quam

338 1410 454 1454 sunt
479 1405 775 1469 epopoeiae‚
808 1405 965 1464 laxas,
1013 1406 1239 1470 Euripidi
1268 1409 1341 1456 uti
1366 1408 1611 1468 licuisset,
1632 1424 1790 1471 neque
1817 1406 2000 1455 rectis—

337 1487 458 1533 sima
488 1485 563 1532 via
598 1485 657 1532 ad
693 1485 839 1533 finem
890 1502 1087 1549 semper
1133 1488 1492 1551 properandum
1530 1488 1740 1546 fuisset,
1791 1501 1886 1535 non
1922 1490 2001 1534 est

336 1564 553 1621 dubium,
590 1565 704 1628 quin
740 1565 1034 1627 colloquium
1070 1566 1366 1615 Hermionae
1401 1575 1547 1632 atque
1574 1568 1762 1616 vicinae
1794 1567 1998 1615 alicuius

334 1644 588 1693 familiaris
624 1644 673 1691 in
707 1644 850 1691 initio
886 1645 1115 1693 dramatis
1150 1647 1401 1708 positurus
1435 1647 1627 1696 fuisset.

468 1723 680 1787 Cognita
738 1724 1035 1771 Hermionae
1092 1724 1341 1773 voluntate
1390 1725 1596 1775 Orestes
1654 1744 1743 1775 sua
1789 1727 1997 1775 invicem

336 1803 540 1853 consilia
587 1803 800 1866 explieat
846 1802 1170 1867 hortaturque
1215 1805 1378 1865 illam,
1432 1813 1489 1854 ut
1533 1822 1703 1856 secum
1738 1806 1902 1855 statim
1937 1805 1999 1853 ad

334 1881 613 1932 Menelaum
648 1883 849 1942 redeat,
895 1882 986 1930 sibi
1027 1889 1252 1947 nuptura.
1321 1885 1480 1946 Quum
1515 1885 1781 1934 Hermiona
1828 1885 2000 1934 matri-

335 1962 487 2012 monii
520 1962 716 2024 quidem
766 1976 932 2009 curam
969 1963 1123 2025 patris
1160 1963 1360 2010 arbitrio
1396 1980 1452 2012 se
1485 1966 1833 2028 permissuram
1870 1980 1998 2024 esse,

335 2046 616 2093 secuturam
652 2045 814 2088 autem
849 2041 1173 2089 abducentem
1224 2042 1458 2102 dixisset,
1507 2059 1653 2108 porro
1688 2043 1892 2092 Orestes
1935 2045 1999 2092 de

334 2121 650 2185 Neoptolemi
697 2121 886 2168 ultione
930 2120 1052 2167 nihil
1103 2122 1367 2170 timendum
1416 2137 1528 2171 esse
1578 2123 1813 2171 ostendit.
1897 2122 1997 2171 Iam

335 2203 463 2252 enim
500 2200 547 2249 ei
581 2200 777 2248 insidias
813 2205 1024 2248 structas
1058 2206 1363 2263 mortemque
1395 2217 1489 2266 per
1521 2203 1680 2250 socios
1709 2217 1840 2261 suos,
1876 2217 1997 2265 quos

333 2281 539 2346 Delphis
573 2281 778 2339 habeat,
827 2285 1046 2344 paratam
1081 2278 1218 2328 ess'e:
1268 2297 1376 2328 nam
1412 2297 1570 2343 neque
1604 2282 1876 2344 Apollinem
1913 2296 1996 2328 ac-

334 2363 503 2427 cipere
537 2360 920 2408 satisfactionem
956 2359 1157 2422 culpae,
1207 2375 1301 2422 qua
1335 2360 1574 2423 quondam
1610 2366 1845 2425 paternae
1879 2377 1996 2408 cae-

334 2443 412 2491 dis
445 2456 562 2491 reus
597 2443 657 2489 ab
691 2439 775 2486 illo
809 2438 1082 2503 postulatus
1118 2439 1198 2498 sit,
1234 2444 1284 2486 et
1319 2455 1430 2487 sese
1462 2440 1555 2486 iam
1593 2440 1993 2488 contumeliarum

333 2537 542 2589 poenam
577 2519 927 2582 repetiturum,
979 2519 1324 2582 quamobrem,
1358 2520 1453 2566 deo
1487 2534 1654 2567 secum
1688 2520 1996 2584 conspirante

334 2603 540 2666 suisque
585 2600 806 2647 manibus
863 2598 923 2647 ad
975 2598 1264 2661 exigendum
1319 2598 1613 2662 supplicium
1671 2605 1864 2662 utente,
1924 2598 1996 2646 illi

334 2683 526 2732 iamiam
552 2679 854 2743 pereundum
879 2693 1005 2726 esse.
1061 2677 1153 2724 His
1181 2678 1325 2725 dictis
1347 2694 1455 2725 cum
1482 2678 1749 2727 Hermiona
1779 2678 1994 2727 decedit.

336 2763 530 2811 Chorus
565 2760 804 2823 temporis
841 2758 1068 2822 spatium,
1103 2773 1199 2819 quo
1223 2756 1321 2817 illa,
1357 2772 1480 2819 quae
1507 2756 1711 2806 Orestes
1733 2757 1994 2822 praedixit,

334 2840 540 2905 Delphis
575 2838 899 2903 perficiuntur
941 2837 1260 2901 perfectaque
1304 2837 1610 2894 nuntiantur,
1655 2838 1871 2886 carmine
1904 2852 1995 2885 ex-

333 2922 476 2986 plens
521 2923 742 2983 reputat,
787 2921 969 2979 quanta
1014 2916 1142 2964 mala
1190 2915 1426 2979 Apollinis
1473 2916 1784 2979 Neptunique
1826 2917 1898 2964 ira
1933 2930 1994 2964 ex

336 3000 488 3050 Troia
537 2999 665 3047 victa
720 2998 771 3044 'in
822 2997 1077 3046 Graeciam
1134 2995 1381 3043 victricem
1428 2995 1762 3046 redundarint.
1839 2994 1994 3042 Periit

334 3080 557 3130 Priamus
594 3094 706 3126 cum
739 3077 887 3125 domo
937 3091 1212 3140 regnoque,
1264 3091 1433 3122 eversa
1468 3078 1618 3135 urbe,
1666 3090 1808 3139 quam
1853 3074 1995 3122 unice

334 3159 512 3224 Apollo
548 3157 901 3222 Neptunusque
935 3155 1239 3211 dilexerant,
1285 3155 1431 3218 periit
1479 3160 1641 3202 autem
1686 3154 1829 3201 etiam
1864 3153 1993 3216 Aga-

335 3254 531 3289 memno
565 3237 732 3286 uxoris
766 3251 925 3296 manu,
962 3235 1106 3300 periit
1135 3234 1344 3282 vicissim
1378 3234 1500 3281 haec
1535 3233 1626 3280 filii
1661 3249 1805 3280 manu
1838 3229 1991 3295 Apol·

337 3320 551 3384 linisque
585 3316 809 3377 consilio,
844 3320 896 3364 et
928 3315 1211 3364 innumerae
1247 3314 1466 3363 Graecae
1500 3312 1760 3372 mulieres,
1795 3311 1991 3359 orbato-

339 3414 446 3449 rum
490 3398 753 3449 liberorum
796 3398 1008 3454 matres,
1053 3393 1255 3441 maritos
1288 3392 1573 3441 interfectos
1606 3392 1655 3440 in
1687 3389 1884 3454 publico
1918 3387 1991 3436 lu-
