2202 3892
1061 258 1183 315 238

265 406 372 454 lunt
384 403 452 469 ²¹⁸).
520 401 668 451 caius
705 400 942 467 adspectu
975 402 1101 452 miro
1133 403 1280 452 modo
1314 408 1364 453 et
1388 402 1593 463 Hecuba
1626 403 1924 456 etPriamus

264 485 565 534 afficiuntur.
631 480 740 530 Usu
774 483 908 532 venit
938 482 1076 543 illud,
1114 483 1246 548 quod
1280 484 1409 548 apud
1438 482 1662 534 Ovidium
1686 500 1732 536 v·
1756 488 1835 538 51.
1862 486 1927 534 de

264 580 319 613 se
351 563 494 612 Paris
528 560 803 626 praedicat:

394 640 625 705 „Forma
658 641 902 708 vigorque
936 643 1113 701 animi,
1150 643 1379 709 quamvis
1418 641 1483 691 de
1510 642 1663 709 plebe
1694 642 1924 702 videbar,

462 721 929 778 Indiciumtectae
961 723 1246 772 nobilitatis
1282 728 1481 772 erant.”
1523 738 1530 743 ·

261 802 580 851 Lineamenta
613 801 762 864 igitur
795 805 847 850 et
880 802 1245 852 similitudinem
1280 803 1438 866 gentis
1464 801 1816 852 Priamidarum
1840 816 1930 851 rex

260 884 311 932 in
344 882 558 932 bubulco
593 897 861 944 agnoscens
897 883 1023 931 haec
1056 884 1178 932 dicit
1211 883 1488 931 admirans:

390 959 462 1020 ὡς
497 959 859 1026 Πριαμίδῃσιν
892 960 1124 1028 ἐμφερὴς
1157 960 1186 1013 ὁ
1221 959 1594 1027 βουκόλος**).

259 1041 646 1091 Admirationem
712 1042 1015 1092 fortitudinis
1069 1061 1182 1092 cum
1231 1043 1572 1108 pulcritudine
1637 1039 1930 1091 tenerrimae

261 1122 436 1171 aetatis
483 1122 791 1171 consociatae
838 1124 995 1172 innuit
1035 1124 1182 1173 Ennii
1227 1124 1556 1188 fragmentum
1602 1123 1840 1186 primum,
1888 1118 1929 1166 si
2008 1152 2011 1153 γ

260 1201 409 1250 modo
454 1202 806 1250 catamidio
852 1219 1059 1267 puerum
1097 1203 1374 1268 Ganymedi
1409 1202 1621 1252 similem
1655 1199 1929 1264 significare

259 1282 505 1346 potuerit:

389 1359 823 1422 „Catamidio
860 1378 1075 1427 purus
1118 1360 1373 1428 putus.'’

258 1439 368 1502 Qua
401 1440 458 1489 fit
491 1440 831 1500 admiratione,
866 1447 922 1489 ut
942 1441 1186 1500 Priamus,
1222 1442 1402 1490 oblitus
1424 1439 1669 1489 fortunam
1694 1438 1926 1502 stirpem-

257 1536 355 1585 que
387 1519 743 1579 adolescenti3‚
776 1520 999 1584 neglecta
1031 1522 1244 1569 filiorum
1281 1535 1478 1568 suorum
1516 1518 1811 1567 contumelia
1845 1520 1927 1566 at-

256 1615 352 1662 que
385 1600 591 1662 pudore,
627 1600 841 1664 pastoris
869 1600 1022 1648 filium
1047 1607 1278 1664 tanquam
1304 1601 1567 1664 ingenuum
1587 1597 1925 1663 amplectatur.

385 1678 477 1727 His
513 1679 638 1727 actis
673 1695 845 1728 rursus
872 1687 1044 1729 cantus
1069 1681 1316 1745 interponi
1338 1680 1473 1729 chori
1498 1679 1672 1743 potuit.
1723 1675 1925 1724 Interim

254 1758 343 1807 filii
373 1757 574 1820 Priami,
610 1759 736 1808 duce
770 1759 1058 1822 Deiphobo,
1105 1776 1133 1808 a
1181 1761 1450 1809 certamine
1483 1760 1690 1806 redeunt
1721 1759 1928 1820 propter

255 1838 501 1899 dedecus,
544 1838 675 1901 quod
718 1855 745 1886 a
793 1854 936 1886 servo
981 1841 1098 1889 victi
1132 1845 1326 1899 essent,
1373 1845 1423 1887 et
1456 1837 1633 1887 afflicti
1670 1839 1722 1885 et
1755 1833 1928 1883 victori

253 1918 453 1967 infensi.
521 1917 763 1980 Deiphobi
797 1917 922 1966 haec
957 1924 1073 1969 sunt
1104 1921 1255 1969 verba
1288 1920 1524 1968 victorem
1545 1916 1925 1979 triumphantem

255 1998 600 2063 conspicientis
616 2014 629 2045 :

386 2076 657 2139 „Habet
693 2078 749 2126 is
784 2093 1087 2127 coronam
1113 2079 1429 2127 vitulam?
1458 2069 1924 2136 victoria***).’'

253 2158 480 2223 Augetur
526 2158 632 2206 eius
679 2158 970 2222 indignatio,
1031 2159 1163 2222 quod
1215 2158 1397 2207 Priami
1440 2155 1685 2221 praesidio
1731 2167 1925 2201 servum

253 2242 414 2288 tutum
449 2253 561 2286 esse
588 2236 736 2286 videt.
807 2237 917 2299 Quo
952 2254 1007 2286 se
1040 2239 1399 2302 interponente,
1433 2234 1683 2283 accusatio
1711 2229 1927 2279 institui-

254 2322 352 2378 tur,
388 2317 689 2365 defendente
725 2316 980 2381 Deiphobo
1014 2323 1182 2366 notum
1217 2317 1356 2375 illud,
1391 2316 1620 2362 virtutem
1648 2326 1744 2358 non
1779 2309 1926 2357 disci·-

253 2397 387 2462 plina
413 2397 593 2460 parari,
625 2397 712 2445 sed
731 2402 902 2446 natura
928 2397 1227 2462 ingenerari:
1253 2410 1460 2444 necesse
1485 2394 1632 2458 igitur
1667 2405 1780 2439 esse
1818 2404 1926 2438 ser-

255 2491 344 2525 vos
378 2477 674 2526 continentia
721 2483 772 2525 et
805 2478 1143 2525 moderatione
1178 2477 1405 2538 omnique
1438 2476 1697 2523 honestate
1732 2485 1927 2518 carere:

255 2557 573 2620 quamobrem
621 2556 684 2605 ali
719 2563 866 2621 atque
898 2556 1098 2606 tolerari
1133 2572 1303 2604 eorum
1340 2568 1664 2619 quemquam,
1713 2551 1796 2613 qui
1832 2549 1928 2596 do-

253 2636 400 2685 minis
436 2653 491 2685 se
524 2636 806 2700 praeferat,
855 2638 975 2686 utile
1009 2652 1122 2685 esse
1155 2641 1327 2699 negat,
1375 2635 1726 2697 Spartanorum
1772 2628 1926 2677 mani-

254 2714 386 2764 festo
429 2716 670 2780 profitens
717 2719 1025 2767 sententiam.
1105 2716 1315 2781 Semper
1361 2713 1493 2762 enim
1539 2726 1710 2759 servos
1755 2726 1783 2758 a
1821 2723 1925 2758 ser-

309 2934 359 2990 *)
386 2935 537 2979 Schol.
565 2936 749 2992 Hippol.
777 2935 855 2978 67:
885 2934 1030 2995 ἕτεροι
1059 2935 1111 2980 δέ
1139 2936 1225 2980 εἰσι
1252 2934 1337 2978 τοῦ
1366 2933 1518 2990 χοροῦ,
1549 2928 1764 2986 καθάπερ
1795 2926 1842 2972 ἐν
1870 2928 1930 2985 τῇ

393 3004 657 3063 Ἀλεξάνδρᾳ
685 3006 803 3061 (sive
831 3008 896 3064 τῷ
923 3004 1210 3063 Ἀλεξάνδρῳ)
1240 3004 1470 3060 ποιμένες·
1500 3002 1706 3046 ἐνταῦθα
1734 2997 1928 3056 (scilicet

393 3075 724 3132 insflippolyto)
744 3076 826 3131 μὲν
846 3070 930 3121 οὖν
953 3077 1008 3121 οὐ
1033 3076 1228 3120 δύναται
1253 3072 1702 3132 προαποχρήσασθαι
1718 3072 1813 3118 τοῖς
1833 3064 1924 3109 ἀπὸ

393 3147 477 3189 τοῦ
506 3148 660 3204 χοροῦ,
691 3145 787 3190 ἐκεῖ
811 3146 862 3191 δὲ
890 3150 958 3203 (in
981 3149 1253 3199 Alexandro)
1286 3160 1349 3189 συ
1366 3161 1392 3188 v
1409 3145 1626 3189 εστῶτο
1642 3158 1663 3192 ς
1691 3140 1795 3184 τοῦ
1824 3152 1884 3193 χο
1900 3160 1925 3167 -

397 3216 502 3270 ροῦ
529 3215 825 3272 ἐπειςάγει
851 3219 1030 3262 τοῦτο
1059 3214 1120 3261 τὸ
1152 3213 1471 3274 ἄθροισμα.

288 3285 366 3339 >W)
396 3286 516 3330 Sext.
547 3287 716 3342 Empir.
749 3289 850 3330 adv.
879 3289 1016 3346 logie.
1043 3289 1158 3332 vlu.
1190 3303 1235 3343 p.
1265 3285 1364 3329 471.
1395 3285 1527 3340 Diog.
1558 3282 1706 3326 Laert.
1730 3278 1825 3330 VII,
1854 3275 1922 3319 67.

258 3360 368 3415 *ἢῆ
399 3359 583 3415 Fragm.
613 3357 699 3401 inc.
731 3357 861 3401 Ennii
889 3373 931 3401 n.
961 3357 1032 3401 42.
