2170 3848
1154 295 1274 352 136

383 456 549 491 versas
583 439 852 489 sententias
885 440 1184 491 discedimus
1229 446 1280 490 et
1326 457 1353 490 a
1387 442 1702 507 popularibus
1735 444 2046 510 opinionibus

385 520 540 583 magis
574 521 829 585 magisque
863 521 1217 585 discrepamus.

518 598 657 648 Haec
704 606 783 649 est
815 600 1071 665 Euripidis
1123 617 1232 650 cum
1266 601 1485 650 Homero
1519 601 1597 651 vel
1629 603 1878 668 Aeschylo
1912 619 2047 653 com·

385 678 593 743 paratio.
662 679 747 727 llla
781 679 911 728 enim
945 686 1108 730 aetate
1141 680 1254 729 fieri
1287 680 1544 729 discidium
1567 680 1706 742 illud,
1738 686 1795 731 ut
1820 683 1891 732 ait
1912 682 2048 732 Goe-

386 758 548 818 thius,
583 760 659 807 vix
693 759 914 808 sanabile
948 761 1143 825 coepit,
1175 776 1269 824 quo
1304 759 1529 809 homines
1565 766 1615 808 et
1648 775 1817 809 secum
1851 766 1904 811 et
1937 778 2050 812 cum

387 837 529 901 vulgo
564 839 879 897 dissidentes,
912 839 1043 888 aliud
1078 845 1245 888 natura
1278 840 1357 888 vel
1389 854 1558 897 sensu,
1591 838 1723 887 aliud
1755 839 1950 889 ratione
1970 841 2051 890 vel

387 918 709 967 meditatione
744 917 1000 979 suadente,
1033 919 1138 969 veri
1172 919 1451 984 cognitione
1485 935 1598 968 cum
1632 918 1826 968 traditis
1861 919 2053 984 opinio-

386 996 530 1044 nibus
563 1003 838 1062 pugnante,
873 998 983 1062 plus
1018 998 1176 1047 sensis
1212 998 1553 1062 cogitatisque,
1588 1014 1731 1062 quam
1765 996 1928 1057 factis,
1962 998 2054 1048 tri-

387 1075 539 1124 buere
574 1083 858 1140 coeperunt.
924 1077 1116 1126 Novum
1163 1078 1314 1143 igitur
1359 1092 1514 1142 genus
1559 1077 1841 1142 tragoediae
1873 1079 1933 1128 ab
1966 1077 2052 1126 illo

386 1154 640 1204 inventum
675 1172 788 1205 esse
837 1157 1202 1206 concedendum
1239 1157 1336 1206 erit
1368 1173 1395 1205 a
1429 1156 1593 1221 priore
1627 1172 1721 1205 non
1755 1157 1917 1206 minus
1951 1157 2052 1206 dis-

389 1250 619 1299 crepans,
655 1252 798 1299 quam
835 1236 1095 1285 Menandri
1127 1236 1381 1286 comoedia
1414 1236 1474 1284 ab
1510 1235 1858 1301 Aristophanis
1891 1236 2054 1286 disce-

389 1311 476 1361 dit.
545 1313 669 1363 Nam
703 1316 847 1364 huius
882 1317 1078 1380 quidem
1114 1332 1355 1382 personae
1401 1330 1570 1364 omnes
1605 1320 1706 1364 tam
1740 1315 1926 1364 similes
1960 1315 2055 1366 sibi

389 1398 520 1454 sunt,
555 1410 700 1457 quam
736 1411 826 1444 ovo
861 1412 1034 1457 ovum,
1069 1412 1374 1445 communem
1409 1394 1684 1444 Atticorum
1718 1394 1927 1444 formam
1961 1410 2052 1445 no-

389 1476 588 1536 tamque
621 1480 848 1537 tanquam
884 1477 1069 1525 nummi
1095 1491 1190 1524 uno
1225 1475 1404 1524 malleo
1439 1473 1615 1536 signati
1647 1489 1766 1538 prae
1801 1490 1858 1523 se
1890 1473 2054 1524 feren-

389 1555 484 1601 teS.
551 1552 775 1603 Moribus
822 1554 948 1603 nihil
994 1554 1080 1604 ille
1130 1556 1330 1615 tribuit3
1378 1569 1544 1603 rerum
1593 1554 1954 1617 compositione
2001 1558 2055 1604 et

389 1632 660 1682 actionibus
693 1634 848 1697 pollet
862 1633 930 1700 *).
998 1634 1180 1683 Contra
1214 1633 1492 1692 Menandri,
1527 1632 1610 1695 qui
1635 1632 1920 1698 Euripidem
1945 1634 2054 1683 imi-

388 1715 518 1759 tatus
553 1717 655 1772 est,
692 1713 914 1772 fabulae,
966 1714 1135 1776 quales
1172 1730 1233 1761 ex
1267 1712 1489 1762 Terentii
1522 1711 1779 1776 Plautique
1814 1712 2054 1762 imitatio-

387 1790 531 1839 nibus
565 1792 818 1853 novimus,
851 1794 1032 1841 densae
1067 1799 1204 1841 erant
1237 1792 1525 1851 sententiis,
1568 1808 1733 1841 mores
1777 1808 1896 1840 vero
1941 1792 2052 1841 dili-

388 1870 677 1932 gentissime
713 1888 976 1937 expressos
1011 1873 1256 1922 habebant
1290 1876 1341 1920 et
1374 1871 1660 1920 fidissimam
1691 1871 1818 1920 vitae
1841 1870 2053 1936 vulgaris

387 1949 651 2014 imaginem
684 1953 745 2000 ob
782 1951 952 2009 oculos
997 1952 1258 2015 ponebant.
1330 1950 1483 2000 Cuius
1529 1951 1732 2000 rationis
1764 1950 2055 2014 Euripidem

386 2029 665 2079 habuerunt
710 2036 995 2088 auctorem,
1042 2031 1126 2093 qui
1173 2036 1222 2078 et
1271 2045 1412 2078 veros
1458 2030 1713 2078 hominum
1764 2030 1839 2078 sui
1872 2031 2056 2079 saeculi

388 2123 553 2156 mores
587 2125 677 2172 pro
712 2111 840 2159 fictis
873 2111 1091 2159 imitatus
1141 2115 1220 2158 est
1254 2115 1306 2158 et
1350 2109 1519 2172 plures
1551 2110 1824 2172 tragoedias
1858 2110 2057 2175 scripsit

387 2185 440 2234 in
474 2187 780 2237 declarandis
826 2191 1080 2239 sententiis
1126 2189 1502 2252 aperiendisque
1537 2188 1867 2237 voluntatibus
1899 2190 2055 2254 magis

390 2282 535 2330 quam
581 2268 631 2316 in
675 2270 823 2317 rebus
858 2271 1083 2333 gerendis
1118 2272 1415 2331 occupatae,
1464 2273 1513 2315 et
1546 2268 1731 2330 primus
1764 2268 1926 2317 studia
1959 2269 2056 2318 sin-

386 2346 613 2410 gulorum
648 2364 762 2396 cum
796 2348 994 2413 publica
1028 2347 1284 2412 disciplina
1311 2346 1636 2395 conflictantia
1665 2352 1717 2395 et
1739 2347 1916 2396 iudicia
1941 2363 2055 2398 eru-

388 2425 604 2476 ditorum
652 2444 681 2476 a
725 2427 919 2476 traditis
965 2427 1276 2492 opinionibus
1326 2425 1654 2490 discrepantia
1712 2427 1953 2487 ostendit,
2003 2433 2056 2477 et

389 2520 582 2554 omnem
621 2506 903 2571 disputandi
936 2507 1244 2571 prudentiam
1281 2521 1390 2553 cum
1426 2505 1602 2553 callida
1639 2511 1689 2553 et
1711 2506 1930 2569 captiosa
1965 2522 2054 2556 cu-

388 2585 648 2649 piditatum
699 2587 1015 2635 excusatione
1061 2585 1275 2634 exseruit
1317 2589 1368 2632 et
1409 2584 1598 2632 induxit
1644 2584 1871 2634 homines
1931 2584 2054 2635 falsa

390 2665 484 2714 sibi
532 2666 758 2715 vitiorum
812 2681 1012 2714 suorum
1054 2680 1221 2713 amore
1271 2663 1643 2728 persuadentes,
1713 2666 1786 2715 Ab
1832 2666 1927 2714 hac
1958 2667 2053 2729 via,

390 2761 535 2808 quam
585 2746 776 2810 ingredi
823 2752 994 2794 natura
1026 2760 1193 2792 rerum
1237 2745 1346 2807 ipsa
1378 2744 1545 2803 iussit,
1597 2744 1752 2792 semel
1781 2750 2055 2795 monstrata

391 2825 435 2872 si
466 2825 769 2889 posteriores
804 2825 989 2889 tragici,
1024 2823 1107 2886 qui
1132 2823 1348 2886 Philippi
1379 2822 1667 2872 Macedonis
1694 2829 1918 2888 tempore
1941 2825 2053 2874 fue-

390 2910 524 2964 runt,
560 2910 874 2953 recesserunt
908 2903 981 2967 (id
1017 2902 1145 2966 quod
1180 2903 1330 2950 verba
1363 2902 1636 2950 Aristotelis
1673 2903 1948 2965 significare
1980 2904 2054 2952 vi-

390 2982 620 3045 dentur),
669 2983 712 3031 si
746 2984 1026 3032 Atridarum
1066 2982 1471 3045 Alcmaeonisque
1505 2983 1692 3031 scelera
1726 2984 2056 3033 exhibuerunt

390 3061 532 3111 nullis
566 3064 804 3111 mentium
836 3063 966 3112 vitiis
1002 3067 1248 3123 excusata,
1284 3061 1326 3109 si
1361 3062 1424 3110 ad
1457 3060 1550 3110 fati
1575 3062 1920 3111 necessitatem
1943 3078 2053 3112 rur-

444 3262 505 3323 *Y
521 3270 786 3312 Plutarchus
813 3272 856 3313 in
890 3272 1113 3327 Aristoph.
1146 3273 1191 3313 et
1227 3270 1462 3314 Menandri
1490 3263 1846 3326 comparatione:
1905 3264 2053 3326 ὥςπερ

527 3336 620 3382 ἀπὸ
652 3340 824 3398 κλήρου
869 3339 1089 3398 ἀπονέμει
1117 3343 1216 3391 τοῖς
1244 3339 1506 3398 προςοόποις
1533 3339 1591 3384 τὰ
1621 3337 1934 3398 προςτυχόντα
1960 3339 2055 3383 τῶν

537 3406 792 3464 ὀνομάτων,
821 3411 899 3455 καὶ
926 3408 1010 3456 οὐκ
1041 3406 1099 3455 ἂν
1127 3411 1360 3466 διαγνοίης
1395 3413 1484 3457 εἴτε
1516 3409 1618 3461 υἱός
1651 3408 1772 3454 ἐστιν
1793 3409 1883 3456 εἴτε
1900 3407 2055 3467 πατὴρ

527 3479 617 3525 εἴτε
637 3474 851 3538 ἄγροικος
874 3482 964 3528 εἴτε
984 3479 1097 3533 θεὸς
1123 3481 1211 3526 εἴτε
1234 3478 1358 3540 ἥρως
1382 3479 1407 3527 ὁ
1435 3477 1767 3538 διαλεγόμενος.

1245 3567 1260 3585 ff
