<?xml version="1.0" encoding="UTF-8"?>
<!DOCTYPE html PUBLIC "-//W3C//DTD XHTML 1.0 Transitional//EN"
    "http://www.w3.org/TR/xhtml1/DTD/xhtml1-transitional.dtd">
<html xmlns="http://www.w3.org/1999/xhtml" xml:lang="en" lang="en">
 <head>
  <title>
</title>
<meta http-equiv="Content-Type" content="text/html;charset=utf-8" />
  <meta name='ocr-system' content='tesseract 3.04.00' />
  <meta name='ocr-capabilities' content='ocr_page ocr_carea ocr_par ocr_line ocrx_word'/>
</head>
<body>
  <div class='ocr_page' id='page_1' title='image "./euripidesrestitu02hartuoft_0592.png"; bbox 0 0 2170 3866; ppageno 0'>
   <div class='ocr_carea' id='block_1_1' title="bbox 1149 317 1278 377">
    <p class='ocr_par' dir='ltr' id='par_1_1' title="bbox 1149 317 1278 377">
     <span class='ocr_line' id='line_1_1' title="bbox 1149 317 1278 377; baseline 0.016 -2"><span class='ocrx_word' id='word_1_1' title='bbox 1149 317 1278 377; x_wconf 81' lang='lat'><strong>580</strong></span> 
     </span>
    </p>
   </div>
   <div class='ocr_carea' id='block_1_2' title="bbox 351 463 2069 3026">
    <p class='ocr_par' dir='ltr' id='par_1_2' title="bbox 351 463 2069 3026">
     <span class='ocr_line' id='line_1_2' title="bbox 358 463 2067 538; baseline 0.009 -26"><span class='ocrx_word' id='word_1_2' title='bbox 358 466 458 512; x_wconf 87' lang='lat'><strong>510</strong></span> <span class='ocrx_word' id='word_1_3' title='bbox 474 467 528 513; x_wconf 92' lang='lat' dir='ltr'><strong>et</strong></span> <span class='ocrx_word' id='word_1_4' title='bbox 546 466 659 513; x_wconf 83' lang='lat'><strong>515.</strong></span> <span class='ocrx_word' id='word_1_5' title='bbox 680 463 823 518; x_wconf 88' lang='lat' dir='ltr'><strong>Med.</strong></span> <span class='ocrx_word' id='word_1_6' title='bbox 850 481 894 515; x_wconf 89' lang='lat' dir='ltr'><strong>v.</strong></span> <span class='ocrx_word' id='word_1_7' title='bbox 923 466 1046 530; x_wconf 80' lang='lat'><strong>10.),</strong></span> <span class='ocrx_word' id='word_1_8' title='bbox 1083 466 1585 531; x_wconf 79' lang='lat' dir='ltr'><strong>Dionysodorus</strong></span> <span class='ocrx_word' id='word_1_9' title='bbox 1623 469 1804 533; x_wconf 83' lang='lat' dir='ltr'><strong>(Rhes.</strong></span> <span class='ocrx_word' id='word_1_10' title='bbox 1831 487 1878 523; x_wconf 79' lang='lat' dir='ltr'><strong>v,</strong></span> <span class='ocrx_word' id='word_1_11' title='bbox 1905 473 2067 538; x_wconf 80' lang='lat'><strong>495.),</strong></span> 
     </span>
     <span class='ocr_line' id='line_1_3' title="bbox 358 544 2067 618; baseline 0.005 -24"><span class='ocrx_word' id='word_1_12' title='bbox 358 545 676 594; x_wconf 78' lang='lat' dir='ltr'><strong>irenaeus</strong></span> <span class='ocrx_word' id='word_1_13' title='bbox 695 544 860 608; x_wconf 88' lang='lat' dir='ltr'><strong>(Med.</strong></span> <span class='ocrx_word' id='word_1_14' title='bbox 878 548 1078 608; x_wconf 84' lang='lat' dir='ltr'><strong>v.222.;</strong></span> <span class='ocrx_word' id='word_1_15' title='bbox 1108 547 1176 601; x_wconf 85' lang='lat' dir='ltr'><strong>cf.</strong></span> <span class='ocrx_word' id='word_1_16' title='bbox 1194 547 1401 597; x_wconf 88' lang='lat' dir='ltr'><strong>Suidam</strong></span> <span class='ocrx_word' id='word_1_17' title='bbox 1422 563 1463 595; x_wconf 90' lang='lat' dir='ltr'><strong>s.</strong></span> <span class='ocrx_word' id='word_1_18' title='bbox 1482 550 1571 611; x_wconf 65' lang='lat' dir='ltr'><strong>w),</strong></span> <span class='ocrx_word' id='word_1_19' title='bbox 1587 548 2067 618; x_wconf 81' lang='lat' dir='ltr'><strong>Callistratus*)</strong></span> 
     </span>
     <span class='ocr_line' id='line_1_4' title="bbox 358 624 2068 696; baseline 0.005 -22"><span class='ocrx_word' id='word_1_20' title='bbox 358 624 554 688; x_wconf 84' lang='lat' dir='ltr'><strong>(Orest.</strong></span> <span class='ocrx_word' id='word_1_21' title='bbox 583 640 628 675; x_wconf 83' lang='lat' dir='ltr'><strong>v.</strong></span> <span class='ocrx_word' id='word_1_22' title='bbox 654 628 801 678; x_wconf 84' lang='lat'><strong>1030.</strong></span> <span class='ocrx_word' id='word_1_23' title='bbox 829 628 943 677; x_wconf 82' lang='lat'><strong>304.</strong></span> <span class='ocrx_word' id='word_1_24' title='bbox 970 628 1133 693; x_wconf 81' lang='lat'><strong>424.),</strong></span> <span class='ocrx_word' id='word_1_25' title='bbox 1171 628 1588 679; x_wconf 84' lang='lat' dir='ltr'><strong>Alexandrus</strong></span> <span class='ocrx_word' id='word_1_26' title='bbox 1626 628 1821 696; x_wconf 75' lang='lat' dir='ltr'><strong>(Etym.</strong></span> <span class='ocrx_word' id='word_1_27' title='bbox 1846 632 1921 681; x_wconf 89' lang='lat' dir='ltr'><strong>M.</strong></span> <span class='ocrx_word' id='word_1_28' title='bbox 1949 648 1990 682; x_wconf 90' lang='lat' dir='ltr'><strong>s.</strong></span> <span class='ocrx_word' id='word_1_29' title='bbox 2020 649 2068 682; x_wconf 87' lang='lat' dir='ltr'><strong>v.</strong></span> 
     </span>
     <span class='ocr_line' id='line_1_5' title="bbox 356 701 2066 776; baseline 0.005 -21"><span class='ocrx_word' id='word_1_30' title='bbox 356 701 698 769; x_wconf 79' lang='grc' dir='ltr'><em>ἆρμοὶτειος),</em></span> <span class='ocrx_word' id='word_1_31' title='bbox 775 707 1234 772; x_wconf 90' lang='lat' dir='ltr'><strong>Apollodorus</strong></span> <span class='ocrx_word' id='word_1_32' title='bbox 1311 708 1704 773; x_wconf 84' lang='lat' dir='ltr'><strong>Cyrenaeus</strong></span> <span class='ocrx_word' id='word_1_33' title='bbox 1766 711 1961 776; x_wconf 88' lang='lat' dir='ltr'><strong>(Orest.</strong></span> <span class='ocrx_word' id='word_1_34' title='bbox 2021 728 2066 765; x_wconf 86' lang='lat' dir='ltr'><strong>v.</strong></span> 
     </span>
     <span class='ocr_line' id='line_1_6' title="bbox 357 785 2066 858; baseline 0.005 -23"><span class='ocrx_word' id='word_1_35' title='bbox 357 785 528 850; x_wconf 85' lang='lat'><strong>1369.)</strong></span> <span class='ocrx_word' id='word_1_36' title='bbox 566 793 617 836; x_wconf 89' lang='lat' dir='ltr'><strong>et</strong></span> <span class='ocrx_word' id='word_1_37' title='bbox 652 787 1062 851; x_wconf 81' lang='lat' dir='ltr'><strong>frequentissime</strong></span> <span class='ocrx_word' id='word_1_38' title='bbox 1099 790 1314 838; x_wconf 92' lang='lat' dir='ltr'><strong>omnium</strong></span> <span class='ocrx_word' id='word_1_39' title='bbox 1351 789 1698 854; x_wconf 78' lang='lat' dir='ltr'><strong>Didymus,</strong></span> <span class='ocrx_word' id='word_1_40' title='bbox 1736 794 1818 856; x_wconf 88' lang='lat' dir='ltr'><strong>qui</strong></span> <span class='ocrx_word' id='word_1_41' title='bbox 1849 791 2066 858; x_wconf 84' lang='grc' dir='ltr'><em>χαλκὲν-</em></span> 
     </span>
     <span class='ocr_line' id='line_1_7' title="bbox 355 868 2068 933; baseline 0.004 -16"><span class='ocrx_word' id='word_1_42' title='bbox 355 882 511 933; x_wconf 80' lang='grc' dir='ltr'><em>τερος</em></span> <span class='ocrx_word' id='word_1_43' title='bbox 556 868 926 931; x_wconf 80' lang='lat' dir='ltr'><strong>cognominatus</strong></span> <span class='ocrx_word' id='word_1_44' title='bbox 973 876 1081 926; x_wconf 81' lang='lat' dir='ltr'><strong>est,</strong></span> <span class='ocrx_word' id='word_1_45' title='bbox 1136 871 1331 922; x_wconf 87' lang='lat' dir='ltr'><strong>Hecub.</strong></span> <span class='ocrx_word' id='word_1_46' title='bbox 1370 886 1413 918; x_wconf 90' lang='lat' dir='ltr'><strong>v.</strong></span> <span class='ocrx_word' id='word_1_47' title='bbox 1450 873 1565 919; x_wconf 88' lang='grc'><strong>719.</strong></span> <span class='ocrx_word' id='word_1_48' title='bbox 1604 875 1719 924; x_wconf 85' lang='grc'><strong>829.</strong></span> <span class='ocrx_word' id='word_1_49' title='bbox 1758 876 1874 924; x_wconf 87' lang='grc'><strong>870.</strong></span> <span class='ocrx_word' id='word_1_50' title='bbox 1919 877 2068 924; x_wconf 86' lang='grc'><strong>1005.</strong></span> 
     </span>
     <span class='ocr_line' id='line_1_8' title="bbox 355 947 2065 1006; baseline 0.005 -8"><span class='ocrx_word' id='word_1_51' title='bbox 355 947 549 998; x_wconf 82' lang='lat' dir='ltr'><strong>Phoen.</strong></span> <span class='ocrx_word' id='word_1_52' title='bbox 574 964 621 999; x_wconf 78' lang='lat' dir='ltr'><strong>v.</strong></span> <span class='ocrx_word' id='word_1_53' title='bbox 645 950 760 996; x_wconf 71' lang='lat'><strong>748.</strong></span> <span class='ocrx_word' id='word_1_54' title='bbox 782 950 926 998; x_wconf 83' lang='grc'><strong>1748.</strong></span> <span class='ocrx_word' id='word_1_55' title='bbox 964 949 1103 999; x_wconf 83' lang='lat' dir='ltr'><strong>Med.</strong></span> <span class='ocrx_word' id='word_1_56' title='bbox 1133 968 1175 998; x_wconf 88' lang='lat' dir='ltr'><strong>v.</strong></span> <span class='ocrx_word' id='word_1_57' title='bbox 1201 951 1317 1001; x_wconf 84' lang='lat'><strong>149.</strong></span> <span class='ocrx_word' id='word_1_58' title='bbox 1342 952 1455 999; x_wconf 81' lang='grc'><strong>171.</strong></span> <span class='ocrx_word' id='word_1_59' title='bbox 1474 954 1588 999; x_wconf 85' lang='grc'><strong>360.</strong></span> <span class='ocrx_word' id='word_1_60' title='bbox 1611 955 1726 1004; x_wconf 84' lang='lat'><strong>383.</strong></span> <span class='ocrx_word' id='word_1_61' title='bbox 1741 956 1854 1003; x_wconf 76' lang='lat'><strong>⁸132.</strong></span> <span class='ocrx_word' id='word_1_62' title='bbox 1892 954 2065 1006; x_wconf 73' lang='lat' dir='ltr'><strong>Orest.</strong></span> 
     </span>
     <span class='ocr_line' id='line_1_9' title="bbox 356 1030 2066 1096; baseline 0.004 -17"><span class='ocrx_word' id='word_1_63' title='bbox 356 1032 506 1081; x_wconf 86' lang='grc'><strong>1369.</strong></span> <span class='ocrx_word' id='word_1_64' title='bbox 547 1030 785 1080; x_wconf 88' lang='lat' dir='ltr'><strong>Androm.</strong></span> <span class='ocrx_word' id='word_1_65' title='bbox 814 1032 931 1078; x_wconf 88' lang='grc'><strong>867.</strong></span> <span class='ocrx_word' id='word_1_66' title='bbox 1002 1031 1076 1080; x_wconf 88' lang='lat' dir='ltr'><strong>De</strong></span> <span class='ocrx_word' id='word_1_67' title='bbox 1126 1046 1223 1095; x_wconf 89' lang='lat' dir='ltr'><strong>quo</strong></span> <span class='ocrx_word' id='word_1_68' title='bbox 1270 1047 1431 1095; x_wconf 85' lang='lat' dir='ltr'><strong>nuper</strong></span> <span class='ocrx_word' id='word_1_69' title='bbox 1464 1032 1690 1096; x_wconf 79' lang='lat' dir='ltr'><strong>pluribus</strong></span> <span class='ocrx_word' id='word_1_70' title='bbox 1725 1033 1967 1085; x_wconf 85' lang='lat' dir='ltr'><strong>disseruit</strong></span> <span class='ocrx_word' id='word_1_71' title='bbox 2001 1035 2066 1086; x_wconf 83' lang='lat' dir='ltr'><strong>G.</strong></span> 
     </span>
     <span class='ocr_line' id='line_1_10' title="bbox 355 1109 2064 1180; baseline 0.004 -20"><span class='ocrx_word' id='word_1_72' title='bbox 355 1110 520 1160; x_wconf 85' lang='lat' dir='ltr'><strong>Wolff</strong></span> <span class='ocrx_word' id='word_1_73' title='bbox 558 1111 610 1159; x_wconf 88' lang='lat' dir='ltr'><strong>in</strong></span> <span class='ocrx_word' id='word_1_74' title='bbox 649 1109 777 1158; x_wconf 89' lang='lat' dir='ltr'><strong>libro</strong></span> <span class='ocrx_word' id='word_1_75' title='bbox 830 1110 894 1160; x_wconf 90' lang='lat' dir='ltr'><strong>de</strong></span> <span class='ocrx_word' id='word_1_76' title='bbox 938 1111 1205 1177; x_wconf 86' lang='lat' dir='ltr'><strong>Sophoclis</strong></span> <span class='ocrx_word' id='word_1_77' title='bbox 1255 1110 1464 1160; x_wconf 84' lang='lat' dir='ltr'><strong>scholiis</strong></span> <span class='ocrx_word' id='word_1_78' title='bbox 1507 1113 1700 1178; x_wconf 89' lang='lat' dir='ltr'><strong>scripto</strong></span> <span class='ocrx_word' id='word_1_79' title='bbox 1735 1131 1786 1180; x_wconf 88' lang='lat' dir='ltr'><strong>p.</strong></span> <span class='ocrx_word' id='word_1_80' title='bbox 1817 1116 1882 1162; x_wconf 82' lang='lat'><strong>12</strong></span> <span class='ocrx_word' id='word_1_81' title='bbox 1921 1131 2064 1180; x_wconf 82' lang='lat' dir='ltr'><strong>seqq.</strong></span> 
     </span>
     <span class='ocr_line' id='line_1_11' title="bbox 354 1190 2065 1259; baseline 0.003 -18"><span class='ocrx_word' id='word_1_82' title='bbox 354 1191 503 1241; x_wconf 87' lang='lat' dir='ltr'><strong>Adde</strong></span> <span class='ocrx_word' id='word_1_83' title='bbox 547 1190 971 1255; x_wconf 79' lang='lat' dir='ltr'><strong>Pergamenorum</strong></span> <span class='ocrx_word' id='word_1_84' title='bbox 1019 1191 1457 1255; x_wconf 84' lang='lat' dir='ltr'><strong>grammaticorum</strong></span> <span class='ocrx_word' id='word_1_85' title='bbox 1498 1193 1774 1259; x_wconf 89' lang='lat' dir='ltr'><strong>principem</strong></span> <span class='ocrx_word' id='word_1_86' title='bbox 1814 1196 2065 1245; x_wconf 87' lang='lat' dir='ltr'><strong>Crate-</strong></span> 
     </span>
     <span class='ocr_line' id='line_1_12' title="bbox 354 1270 2066 1339; baseline 0.003 -18"><span class='ocrx_word' id='word_1_87' title='bbox 354 1278 481 1321; x_wconf 90' lang='lat' dir='ltr'><strong>tem</strong></span> <span class='ocrx_word' id='word_1_88' title='bbox 531 1271 773 1320; x_wconf 92' lang='lat' dir='ltr'><strong>Malloten</strong></span> <span class='ocrx_word' id='word_1_89' title='bbox 821 1271 1004 1335; x_wconf 82' lang='lat' dir='ltr'><strong>(Rhes.</strong></span> <span class='ocrx_word' id='word_1_90' title='bbox 1038 1288 1082 1320; x_wconf 90' lang='lat' dir='ltr'><strong>v.</strong></span> <span class='ocrx_word' id='word_1_91' title='bbox 1120 1274 1215 1320; x_wconf 86' lang='lat'><strong>515</strong></span> <span class='ocrx_word' id='word_1_92' title='bbox 1253 1278 1306 1321; x_wconf 91' lang='lat' dir='ltr'><strong>et</strong></span> <span class='ocrx_word' id='word_1_93' title='bbox 1341 1270 1431 1335; x_wconf 87' lang='lat'><strong>5.).</strong></span> <span class='ocrx_word' id='word_1_94' title='bbox 1510 1272 1824 1338; x_wconf 74' lang='lat' dir='ltr'><strong>Dionysii</strong></span> <span class='ocrx_word' id='word_1_95' title='bbox 1873 1274 2066 1339; x_wconf 83' lang='lat' dir='ltr'><strong>(Thra-</strong></span> 
     </span>
     <span class='ocr_line' id='line_1_13' title="bbox 356 1346 2068 1418; baseline 0.003 -18"><span class='ocrx_word' id='word_1_96' title='bbox 356 1351 451 1418; x_wconf 90' lang='lat' dir='ltr'><strong>cis)</strong></span> <span class='ocrx_word' id='word_1_97' title='bbox 465 1350 547 1415; x_wconf 86' lang='lat'><strong>**)</strong></span> <span class='ocrx_word' id='word_1_98' title='bbox 601 1351 1012 1400; x_wconf 88' lang='lat' dir='ltr'><strong>commentarium</strong></span> <span class='ocrx_word' id='word_1_99' title='bbox 1050 1346 1391 1417; x_wconf 81' lang='grc' dir='ltr'><em>(ὑπόμνημα)</em></span> <span class='ocrx_word' id='word_1_100' title='bbox 1429 1368 1486 1401; x_wconf 89' lang='lat' dir='ltr'><strong>se</strong></span> <span class='ocrx_word' id='word_1_101' title='bbox 1521 1360 1749 1403; x_wconf 87' lang='lat' dir='ltr'><strong>secutum</strong></span> <span class='ocrx_word' id='word_1_102' title='bbox 1784 1371 1900 1404; x_wconf 90' lang='lat' dir='ltr'><strong>esse</strong></span> <span class='ocrx_word' id='word_1_103' title='bbox 1932 1355 2068 1406; x_wconf 83' lang='lat' dir='ltr'><strong>fate-</strong></span> 
     </span>
     <span class='ocr_line' id='line_1_14' title="bbox 355 1430 2067 1498; baseline 0.002 -16"><span class='ocrx_word' id='word_1_104' title='bbox 355 1437 440 1482; x_wconf 88' lang='lat' dir='ltr'><strong>tur</strong></span> <span class='ocrx_word' id='word_1_105' title='bbox 488 1432 560 1489; x_wconf 91' lang='lat' dir='ltr'><strong>is,</strong></span> <span class='ocrx_word' id='word_1_106' title='bbox 612 1431 698 1495; x_wconf 87' lang='lat' dir='ltr'><strong>qui</strong></span> <span class='ocrx_word' id='word_1_107' title='bbox 749 1430 943 1480; x_wconf 85' lang='lat' dir='ltr'><strong>scholia</strong></span> <span class='ocrx_word' id='word_1_108' title='bbox 987 1433 1048 1480; x_wconf 90' lang='lat' dir='ltr'><strong>ad</strong></span> <span class='ocrx_word' id='word_1_109' title='bbox 1085 1432 1321 1481; x_wconf 86' lang='lat' dir='ltr'><strong>Orestem</strong></span> <span class='ocrx_word' id='word_1_110' title='bbox 1368 1433 1668 1498; x_wconf 85' lang='lat' dir='ltr'><strong>conscripsit</strong></span> <span class='ocrx_word' id='word_1_111' title='bbox 1715 1435 1775 1483; x_wconf 87' lang='lat' dir='ltr'><strong>ad</strong></span> <span class='ocrx_word' id='word_1_112' title='bbox 1824 1451 1871 1482; x_wconf 87' lang='lat' dir='ltr'><strong>v.</strong></span> <span class='ocrx_word' id='word_1_113' title='bbox 1909 1437 2067 1485; x_wconf 81' lang='lat'><strong>1686:</strong></span> 
     </span>
     <span class='ocr_line' id='line_1_15' title="bbox 355 1508 2066 1577; baseline 0.001 -13"><span class='ocrx_word' id='word_1_114' title='bbox 355 1511 494 1576; x_wconf 78' lang='grc' dir='ltr'><em>πρὸς</em></span> <span class='ocrx_word' id='word_1_115' title='bbox 531 1511 769 1577; x_wconf 80' lang='grc' dir='ltr'><strong>διάφορα</strong></span> <span class='ocrx_word' id='word_1_116' title='bbox 805 1508 1113 1576; x_wconf 80' lang='grc' dir='ltr'><strong><em>α’ντίγραφα</em></strong></span> <span class='ocrx_word' id='word_1_117' title='bbox 1147 1510 1590 1577; x_wconf 80' lang='grc' dir='ltr'><strong><em>παραγέγραπται</em></strong></span> <span class='ocrx_word' id='word_1_118' title='bbox 1635 1508 1694 1563; x_wconf 80' lang='grc' dir='ltr'><strong>ἐκ</strong></span> <span class='ocrx_word' id='word_1_119' title='bbox 1725 1517 1826 1564; x_wconf 83' lang='grc' dir='ltr'><strong>τοῦ</strong></span> <span class='ocrx_word' id='word_1_120' title='bbox 1861 1517 2066 1566; x_wconf 80' lang='grc' dir='ltr'><em>Διονυ·</em></span> 
     </span>
     <span class='ocr_line' id='line_1_16' title="bbox 357 1589 2067 1659; baseline 0 -14"><span class='ocrx_word' id='word_1_121' title='bbox 357 1592 481 1645; x_wconf 85' lang='grc' dir='ltr'><strong><em>σίου</em></strong></span> <span class='ocrx_word' id='word_1_122' title='bbox 515 1590 900 1659; x_wconf 82' lang='grc' dir='ltr'><em>ὗπομνήματος</em></span> <span class='ocrx_word' id='word_1_123' title='bbox 934 1589 1228 1658; x_wconf 81' lang='grc' dir='ltr'><em>ὁλοσχερῶς</em></span> <span class='ocrx_word' id='word_1_124' title='bbox 1269 1589 1360 1644; x_wconf 86' lang='grc' dir='ltr'><strong>καὶ</strong></span> <span class='ocrx_word' id='word_1_125' title='bbox 1396 1593 1507 1643; x_wconf 83' lang='grc' dir='ltr'><strong>τῶν</strong></span> <span class='ocrx_word' id='word_1_126' title='bbox 1541 1593 1758 1657; x_wconf 84' lang='grc' dir='ltr'><strong>μικτῶν.</strong></span> <span class='ocrx_word' id='word_1_127' title='bbox 1837 1595 2067 1645; x_wconf 87' lang='lat' dir='ltr'><strong>Eundem</strong></span> 
     </span>
     <span class='ocr_line' id='line_1_17' title="bbox 356 1672 2067 1740; baseline -0.001 -15"><span class='ocrx_word' id='word_1_128' title='bbox 356 1677 467 1726; x_wconf 90' lang='lat' dir='ltr'><strong>sine</strong></span> <span class='ocrx_word' id='word_1_129' title='bbox 528 1674 683 1724; x_wconf 90' lang='lat' dir='ltr'><strong>dubio</strong></span> <span class='ocrx_word' id='word_1_130' title='bbox 743 1673 807 1721; x_wconf 90' lang='lat' dir='ltr'><strong>ad</strong></span> <span class='ocrx_word' id='word_1_131' title='bbox 854 1689 899 1724; x_wconf 74' lang='lat' dir='ltr'><strong>V.</strong></span> <span class='ocrx_word' id='word_1_132' title='bbox 941 1675 1089 1722; x_wconf 85' lang='grc'><strong>1369.</strong></span> <span class='ocrx_word' id='word_1_133' title='bbox 1146 1675 1269 1723; x_wconf 89' lang='lat' dir='ltr'><strong>dicit</strong></span> <span class='ocrx_word' id='word_1_134' title='bbox 1320 1674 1417 1725; x_wconf 83' lang='grc' dir='ltr'><strong>τὸν</strong></span> <span class='ocrx_word' id='word_1_135' title='bbox 1465 1672 2067 1740; x_wconf 79' lang='grc' dir='ltr'><em>ὖπομνηματισοὲμενον.</em></span> 
     </span>
     <span class='ocr_line' id='line_1_18' title="bbox 355 1751 2068 1818; baseline 0.001 -13"><span class='ocrx_word' id='word_1_136' title='bbox 355 1757 478 1806; x_wconf 91' lang='lat' dir='ltr'><strong>ltem</strong></span> <span class='ocrx_word' id='word_1_137' title='bbox 514 1753 629 1804; x_wconf 79' lang='grc' dir='ltr'><strong>ἔνια</strong></span> <span class='ocrx_word' id='word_1_138' title='bbox 661 1754 771 1804; x_wconf 82' lang='grc' dir='ltr'><strong>τῶν</strong></span> <span class='ocrx_word' id='word_1_139' title='bbox 805 1751 1211 1818; x_wconf 78' lang='grc' dir='ltr'><em>ὑπομνημάτων</em></span> <span class='ocrx_word' id='word_1_140' title='bbox 1245 1755 1293 1804; x_wconf 90' lang='lat' dir='ltr'><strong>in</strong></span> <span class='ocrx_word' id='word_1_141' title='bbox 1322 1755 1478 1805; x_wconf 88' lang='lat' dir='ltr'><strong>schol.</strong></span> <span class='ocrx_word' id='word_1_142' title='bbox 1505 1756 1696 1806; x_wconf 89' lang='lat' dir='ltr'><strong>Phoen.</strong></span> <span class='ocrx_word' id='word_1_143' title='bbox 1722 1758 1835 1807; x_wconf 81' lang='lat'><strong>642.</strong></span> <span class='ocrx_word' id='word_1_144' title='bbox 1862 1756 2068 1807; x_wconf 86' lang='lat' dir='ltr'><strong>laudan-</strong></span> 
     </span>
     <span class='ocr_line' id='line_1_19' title="bbox 354 1835 2067 1902; baseline -0.001 -16"><span class='ocrx_word' id='word_1_145' title='bbox 354 1842 452 1886; x_wconf 91' lang='lat' dir='ltr'><strong>tur.</strong></span> <span class='ocrx_word' id='word_1_146' title='bbox 502 1835 668 1885; x_wconf 81' lang='lat' dir='ltr'><strong>Etiam</strong></span> <span class='ocrx_word' id='word_1_147' title='bbox 696 1835 775 1883; x_wconf 90' lang='lat' dir='ltr'><strong>So</strong></span> <span class='ocrx_word' id='word_1_148' title='bbox 794 1835 970 1884; x_wconf 87' lang='lat' dir='ltr'><strong>terid</strong></span> <span class='ocrx_word' id='word_1_149' title='bbox 987 1851 1050 1883; x_wconf 93' lang='lat' dir='ltr'><strong>as</strong></span> <span class='ocrx_word' id='word_1_150' title='bbox 1080 1835 1399 1900; x_wconf 82' lang='lat' dir='ltr'><strong>Epidaurius,</strong></span> <span class='ocrx_word' id='word_1_151' title='bbox 1427 1837 1718 1902; x_wconf 84' lang='lat' dir='ltr'><strong>Pamphilae</strong></span> <span class='ocrx_word' id='word_1_152' title='bbox 1743 1843 1904 1902; x_wconf 78' lang='lat' dir='ltr'><strong>pater,</strong></span> <span class='ocrx_word' id='word_1_153' title='bbox 1929 1853 2067 1886; x_wconf 84' lang='lat' dir='ltr'><strong>com-</strong></span> 
     </span>
     <span class='ocr_line' id='line_1_20' title="bbox 355 1914 2067 1982; baseline 0.001 -17"><span class='ocrx_word' id='word_1_154' title='bbox 355 1917 629 1966; x_wconf 88' lang='lat' dir='ltr'><strong>mentarios</strong></span> <span class='ocrx_word' id='word_1_155' title='bbox 682 1922 788 1965; x_wconf 91' lang='lat' dir='ltr'><strong>tum</strong></span> <span class='ocrx_word' id='word_1_156' title='bbox 836 1916 886 1963; x_wconf 89' lang='lat' dir='ltr'><strong>in</strong></span> <span class='ocrx_word' id='word_1_157' title='bbox 922 1914 1256 1965; x_wconf 87' lang='lat' dir='ltr'><strong>Menandrum</strong></span> <span class='ocrx_word' id='word_1_158' title='bbox 1292 1922 1399 1965; x_wconf 93' lang='lat' dir='ltr'><strong>tum</strong></span> <span class='ocrx_word' id='word_1_159' title='bbox 1434 1918 1484 1966; x_wconf 89' lang='lat' dir='ltr'><strong>in</strong></span> <span class='ocrx_word' id='word_1_160' title='bbox 1521 1917 1811 1982; x_wconf 82' lang='lat' dir='ltr'><strong>Euripidem</strong></span> <span class='ocrx_word' id='word_1_161' title='bbox 1847 1917 2067 1981; x_wconf 76' lang='lat' dir='ltr'><strong>scripse-</strong></span> 
     </span>
     <span class='ocr_line' id='line_1_21' title="bbox 355 1995 2068 2062; baseline -0.001 -16"><span class='ocrx_word' id='word_1_162' title='bbox 355 2004 462 2057; x_wconf 82' lang='lat' dir='ltr'><strong>rat,</strong></span> <span class='ocrx_word' id='word_1_163' title='bbox 513 2002 649 2046; x_wconf 87' lang='lat' dir='ltr'><strong>teste</strong></span> <span class='ocrx_word' id='word_1_164' title='bbox 699 1995 851 2044; x_wconf 90' lang='lat' dir='ltr'><strong>Suida</strong></span> <span class='ocrx_word' id='word_1_165' title='bbox 879 2011 919 2044; x_wconf 78' lang='lat' dir='ltr'><strong>s,</strong></span> <span class='ocrx_word' id='word_1_166' title='bbox 955 2012 1031 2056; x_wconf 78' lang='grc' dir='ltr'><strong>ν.;</strong></span> <span class='ocrx_word' id='word_1_167' title='bbox 1074 1996 1142 2047; x_wconf 88' lang='lat' dir='ltr'><strong>cf.</strong></span> <span class='ocrx_word' id='word_1_168' title='bbox 1171 1996 1391 2045; x_wconf 88' lang='lat' dir='ltr'><strong>Meinek.</strong></span> <span class='ocrx_word' id='word_1_169' title='bbox 1423 1998 1568 2062; x_wconf 88' lang='lat' dir='ltr'><strong>reliq.</strong></span> <span class='ocrx_word' id='word_1_170' title='bbox 1600 1997 1737 2045; x_wconf 86' lang='lat' dir='ltr'><strong>Men.</strong></span> <span class='ocrx_word' id='word_1_171' title='bbox 1763 2013 1815 2062; x_wconf 85' lang='lat' dir='ltr'><strong>p.</strong></span> <span class='ocrx_word' id='word_1_172' title='bbox 1840 1996 2068 2047; x_wconf 89' lang='lat' dir='ltr'><strong>XXXlV.</strong></span> 
     </span>
     <span class='ocr_line' id='line_1_22' title="bbox 357 2077 2068 2139; baseline 0 -13"><span class='ocrx_word' id='word_1_173' title='bbox 357 2077 483 2127; x_wconf 88' lang='lat' dir='ltr'><strong>ltem</strong></span> <span class='ocrx_word' id='word_1_174' title='bbox 531 2078 663 2126; x_wconf 86' lang='lat' dir='ltr'><strong>inter</strong></span> <span class='ocrx_word' id='word_1_175' title='bbox 718 2082 1135 2125; x_wconf 85' lang='lat' dir='ltr'><strong>commentatores</strong></span> <span class='ocrx_word' id='word_1_176' title='bbox 1195 2083 1519 2127; x_wconf 86' lang='lat' dir='ltr'><strong>numerantur</strong></span> <span class='ocrx_word' id='word_1_177' title='bbox 1563 2077 2068 2139; x_wconf 77' lang='lat' dir='ltr'><strong>Philochorus,</strong></span> 
     </span>
     <span class='ocr_line' id='line_1_23' title="bbox 355 2156 2067 2222; baseline 0 -17"><span class='ocrx_word' id='word_1_178' title='bbox 355 2158 442 2221; x_wconf 89' lang='lat' dir='ltr'><strong>qui</strong></span> <span class='ocrx_word' id='word_1_179' title='bbox 475 2158 628 2206; x_wconf 85' lang='lat' dir='ltr'><strong>vitam</strong></span> <span class='ocrx_word' id='word_1_180' title='bbox 664 2157 923 2219; x_wconf 88' lang='lat' dir='ltr'><strong>Euripidis</strong></span> <span class='ocrx_word' id='word_1_181' title='bbox 959 2158 1176 2205; x_wconf 82' lang='lat' dir='ltr'><strong>narravit</strong></span> <span class='ocrx_word' id='word_1_182' title='bbox 1211 2156 1405 2218; x_wconf 85' lang='lat' dir='ltr'><strong>(Orest.</strong></span> <span class='ocrx_word' id='word_1_183' title='bbox 1429 2174 1475 2206; x_wconf 84' lang='lat' dir='ltr'><strong>v.</strong></span> <span class='ocrx_word' id='word_1_184' title='bbox 1504 2160 1617 2206; x_wconf 86' lang='grc'><strong>361.</strong></span> <span class='ocrx_word' id='word_1_185' title='bbox 1641 2160 1757 2209; x_wconf 73' lang='grc'><strong>769.</strong></span> <span class='ocrx_word' id='word_1_186' title='bbox 1785 2157 1994 2222; x_wconf 87' lang='lat' dir='ltr'><strong>Hippol.</strong></span> <span class='ocrx_word' id='word_1_187' title='bbox 2021 2173 2067 2206; x_wconf 85' lang='lat' dir='ltr'><strong>v.</strong></span> 
     </span>
     <span class='ocr_line' id='line_1_24' title="bbox 356 2235 2067 2302; baseline -0.001 -17"><span class='ocrx_word' id='word_1_188' title='bbox 356 2239 436 2285; x_wconf 87' lang='grc'><strong>72.</strong></span> <span class='ocrx_word' id='word_1_189' title='bbox 474 2254 526 2302; x_wconf 88' lang='lat' dir='ltr'><strong>p.</strong></span> <span class='ocrx_word' id='word_1_190' title='bbox 573 2239 687 2285; x_wconf 91' lang='grc'><strong>419.</strong></span> <span class='ocrx_word' id='word_1_191' title='bbox 723 2235 953 2299; x_wconf 58' lang='lat' dir='ltr'><strong>Manu),</strong></span> <span class='ocrx_word' id='word_1_192' title='bbox 1003 2237 1458 2300; x_wconf 90' lang='lat' dir='ltr'><strong>Apollodorus</strong></span> <span class='ocrx_word' id='word_1_193' title='bbox 1509 2237 1866 2286; x_wconf 83' lang='lat' dir='ltr'><strong>Tarsensis</strong></span> <span class='ocrx_word' id='word_1_194' title='bbox 1911 2236 2067 2300; x_wconf 84' lang='lat' dir='ltr'><strong>tragi-</strong></span> 
     </span>
     <span class='ocr_line' id='line_1_25' title="bbox 356 2314 2066 2382; baseline -0.001 -15"><span class='ocrx_word' id='word_1_195' title='bbox 356 2334 446 2367; x_wconf 86' lang='lat' dir='ltr'><strong>cus</strong></span> <span class='ocrx_word' id='word_1_196' title='bbox 464 2314 577 2382; x_wconf 81' lang='grc'>***)</span> <span class='ocrx_word' id='word_1_197' title='bbox 610 2322 661 2365; x_wconf 92' lang='lat' dir='ltr'><strong>et</strong></span> <span class='ocrx_word' id='word_1_198' title='bbox 696 2316 751 2364; x_wconf 90' lang='lat' dir='ltr'><strong>M</strong></span> <span class='ocrx_word' id='word_1_199' title='bbox 769 2322 1122 2365; x_wconf 90' lang='lat' dir='ltr'><strong>enecrates</strong></span> <span class='ocrx_word' id='word_1_200' title='bbox 1159 2317 1380 2365; x_wconf 90' lang='lat' dir='ltr'><strong>comicus</strong></span> <span class='ocrx_word' id='word_1_201' title='bbox 1409 2325 1559 2381; x_wconf 89' lang='lat' dir='ltr'><strong>poeta</strong></span> <span class='ocrx_word' id='word_1_202' title='bbox 1582 2315 1743 2379; x_wconf 90' lang='lat' dir='ltr'><strong>(Suid.</strong></span> <span class='ocrx_word' id='word_1_203' title='bbox 1758 2332 1798 2363; x_wconf 88' lang='lat' dir='ltr'><strong>s.</strong></span> <span class='ocrx_word' id='word_1_204' title='bbox 1813 2331 1889 2363; x_wconf 86' lang='lat' dir='ltr'><strong>vv.</strong></span> <span class='ocrx_word' id='word_1_205' title='bbox 1907 2315 2066 2365; x_wconf 91' lang='lat' dir='ltr'><strong>schol.</strong></span> 
     </span>
     <span class='ocr_line' id='line_1_26' title="bbox 353 2395 2065 2460; baseline -0.002 -13"><span class='ocrx_word' id='word_1_206' title='bbox 353 2396 495 2447; x_wconf 83' lang='lat' dir='ltr'><strong>Med.</strong></span> <span class='ocrx_word' id='word_1_207' title='bbox 529 2413 572 2445; x_wconf 88' lang='lat' dir='ltr'><strong>v.</strong></span> <span class='ocrx_word' id='word_1_208' title='bbox 603 2398 717 2444; x_wconf 88' lang='grc'><strong>149.</strong></span> <span class='ocrx_word' id='word_1_209' title='bbox 751 2399 865 2446; x_wconf 89' lang='grc'><strong>171.</strong></span> <span class='ocrx_word' id='word_1_210' title='bbox 901 2397 1059 2445; x_wconf 87' lang='lat' dir='ltr'><strong>Rhes.</strong></span> <span class='ocrx_word' id='word_1_211' title='bbox 1080 2411 1128 2444; x_wconf 83' lang='lat' dir='ltr'><strong>v.</strong></span> <span class='ocrx_word' id='word_1_212' title='bbox 1148 2397 1286 2460; x_wconf 85' lang='lat'>515.)</span> <span class='ocrx_word' id='word_1_213' title='bbox 1324 2413 1436 2446; x_wconf 89' lang='lat' dir='ltr'><strong>cum</strong></span> <span class='ocrx_word' id='word_1_214' title='bbox 1473 2396 1650 2444; x_wconf 84' lang='lat' dir='ltr'><strong>Tima</strong></span> <span class='ocrx_word' id='word_1_215' title='bbox 1671 2395 1864 2444; x_wconf 81' lang='lat' dir='ltr'><strong>chida</strong></span> <span class='ocrx_word' id='word_1_216' title='bbox 1901 2395 2065 2458; x_wconf 82' lang='lat' dir='ltr'><strong>(Med.</strong></span> 
     </span>
     <span class='ocr_line' id='line_1_27' title="bbox 351 2475 2068 2542; baseline -0.002 -15"><span class='ocrx_word' id='word_1_217' title='bbox 351 2494 398 2527; x_wconf 85' lang='lat' dir='ltr'><strong>v.</strong></span> <span class='ocrx_word' id='word_1_218' title='bbox 427 2480 457 2525; x_wconf 91' lang='grc'><strong>1</strong></span> <span class='ocrx_word' id='word_1_219' title='bbox 491 2482 544 2526; x_wconf 89' lang='lat' dir='ltr'><strong>et</strong></span> <span class='ocrx_word' id='word_1_220' title='bbox 587 2475 757 2540; x_wconf 82' lang='lat'><strong>169.)‚</strong></span> <span class='ocrx_word' id='word_1_221' title='bbox 827 2493 1034 2542; x_wconf 91' lang='lat' dir='ltr'><strong>quorum</strong></span> <span class='ocrx_word' id='word_1_222' title='bbox 1081 2480 1371 2539; x_wconf 88' lang='lat' dir='ltr'><strong>postremus</strong></span> <span class='ocrx_word' id='word_1_223' title='bbox 1417 2476 1795 2541; x_wconf 88' lang='lat' dir='ltr'><strong>reprehendere</strong></span> <span class='ocrx_word' id='word_1_224' title='bbox 1841 2491 1972 2538; x_wconf 91' lang='lat' dir='ltr'><strong>quae</strong></span> <span class='ocrx_word' id='word_1_225' title='bbox 2018 2476 2068 2524; x_wconf 90' lang='lat' dir='ltr'><strong>in</strong></span> 
     </span>
     <span class='ocr_line' id='line_1_28' title="bbox 351 2554 2068 2625; baseline -0.003 -17"><span class='ocrx_word' id='word_1_226' title='bbox 351 2565 559 2625; x_wconf 86' lang='lat' dir='ltr'><strong>promtu</strong></span> <span class='ocrx_word' id='word_1_227' title='bbox 593 2560 694 2608; x_wconf 90' lang='lat' dir='ltr'><strong>sint</strong></span> <span class='ocrx_word' id='word_1_228' title='bbox 729 2563 873 2608; x_wconf 92' lang='lat' dir='ltr'><strong>recte</strong></span> <span class='ocrx_word' id='word_1_229' title='bbox 908 2558 958 2606; x_wconf 94' lang='lat' dir='ltr'><strong>in</strong></span> <span class='ocrx_word' id='word_1_230' title='bbox 981 2556 1188 2606; x_wconf 88' lang='lat' dir='ltr'><strong>scholiis</strong></span> <span class='ocrx_word' id='word_1_231' title='bbox 1223 2556 1467 2621; x_wconf 85' lang='lat' dir='ltr'><strong>arguitur.</strong></span> <span class='ocrx_word' id='word_1_232' title='bbox 1537 2556 1851 2620; x_wconf 89' lang='lat' dir='ltr'><strong>Scriptorum</strong></span> <span class='ocrx_word' id='word_1_233' title='bbox 1881 2556 1943 2603; x_wconf 93' lang='lat' dir='ltr'><strong>ad</strong></span> <span class='ocrx_word' id='word_1_234' title='bbox 1974 2554 2068 2603; x_wconf 91' lang='lat' dir='ltr'><strong>So·-</strong></span> 
     </span>
     <span class='ocr_line' id='line_1_29' title="bbox 353 2627 2067 2704; baseline -0.004 -16"><span class='ocrx_word' id='word_1_235' title='bbox 353 2638 588 2704; x_wconf 90' lang='lat' dir='ltr'><strong>phoclem</strong></span> <span class='ocrx_word' id='word_1_236' title='bbox 652 2639 733 2687; x_wconf 88' lang='lat' dir='ltr'><strong>vel</strong></span> <span class='ocrx_word' id='word_1_237' title='bbox 789 2627 1099 2702; x_wconf 79' lang='lat' dir='ltr'><strong>Aeschylum</strong></span> <span class='ocrx_word' id='word_1_238' title='bbox 1146 2637 1480 2686; x_wconf 90' lang='lat' dir='ltr'><strong>communiter</strong></span> <span class='ocrx_word' id='word_1_239' title='bbox 1523 2637 1886 2701; x_wconf 89' lang='lat' dir='ltr'><strong>pertinentium</strong></span> <span class='ocrx_word' id='word_1_240' title='bbox 1933 2635 2067 2683; x_wconf 88' lang='lat' dir='ltr'><strong>haud</strong></span> 
     </span>
     <span class='ocr_line' id='line_1_30' title="bbox 352 2715 2067 2784; baseline -0.003 -16"><span class='ocrx_word' id='word_1_241' title='bbox 352 2735 510 2784; x_wconf 77' lang='lat' dir='ltr'><strong>pauca</strong></span> <span class='ocrx_word' id='word_1_242' title='bbox 548 2725 1027 2779; x_wconf 86' lang='lat' dir='ltr'><strong>commemorantur,</strong></span> <span class='ocrx_word' id='word_1_243' title='bbox 1065 2718 1203 2766; x_wconf 74' lang='lat' dir='ltr'><strong>velut</strong></span> <span class='ocrx_word' id='word_1_244' title='bbox 1235 2717 1645 2766; x_wconf 88' lang='lat' dir='ltr'><strong>Dicaearchi</strong></span> <span class='ocrx_word' id='word_1_245' title='bbox 1683 2716 1793 2780; x_wconf 79' lang='lat' dir='ltr'><strong>(qui</strong></span> <span class='ocrx_word' id='word_1_246' title='bbox 1826 2715 1922 2763; x_wconf 88' lang='lat' dir='ltr'><strong>fuit</strong></span> <span class='ocrx_word' id='word_1_247' title='bbox 1954 2715 2067 2764; x_wconf 90' lang='lat' dir='ltr'><strong>Ari-</strong></span> 
     </span>
     <span class='ocr_line' id='line_1_31' title="bbox 354 2792 2069 2863; baseline -0.002 -15"><span class='ocrx_word' id='word_1_248' title='bbox 354 2799 544 2848; x_wconf 86' lang='lat' dir='ltr'><strong>starchi</strong></span> <span class='ocrx_word' id='word_1_249' title='bbox 581 2798 882 2863; x_wconf 90' lang='lat' dir='ltr'><strong>discipulus)</strong></span> <span class='ocrx_word' id='word_1_250' title='bbox 932 2794 1219 2857; x_wconf 79' lang='grc' dir='ltr'>ὑποθέσεις</span> <span class='ocrx_word' id='word_1_251' title='bbox 1264 2797 1374 2847; x_wconf 80' lang='grc' dir='ltr'><strong>τῶν</strong></span> <span class='ocrx_word' id='word_1_252' title='bbox 1407 2795 1716 2863; x_wconf 71' lang='grc' dir='ltr'><em>Εὐριπίδου</em></span> <span class='ocrx_word' id='word_1_253' title='bbox 1754 2792 1846 2846; x_wconf 77' lang='grc' dir='ltr'><strong>καὶ</strong></span> <span class='ocrx_word' id='word_1_254' title='bbox 1880 2796 2069 2860; x_wconf 87' lang='grc' dir='ltr'><em>Σοφο-</em></span> 
     </span>
     <span class='ocr_line' id='line_1_32' title="bbox 352 2875 2066 2944; baseline -0.004 -14"><span class='ocrx_word' id='word_1_255' title='bbox 352 2875 545 2939; x_wconf 81' lang='grc' dir='ltr'><strong><em>κλέους</em></strong></span> <span class='ocrx_word' id='word_1_256' title='bbox 578 2877 776 2944; x_wconf 77' lang='grc' dir='ltr'><em>μύθων</em></span> <span class='ocrx_word' id='word_1_257' title='bbox 822 2880 959 2937; x_wconf 81' lang='lat' dir='ltr'><strong>(vide</strong></span> <span class='ocrx_word' id='word_1_258' title='bbox 996 2879 1204 2929; x_wconf 85' lang='lat' dir='ltr'><strong>Sextum</strong></span> <span class='ocrx_word' id='word_1_259' title='bbox 1239 2880 1387 2943; x_wconf 84' lang='lat' dir='ltr'><strong>Emp.</strong></span> <span class='ocrx_word' id='word_1_260' title='bbox 1424 2880 1537 2927; x_wconf 84' lang='lat' dir='ltr'><strong>adv.</strong></span> <span class='ocrx_word' id='word_1_261' title='bbox 1574 2878 1758 2927; x_wconf 84' lang='lat' dir='ltr'><strong>Matth.</strong></span> <span class='ocrx_word' id='word_1_262' title='bbox 1795 2877 1880 2926; x_wconf 89' lang='lat' dir='ltr'><strong>Ill.</strong></span> <span class='ocrx_word' id='word_1_263' title='bbox 1914 2877 2066 2935; x_wconf 66' lang='lat' dir='ltr'><strong>init),</strong></span> 
     </span>
     <span class='ocr_line' id='line_1_33' title="bbox 351 2955 2066 3026; baseline -0.002 -17"><span class='ocrx_word' id='word_1_264' title='bbox 351 2959 599 3010; x_wconf 86' lang='lat' dir='ltr'><strong>Durios</strong></span> <span class='ocrx_word' id='word_1_265' title='bbox 647 2957 770 3026; x_wconf 80' lang='grc' dir='ltr'><em>περὶ</em></span> <span class='ocrx_word' id='word_1_266' title='bbox 809 2958 1121 3024; x_wconf 79' lang='grc' dir='ltr'><em>Εὐριπίδου</em></span> <span class='ocrx_word' id='word_1_267' title='bbox 1156 2957 1247 3010; x_wconf 84' lang='grc' dir='ltr'><strong>καὶ</strong></span> <span class='ocrx_word' id='word_1_268' title='bbox 1280 2956 1633 3023; x_wconf 79' lang='grc' dir='ltr'><em>Σοφοκλέους</em></span> <span class='ocrx_word' id='word_1_269' title='bbox 1669 2958 1878 3019; x_wconf 88' lang='lat' dir='ltr'><strong>(Athen.</strong></span> <span class='ocrx_word' id='word_1_270' title='bbox 1905 2955 1990 3006; x_wconf 84' lang='lat' dir='ltr'><strong>lv.</strong></span> <span class='ocrx_word' id='word_1_271' title='bbox 2015 2971 2066 3020; x_wconf 89' lang='lat' dir='ltr'><strong>p.</strong></span> 
     </span>
    </p>
   </div>
   <div class='ocr_carea' id='block_1_3' title="bbox 408 3166 2067 3298">
    <p class='ocr_par' dir='ltr' id='par_1_3' title="bbox 408 3166 2067 3298">
     <span class='ocr_line' id='line_1_34' title="bbox 408 3166 2067 3227; baseline -0.005 -14"><span class='ocrx_word' id='word_1_272' title='bbox 408 3171 460 3227; x_wconf 73' lang='lat' dir='ltr'><strong>*J</strong></span> <span class='ocrx_word' id='word_1_273' title='bbox 488 3172 557 3213; x_wconf 90' lang='lat' dir='ltr'><strong>De</strong></span> <span class='ocrx_word' id='word_1_274' title='bbox 587 3171 677 3213; x_wconf 90' lang='lat' dir='ltr'><strong>hoc</strong></span> <span class='ocrx_word' id='word_1_275' title='bbox 708 3172 919 3221; x_wconf 81' lang='lat' dir='ltr'><strong>conferas</strong></span> <span class='ocrx_word' id='word_1_276' title='bbox 937 3172 1099 3214; x_wconf 86' lang='lat' dir='ltr'><strong>Athen.</strong></span> <span class='ocrx_word' id='word_1_277' title='bbox 1123 3170 1158 3211; x_wconf 91' lang='lat' dir='ltr'><strong>I.</strong></span> <span class='ocrx_word' id='word_1_278' title='bbox 1187 3184 1231 3225; x_wconf 87' lang='lat' dir='ltr'><strong>p.</strong></span> <span class='ocrx_word' id='word_1_279' title='bbox 1254 3168 1325 3210; x_wconf 84' lang='lat'><strong>21.</strong></span> <span class='ocrx_word' id='word_1_280' title='bbox 1350 3170 1406 3210; x_wconf 90' lang='lat' dir='ltr'><strong>D.</strong></span> <span class='ocrx_word' id='word_1_281' title='bbox 1437 3172 1482 3211; x_wconf 89' lang='lat' dir='ltr'><strong>et</strong></span> <span class='ocrx_word' id='word_1_282' title='bbox 1503 3166 1804 3210; x_wconf 86' lang='lat' dir='ltr'><strong>recentiorum</strong></span> <span class='ocrx_word' id='word_1_283' title='bbox 1835 3178 1928 3218; x_wconf 85' lang='lat' dir='ltr'><strong>eos,</strong></span> <span class='ocrx_word' id='word_1_284' title='bbox 1953 3175 2067 3218; x_wconf 86' lang='lat' dir='ltr'><strong>quos</strong></span> 
     </span>
     <span class='ocr_line' id='line_1_35' title="bbox 496 3239 1355 3298; baseline -0.005 -14"><span class='ocrx_word' id='word_1_285' title='bbox 496 3241 676 3298; x_wconf 83' lang='lat' dir='ltr'><strong>Pflugk.</strong></span> <span class='ocrx_word' id='word_1_286' title='bbox 710 3242 858 3297; x_wconf 85' lang='lat' dir='ltr'><strong>praef.</strong></span> <span class='ocrx_word' id='word_1_287' title='bbox 890 3257 933 3297; x_wconf 85' lang='lat' dir='ltr'><strong>p.</strong></span> <span class='ocrx_word' id='word_1_288' title='bbox 967 3241 1060 3283; x_wconf 79' lang='lat' dir='ltr'><strong>XL.</strong></span> <span class='ocrx_word' id='word_1_289' title='bbox 1091 3239 1355 3282; x_wconf 81' lang='lat' dir='ltr'><strong>nominavit.</strong></span> 
     </span>
    </p>
   </div>
   <div class='ocr_carea' id='block_1_4' title="bbox 361 3304 2066 3438">
    <p class='ocr_par' dir='ltr' id='par_1_4' title="bbox 361 3304 2066 3438">
     <span class='ocr_line' id='line_1_36' title="bbox 370 3304 1805 3368; baseline -0.005 -12"><span class='ocrx_word' id='word_1_290' title='bbox 370 3311 455 3368; x_wconf 73' lang='grc'><strong>**)</strong></span> <span class='ocrx_word' id='word_1_291' title='bbox 496 3311 662 3355; x_wconf 80' lang='lat' dir='ltr'><strong>Suidas</strong></span> <span class='ocrx_word' id='word_1_292' title='bbox 690 3326 725 3354; x_wconf 86' lang='lat' dir='ltr'><strong>s.</strong></span> <span class='ocrx_word' id='word_1_293' title='bbox 757 3327 800 3355; x_wconf 80' lang='lat' dir='ltr'><strong>v.</strong></span> <span class='ocrx_word' id='word_1_294' title='bbox 841 3311 1060 3366; x_wconf 79' lang='grc' dir='ltr'><strong>συνέταξε</strong></span> <span class='ocrx_word' id='word_1_295' title='bbox 1091 3309 1141 3354; x_wconf 71' lang='grc' dir='ltr'><strong>δὲ</strong></span> <span class='ocrx_word' id='word_1_296' title='bbox 1169 3312 1361 3353; x_wconf 81' lang='grc' dir='ltr'><strong>πλεῖστα</strong></span> <span class='ocrx_word' id='word_1_297' title='bbox 1393 3339 1404 3351; x_wconf 97' lang='grc'><strong>.</strong></span> <span class='ocrx_word' id='word_1_298' title='bbox 1439 3340 1448 3350; x_wconf 97' lang='grc'><strong>.</strong></span> <span class='ocrx_word' id='word_1_299' title='bbox 1478 3304 1805 3363; x_wconf 75' lang='grc' dir='ltr'><strong>ὑπομνήματα.</strong></span> 
     </span>
     <span class='ocr_line' id='line_1_37' title="bbox 361 3372 2066 3438; baseline -0.007 -12"><span class='ocrx_word' id='word_1_300' title='bbox 361 3382 476 3438; x_wconf 71' lang='lat'><strong>***)</strong></span> <span class='ocrx_word' id='word_1_301' title='bbox 507 3381 753 3425; x_wconf 83' lang='lat' dir='ltr'><strong>Diversum</strong></span> <span class='ocrx_word' id='word_1_302' title='bbox 791 3397 819 3425; x_wconf 85' lang='lat' dir='ltr'><strong>a</strong></span> <span class='ocrx_word' id='word_1_303' title='bbox 855 3387 992 3438; x_wconf 83' lang='lat' dir='ltr'><strong>poeta</strong></span> <span class='ocrx_word' id='word_1_304' title='bbox 1034 3379 1389 3438; x_wconf 81' lang='lat' dir='ltr'><strong>grammaticum</strong></span> <span class='ocrx_word' id='word_1_305' title='bbox 1427 3378 1563 3421; x_wconf 77' lang='lat' dir='ltr'><strong>fuisse</strong></span> <span class='ocrx_word' id='word_1_306' title='bbox 1613 3381 1764 3420; x_wconf 88' lang='lat' dir='ltr'><strong>censet</strong></span> <span class='ocrx_word' id='word_1_307' title='bbox 1802 3374 1965 3429; x_wconf 79' lang='lat' dir='ltr'><strong>Heyne</strong></span> <span class='ocrx_word' id='word_1_308' title='bbox 2007 3372 2066 3415; x_wconf 81' lang='lat' dir='ltr'><strong>ad</strong></span> 
     </span>
    </p>
   </div>
   <div class='ocr_carea' id='block_1_5' title="bbox 497 3442 2062 3581">
    <p class='ocr_par' dir='ltr' id='par_1_5' title="bbox 497 3442 2062 3581">
     <span class='ocr_line' id='line_1_38' title="bbox 497 3442 2062 3508; baseline -0.006 -12"><span class='ocrx_word' id='word_1_309' title='bbox 497 3453 712 3508; x_wconf 81' lang='lat' dir='ltr'><strong>Apollod.</strong></span> <span class='ocrx_word' id='word_1_310' title='bbox 741 3453 863 3495; x_wconf 92' lang='lat' dir='ltr'><strong>Bibl.</strong></span> <span class='ocrx_word' id='word_1_311' title='bbox 890 3454 923 3494; x_wconf 87' lang='grc' dir='ltr'><strong>Ι.</strong></span> <span class='ocrx_word' id='word_1_312' title='bbox 955 3467 998 3507; x_wconf 86' lang='lat' dir='ltr'><strong>p.</strong></span> <span class='ocrx_word' id='word_1_313' title='bbox 1029 3449 1130 3493; x_wconf 78' lang='lat'><strong>457.</strong></span> <span class='ocrx_word' id='word_1_314' title='bbox 1189 3450 1425 3497; x_wconf 84' lang='lat' dir='ltr'><strong>Laudatur</strong></span> <span class='ocrx_word' id='word_1_315' title='bbox 1451 3450 1575 3494; x_wconf 86' lang='lat' dir='ltr'><strong>idem</strong></span> <span class='ocrx_word' id='word_1_316' title='bbox 1604 3448 1720 3493; x_wconf 86' lang='lat' dir='ltr'><strong>inter</strong></span> <span class='ocrx_word' id='word_1_317' title='bbox 1746 3442 2062 3500; x_wconf 73' lang='lat' dir='ltr'><strong>Aristophanis</strong></span> 
     </span>
     <span class='ocr_line' id='line_1_39' title="bbox 510 3519 1303 3581; baseline -0.004 -15"><span class='ocrx_word' id='word_1_318' title='bbox 510 3522 779 3581; x_wconf 83' lang='lat' dir='ltr'><strong>interpretes</strong></span> <span class='ocrx_word' id='word_1_319' title='bbox 807 3524 950 3566; x_wconf 87' lang='lat' dir='ltr'><strong>schol.</strong></span> <span class='ocrx_word' id='word_1_320' title='bbox 981 3523 1098 3573; x_wconf 71' lang='lat' dir='ltr'><strong>Rau.</strong></span> <span class='ocrx_word' id='word_1_321' title='bbox 1129 3536 1173 3565; x_wconf 82' lang='lat' dir='ltr'><strong>v.</strong></span> <span class='ocrx_word' id='word_1_322' title='bbox 1204 3519 1303 3564; x_wconf 73' lang='lat'><strong>323.</strong></span> 
     </span>
    </p>
   </div>
  </div>
 </body>
</html>
