2202 3892
983 279 1102 339 245

343 429 560 494 „Nam
602 430 887 478 maximo
938 430 1124 478 saltu
1169 428 1879 495 superabit-gravidus

1000 509 1277 558 armatis
1312 525 1549 574 equus,

265 611 269 614 ·
338 590 466 652 Qui
495 606 617 638 suo
647 595 857 655 partu
894 588 1107 637 ardua
1135 587 1385 654 perdat
1423 588 1796 655 Pergama.''

206 671 283 721 Ad
317 671 555 720 Hecubae
589 671 717 718 vitae
751 670 900 717 finem
935 669 1148 732 pertinet
1182 682 1354 715 versus
1389 668 1494 715 hic:

330 742 550 816 Ἑκάτης
583 750 791 814 ἄγαλμα
824 747 1121 812 φωςφόρου
1155 745 1304 797 κύων
1339 744 1506 812 ἔσῃ*).
1584 751 1589 756 ’

207 831 365 895 Quem
399 833 616 880 imitatus
651 838 729 880 est
761 829 1014 924 Aristopil.
1046 829 1222 894 fragm.
1256 829 1348 877 inc.
1375 834 1456 878 82
1488 830 1664 894 Bergk.
1686 848 1733 896 p.
1750 833 1875 880 30⁷:

700 936 762 945 —
892 906 981 959 καὶ
1015 908 1163 958 κύων
1196 907 1491 974 ἀκράχολος

326 982 547 1055 Ἑκάτης
581 989 790 1054 ἄγαλμα
824 989 1119 1055 φωςφόρου
1153 989 1458 1056 γενήσομαι.

309 1070 472 1137 ,Ilaec
519 1072 723 1119 audiens
770 1072 982 1136 populns
1031 1074 1217 1135 spernit
1251 1088 1344 1120 nec
1378 1073 1530 1120 fidem
1564 1072 1718 1121 habet
1750 1071 1874 1120 furi-

204 1150 423 1202 bundae:
457 1152 589 1215 quod
623 1152 1012 1200 animadvertens
1045 1153 1126 1200 illa
1163 1154 1236 1200 sic
1271 1153 1611 1215 conqueritur:

334 1231 573 1293 ἄκραντα
605 1232 707 1296 γάρ
742 1232 795 1294 μ’
832 1229 988 1297 ἔθηκε
1022 1231 1292 1294 θεσπίζειν
1324 1230 1465 1294 θεός,

331 1308 421 1362 καὶ
452 1309 585 1374 πρὸς
616 1310 909 1361 παθόντων
943 1310 1046 1362 κᾶν
1080 1316 1289 1364 κακοῖσι
1322 1310 1579 1377 κειμένων

332 1388 475 1457 σοφὴ
509 1389 775 1456 κέκλημαι,
809 1391 938 1457 πρὶν
970 1396 1167 1443 παθεῖν
1197 1392 1261 1445 δὲ
1296 1393 1567 1460 μαίνομαι.

329 1472 822 1537 „Praesagibat
893 1476 1153 1524 animus
1217 1479 1509 1541 frustra
1573 1490 1667 1524 me
1743 1475 1873 1536 ire,

991 1572 1183 1622 quum
1219 1558 1478 1605 exirem
1515 1555 1749 1605 dom0.''

337 1625 475 1693 Ζεὺς
509 1632 610 1698 γὰρ
644 1632 811 1684 κακὸν
844 1633 940 1700 μὲν
981 1635 1172 1698 Τρωσί,
1208 1639 1358 1703 πῆμα
1394 1635 1441 1685 δ’
1468 1627 1679 1685 Ἑλλάδι

328 1712 501 1765 θέλων
533 1712 782 1779 γενέσθαι
811 1718 958 1766 ταῦτ’
995 1714 1309 1782 ἐβούλευσεν
1342 1716 1512 1782 πατήρ
1528 1714 1624 1780 **).

331 1795 592 1844 Postremo
640 1803 797 1844 mater
843 1812 898 1845 se
946 1798 1216 1861 interponit
1251 1804 1303 1846 et
1350 1797 1559 1845 comiter
1592 1793 1874 1858 castigando

200 1874 510 1939 benigneque
542 1882 771 1924 monente
806 1877 867 1923 ad
903 1892 1069 1924 sanam
1105 1883 1320 1926 mentem
1347 1878 1496 1926 filiam
1526 1871 1871 1936 revocat***):

897 1955 1186 2006 HECUBA.

333 2034 506 2098 „Sed
557 2035 720 2101 quid
765 2036 980 2085 oculis
1043 2037 1286 2086 rabere
1342 2039 1494 2087 visa
1548 2053 1613 2085 es
1674 2034 1872 2083 dere-

987 2126 1204 2183 pente
1241 2117 1682 2166 ardentibus?

338 2194 465 2245 Ubi
506 2197 640 2245 illa
675 2198 919 2263 paullo
971 2206 1133 2247 ante
1164 2200 1476 2264 sapiens,
1523 2194 1875 2261 virginali

989 2296 1038 2327 m
1057 2295 1085 2327 o
1101 2278 1135 2327 d
1151 2286 1247 2328 est
1265 2279 1367 2328 ia?
1385 2277 1414 2300 ’⁹

823 2359 1227 2409 CASSANDRA.

327 2434 629 2500 „Mater‚
682 2440 1077 2504 optimatum
1124 2441 1331 2489 multo
1363 2440 1609 2489 mulier
1641 2436 1873 2486 melior

955 2536 958 2538 ·
986 2521 1192 2569 mulie
1206 2536 1370 2578 rum,

334 2594 551 2646 Missa
618 2614 760 2647 sum
839 2601 1369 2666 superstitiosis
1439 2599 1872 2648 hariolatio-

984 2682 1220 2741 nibus,

339 2753 575 2822 Meque
610 2759 1331 2825 Apollosatisfandis
1366 2760 1740 2809 dementem
1775 2757 1871 2804 iu-

987 2842 1197 2890 vitam
1234 2842 1385 2890 ciet.

340 2914 664 2981 Virgines
711 2919 1153 2988 aequales-D,
1216 2922 1431 2987 patris
1489 2921 1619 2969 mei
1666 2918 1875 2968 meum

974 3003 1242 3066 sactum
1273 2999 1518 3066 pudet,

252 3183 303 3239 ³⁴t')
332 3183 516 3241 Fragm.
550 3183 635 3225 inc.
665 3183 762 3227 126.
817 3186 884 3231 Cf.
914 3190 1087 3232 welck.

226 3253 303 3308 we)
333 3254 518 3311 Fragm.
552 3255 635 3296 inc.
666 3260 782 3311 trag.
814 3258 910 3300 100.
971 3261 1039 3303 Cf.
1071 3259 1243 3302 Welck.
1275 3275 1318 3315 p.
1348 3258 1445 3301 475·

200 3323 303 3378 amit)
337 3325 405 3367 cf.
436 3326 602 3367 Troad.
634 3341 679 3367 v.
712 3325 809 3369 170.
839 3334 883 3370 et
910 3328 1009 3373 350.

259 3392 312 3449 †)
340 3395 478 3440 Chori
506 3396 708 3453 virgines
736 3397 824 3441 dici
851 3400 1137 3445 manifestum
1166 3403 1244 3443 est.
