2202 3892
927 261 1051 318 277

141 413 282 479 ipsse
327 410 654 461 consolantur.
736 409 847 460 Nou
889 411 1098 476 amplius
1148 410 1283 459 humi
1322 425 1500 475 corpus
1536 409 1700 459 abiicit
1729 426 1817 460 re-

137 494 281 558 gina,
317 508 423 541 ‘non
467 491 764 540 obmutescit
797 491 994 551 dolore,
1044 505 1138 540 non
1175 496 1341 555 stupet
1373 498 1629 540 nautarum
1662 491 1816 540 instar

137 579 403 638 superante
460 578 783 637 tempestate,
842 571 929 619 sed
978 571 1187 635 erigitur
1232 572 1531 620 conscientia
1579 571 1812 620 virtutum

133 668 412 716 magnoque
459 654 616 700 animo
659 652 759 699 fert
804 651 1175 699 acerbissimum
1220 650 1439 698 dolorem
1486 656 1717 714 nepotem
1762 651 1841 724 in⁸

137 739 279 782 scuto
328 733 561 781 Hectoris
607 746 931 795 componens;
978 746 1073 779 non
1111 730 1318 789 clamat,
1354 747 1449 779 non
1484 731 1665 790 eiulat,
1713 745 1811 779 non

138 813 294 862 saevit
329 812 527 873 dolore,
580 812 666 858 sed
715 818 971 857 mansueto
1020 811 1178 858 animo
1230 816 1281 859 et
1328 811 1648 859 meditatione
1697 825 1811 858 sen-

135 894 402 942 tentiarum
445 892 838 956 gravissimarum
885 891 1085 938 subacta
1132 891 1335 940 iniurias
1383 891 1607 939 fortunae
1643 895 1694 938 et
1727 905 1806 938 su-

135 974 291 1039 perba
336 972 549 1020 hostium
597 971 814 1019 facinora
861 977 1102 1020 recenset.
1172 970 1266 1020 Vix
1300 972 1450 1035 igitur
1482 972 1530 1020 in
1565 970 1662 1020 ulla
1708 974 1809 1018 tra-

134 1052 311 1116 goedia
356 1059 458 1100 tam
505 1051 657 1099 multa
702 1057 902 1115 tamque
950 1051 1114 1116 gravia
1159 1052 1505 1117 philosophiae
1540 1055 1810 1116 praecepta

135 1133 381 1182 contraria
414 1132 750 1198 opinionibus,
800 1132 976 1194 quibus
1022 1132 1122 1180 vita
1156 1132 1366 1180 humana
1397 1131 1678 1195 perturbari
1722 1144 1809 1178 so-

133 1212 232 1274 let,
277 1229 387 1261 cum
438 1213 633 1260 theatro
681 1211 950 1276 Euripides
1000 1213 1382 1263 communicavit.
1455 1212 1529 1261 Ad
1567 1211 1699 1274 quod
1734 1208 1808 1258 fa-

133 1293 359 1342 ciendum
409 1292 540 1340 nulla
586 1292 963 1356 permovebatur
995 1292 1361 1340 contradicendi
1394 1291 1581 1339 civibus
1617 1288 1809 1354 cupidi-

131 1376 264 1432 tate,
324 1371 456 1420 nullo
507 1370 746 1435 Diagorae
796 1370 1196 1435 Protagoraeque
1242 1370 1579 1436 patrocinandi
1624 1368 1807 1430 studio,

132 1450 222 1501 sed
268 1467 407 1500 mero
457 1451 727 1515 sapientiae
775 1466 970 1510 amore,
1016 1458 1072 1500 ut
1114 1453 1163 1501 in
1199 1469 1292 1517 qua
1327 1452 1431 1500 sola
1464 1451 1613 1499 tantis
1646 1448 1807 1509 malis,

130 1537 311 1598 quanta
346 1531 470 1579 haec
503 1531 756 1595 tragoedia
790 1537 1162 1595 repraesentat,
1212 1538 1474 1596 tantaeque
1511 1528 1807 1596 aegritudini

89 1622 92 1623 ’
129 1613 426 1661 medicinam
461 1620 680 1675 paratam
719 1627 830 1659 esse
864 1611 1177 1675 intelligeret.

274 1691 450 1755 Neque
510 1691 570 1738 ab
630 1690 722 1738 hac
781 1696 965 1738 tantum
1026 1699 1167 1755 parte
1229 1693 1448 1757 tragicae
1505 1692 1599 1740 arti
1658 1694 1806 1754 poeta

132 1771 334 1838 egregie
379 1770 646 1832 satisfecit,
703 1770 790 1817 sed
838 1770 1076 1818 varietate
1119 1788 1312 1835 quoque
1361 1779 1410 1820 et
1451 1770 1807 1834 compositione

137 1866 302 1900 rerum
339 1850 468 1898 inter
502 1866 556 1897 se
584 1850 921 1914 oppositarum
948 1852 1204 1900 materiem
1232 1851 1506 1915 simplicem
1534 1849 1805 1898 exornavit.

132 1929 352 1979 Primum
417 1930 546 1977 enim
606 1930 828 1977 omnibus
878 1931 1143 1995 prostratis
1189 1932 1484 1994 afflictisque
1531 1929 1807 1978 Cassandra

130 2011 300 2075 prodit
355 2009 520 2057 divino
575 2009 744 2057 furore
794 2010 842 2058 in
895 2011 1015 2074 ipsis
1069 2011 1210 2059 malis
1258 2012 1582 2075 triumphans.
1662 2009 1805 2058 Tunc

129 2089 544 2153 contemplatione
578 2089 768 2137 virtutis
804 2090 1161 2155 probitatisque
1196 2107 1383 2153 eorum,
1420 2092 1501 2154 qui
1527 2092 1804 2140 succubue-

126 2174 260 2229 runt,
294 2170 443 2217 animi
477 2171 760 2234 eriguntur,
800 2186 924 2232 quae
958 2171 1111 2220 virtus
1145 2172 1338 2219 duobus
1373 2170 1806 2237 praestantissimis

128 2249 388 2314 exemplis,
425 2250 602 2297 summi
636 2250 727 2296 viri
762 2249 995 2299 Hectoris
1025 2256 1082 2299 ct
1117 2253 1439 2314 probissimae
1463 2252 1678 2298 feminae
1707 2250 1804 2298 An-

128 2331 442 2390 dromachae,
479 2331 568 2378 sub
605 2329 777 2378 oculos
812 2331 1029 2395 ponitur.
1099 2331 1175 2380 Ab
1210 2332 1287 2380 his
1321 2332 1511 2396 patriae
1543 2330 1805 2379 decoribus

130 2409 191 2459 ad
257 2425 564 2459 communem
623 2409 863 2459 Graeciae
920 2409 1202 2474 Troiaeque
1246 2420 1436 2476 pestem
1484 2411 1804 2475 spectandam

129 2504 417 2549 avocamur,
465 2490 526 2537 ad
564 2506 710 2554 quam
759 2492 1082 2539 accusandam
1135 2491 1342 2540 Hecuba
1389 2498 1441 2540 et
1475 2507 1565 2555 spe
1600 2489 1803 2538 ultionis

131 2575 184 2618 et
218 2569 552 2632 indignatione
574 2571 815 2620 incitatur.
879 2570 1136 2619 Postremo
1171 2572 1233 2618 ad
1269 2571 1452 2618 luctum
1481 2569 1647 2618 fabula
1672 2568 1806 2617 redit

131 2649 388 2711 omnisque
422 2650 633 2698 omnium
670 2651 812 2700 dolor
849 2650 911 2699 ad
948 2652 1087 2699 unius
1124 2651 1264 2715 pueri
1297 2656 1506 2699 mortem
1543 2649 1805 2713 deploran-

131 2727 245 2776 dam
281 2729 603 2790 convertitur,
649 2731 806 2779 donec
840 2737 1115 2780 extremum
1168 2731 1390 2780 dolorem
1421 2729 1631 2778 afferant
1663 2726 1803 2777 urbis

132 2807 415 2857 incendium
451 2814 601 2871 atque
637 2811 820 2864 ruinae.

263 2886 404 2949 Quod
433 2889 475 2935 si
510 2904 619 2946 res,
654 2905 778 2952 qnae
813 2892 1067 2952 eveniunt,
1104 2892 1264 2941 minus
1300 2891 1394 2939 alia
1439 2906 1499 2939 ex
1543 2890 1637 2937 alia
1675 2902 1801 2953 pen-

130 2967 248 3016 dent
292 2974 437 3029 atque
483 2977 776 3030 nascuntur,
826 2986 922 3019 non
959 2972 1054 3020 erit
1099 2970 1473 3035 vituperandum
1508 2970 1558 3018 in
1591 2985 1651 3018 eo
1686 2969 1803 3017 dra-

130 3053 292 3106 mate,
357 3047 486 3109 quod
539 3048 597 3094 ad
646 3052 1022 3100 consummanda
1069 3051 1472 3115 perficiendaque
1519 3066 1604 3109 ea,
1675 3064 1801 3113 quae

129 3126 375 3192 prioribus
411 3128 674 3191 tragoediis
709 3129 933 3178 inchoata
963 3139 1119 3189 erant,
1157 3132 1482 3194 compositum
1509 3133 1601 3188 est,
1636 3133 1686 3176 et
1711 3144 1799 3176 cu-

131 3207 208 3255 ius
245 3204 351 3254 fere
377 3207 598 3270 singulae
633 3215 795 3271 partes
832 3210 1032 3273 singulis
1064 3211 1256 3258 illarum
1294 3210 1612 3273 respondent.
1672 3207 1799 3255 Nam

134 3284 379 3348 colloquio
423 3285 676 3334 Minervae
727 3294 776 3335 et
825 3288 1040 3354 Neptuni
1100 3290 1159 3338 ad
1210 3288 1440 3337 effectum
1488 3289 1799 3335 adducuntur

134 3379 261 3427 quae
298 3366 353 3413 -in
395 3365 494 3414 tine
540 3365 816 3414 Palamedis
852 3370 1105 3433 praedicta
1138 3376 1281 3428 sunt;
1330 3368 1637 3417 Cassandrae
1670 3365 1800 3411 laeta

135 3441 187 3491 in
218 3445 366 3495 rebus
390 3445 600 3511 perditis
628 3447 902 3497 vaticinatio
924 3451 1148 3515 opposita
1172 3447 1249 3498 est
1276 3448 1404 3510 tristi
1429 3446 1668 3504 eiusdem,
1702 3457 1798 3505 qua
