2170 3866
967 277 1096 336 539

319 427 357 498 ἢ
389 428 443 481 τί
473 425 641 482 πλέον
670 420 810 480 εἶναι
842 424 1043 488 παῖδας
1073 422 1404 489 ἀνθρώποις,
1436 421 1619 487 πάτερ,

320 509 367 563 εἰ
400 508 474 578 μὴ
508 509 590 562 ’πὶ
619 513 735 571 τοῖς
767 508 1028 562 δεινοῖσιν
1059 503 1441 573 ὥφελήσομενς

185 592 388 643 Patiens
423 594 666 643 malorum
702 593 990 651 Alcmaeon,
1035 594 1095 639 ut
1138 588 1494 654 philosophum,
1527 586 1590 634 ab
1622 576 1890 631 atrociori-

184 673 281 723 bus
329 675 549 724 consiliis
599 674 921 723 abhorruisse
956 671 1186 719 videtur.
1252 668 1379 717 Nam
1425 667 1626 715 virum
1663 665 1888 713 bonum

186 770 303 804 eum
344 754 505 803 fuisse
552 755 731 804 Cicero
765 753 877 802 Fin.
906 750 992 812 IV,
1026 755 1111 811 23,
1147 752 1228 799 62.
1255 755 1485 798 testatur.
1570 745 1703 794 Huic
1736 745 1890 808 igitur

185 836 455 884 convenire
495 835 727 884 videntur
770 833 941 895 verba,
994 833 1173 898 quibus
1206 830 1413 880 Marcus
1453 828 1732 878 Antoninus
1777 840 1888 875 sae-

185 915 296 980 pius
328 931 452 964 usus
483 921 593 965 est:

320 993 366 1046 εἰ
401 993 446 1046 δ’
481 993 760 1062 ἠμελήθην
793 991 852 1045 ἐκ
883 993 1033 1045 θεῶν
1066 991 1157 1044 καὶ
1189 984 1339 1044 παῖδ’
1374 987 1502 1057 ἐμώ,

318 1071 422 1143 ἔχει
453 1076 620 1143 λόγον
652 1073 744 1128 καὶ
775 1079 955 1127 τοῦτο.

187 1155 380 1208 Rerum
432 1158 835 1209 commutationis
884 1156 1067 1207 indicia
1111 1156 1302 1205 haecce
1344 1154 1466 1203 satis
1500 1151 1768 1218 perspicua
1803 1166 1892 1202 ex-

189 1242 346 1288 stantt
951 1294 954 1297 ,

318 1316 480 1384 ὁρᾶτε
509 1317 608 1369 τὸν
639 1316 930 1382 τύραννον,
965 1314 1038 1376 ὥς
1070 1316 1248 1378 ἅπαις,
1280 1310 1461 1379 γέρων

318 1399 537 1466 φεύγει·
575 1400 804 1464 φρονεῖν
836 1396 897 1450 δὲ
930 1397 1140 1463 θνητὸν
1174 1396 1286 1448 ὄντ’
1322 1393 1393 1446 οὐ
1424 1391 1527 1461 χρὴ
1560 1388 1714 1459 μέγα.

319 1563 447 1624 φεῦ,
480 1564 614 1627 φεῦ·
648 1559 716 1612 τὰ
749 1559 953 1626 μεγάλα
985 1557 1185 1627 μεγάλα
1217 1554 1309 1609 καὶ
1339 1554 1529 1623 πάσχει
1560 1553 1718 1610 κακά.

187 1640 350 1691 Deum
394 1650 560 1692 autem
608 1645 760 1691 rebus
807 1644 1043 1691 extremis
1090 1640 1399 1696 interfuisse,
1447 1638 1533 1703 qui
1566 1639 1731 1702 Argos
1776 1638 1896 1688 Am-

188 1721 497 1786 philochium
545 1724 694 1771 condi
739 1723 938 1771 iuberet
984 1729 1037 1772 et
1070 1722 1425 1772 Alcmaeonem
1473 1720 1676 1784 quidem
1721 1735 1895 1786 regem

189 1802 572 1852 Atheniensium
606 1804 737 1866 fore,
782 1803 1170 1867 Amphilochum
1206 1807 1375 1850 autem
1406 1801 1587 1849 divinis
1623 1800 1896 1850 honoribus

190 1896 305 1932 cum
341 1884 642 1949 Amphiarao
676 1885 1012 1934 communiter
1044 1883 1283 1932 affectum
1329 1881 1394 1929 iri
1427 1881 1760 1946 praediceret,
1803 1898 1897 1933 ne-

193 1974 339 2012 cesse
371 1968 456 2012 est
477 1961 544 2031 *).

323 2043 379 2092 ln
411 2059 642 2093 vasorum
670 2045 878 2110 picturis
902 2044 1224 2094 Hamiltoniis
1259 2043 1347 2109 (Τ.
1361 2041 1393 2092 1.
1419 2042 1520 2094 tab.
1536 2042 1643 2106 20.)
1676 2048 1755 2093 est
1779 2059 1895 2106 una,

192 2138 288 2186 qua
322 2124 687 2190 Amphilochus
732 2141 959 2175 sororem
1010 2141 1075 2174 ex
1121 2125 1348 2175 manibus
1382 2130 1704 2189 tyrannorum
1740 2124 1897 2174 abdu-

190 2219 311 2252 cens
346 2205 573 2254 exhiberi
606 2206 822 2255 videtur.
903 2206 1098 2255 iuvenis
1144 2206 1301 2254 altera
1345 2221 1495 2254 manu
1539 2205 1780 2271 gladium,
1825 2207 1898 2255 al-

190 2289 299 2333 tera
333 2285 575 2350 virginem
611 2291 769 2347 tenet,
812 2286 1017 2335 abeunti
1051 2286 1248 2338 similis,
1334 2285 1445 2335 Rex
1478 2288 1737 2345 barbatuS,
1782 2303 1896 2336 sce-

188 2371 305 2429 ptro
346 2365 574 2429 insigniS,
622 2366 1023 2430 indignabundus
1065 2372 1265 2434 spectat
1310 2384 1439 2433 quae
1485 2367 1758 2433 prohibere
1797 2384 1896 2419 non

191 2444 371 2506 sudet3
404 2447 578 2512 regina
611 2452 807 2512 tergum
842 2448 993 2497 vertit
1024 2453 1078 2497 et
1112 2448 1316 2498 miranti
1342 2448 1523 2498 similis
1558 2449 1782 2514 respicit.

484 2778 550 2837 C.
618 2781 957 2840 Bacchae
1008 2785 1159 2842 sive
1212 2785 1588 2846 Pentheus.

291 2921 485 2973 Thebis
519 2936 604 2972 res
635 2929 856 2989 aguntur
887 2931 1003 2976 ante
1038 2927 1244 2977 domum
1277 2929 1414 2995 regis
1439 2928 1670 2982 Penthei.
1728 2930 1898 2982 Scena

191 3007 394 3068 praeter
418 3002 569 3052 aedes
595 3006 758 3068 regias
782 3007 1072 3071 sepulcrum
1101 3007 1333 3059 Semelae
1361 3011 1585 3060 imitatur
1607 3016 1661 3061 et
1692 3012 1897 3062 fuman-

196 3087 279 3132 tes
324 3084 610 3132 etiamnunc
645 3085 861 3137 aedificii
914 3089 1190 3153 parietinas
1239 3090 1342 3156 igni
1391 3092 1601 3142 coelesti
1649 3094 1898 3144 consumti

197 3177 312 3213 cum
358 3163 561 3213 flamma
603 3171 852 3230 perpetuo
903 3167 1130 3232 vivente,
1178 3170 1332 3235 idque
1379 3171 1679 3238 fulguritum
1712 3191 1898 3225 conse-

252 3346 304 3402 *)
341 3345 411 3389 Cf.
439 3346 648 3402 Apollod.
671 3349 703 3391 1.
731 3350 760 3392 l.
818 3350 1017 3396 Malalas
1040 3355 1255 3398 Chronol.
1288 3355 1430 3412 1272.
1470 3354 1627 3415 Niobe
1665 3355 1898 3413 ἐβασίλευ-

337 3413 876 3546 Ξεαζοῖύέξέμέλέᾅῖἓῖἷ
904 3421 983 3480 ἔτη
1014 3422 1119 3480 δύο,
1160 3424 1268 3483 περὶ
1303 3419 1363 3471 οὖ
1393 3424 1653 3485 Εὐριπίδης
1679 3421 1706 3471 ὅ
1737 3425 1896 3483 σοφώ-
