2164 3840
967 224 1090 284 385

189 373 288 439 δης
322 370 381 424 ἐν
414 371 587 439 Αὔγῃ.
658 373 769 436 Quo
811 373 989 424 timore
1023 377 1182 423 mater
1215 371 1279 421 ad
1314 373 1642 425 confitendam
1677 376 1871 443 culpam

187 460 360 505 coacta
394 460 487 504 est.
554 452 766 503 Detecto
802 459 963 503 autem
1000 453 1217 515 scelere,
1252 467 1349 502 non
1384 453 1546 505 defuit
1580 457 1663 521 qui
1695 464 1870 523 patro-

187 535 373 586 cinium
409 539 664 598 stupratae
699 534 1006 599 susciperet:

298 607 515 678 ’Ἑρωτα
550 611 597 664 δ’
633 610 770 674 ὄςτις
801 610 873 679 μὴ
910 610 1043 663 θεὸν
1074 609 1243 676 κρίνει
1276 609 1445 678 μέγαν

313 692 402 746 καὶ
434 695 543 745 τῶν
576 692 826 745 ἁπάντων
860 692 1135 758 δαιμόνων
1167 690 1477 758 ὑπέρτατον,

311 773 346 841 ἢ
382 775 564 836 σκαιός
596 771 754 834 ἐστιν,
787 772 822 840 ἢ
855 775 1033 825 καλῶν
1067 775 1280 839 ἄπειρος
1309 771 1385 824 ὢν

314 855 415 907 οὐκ
451 851 564 907 οἶδε
596 854 691 907 τὸν
724 852 973 921 μέγιστον
1006 853 1317 919 ἀνθρώποις
1352 853 1500 905 θεόν.

183 935 320 999 Quae
353 938 423 986 sic
458 938 699 986 convertit
736 928 977 986 Caecilius
1004 938 1132 1002 apud
1172 937 1276 988 cic.
1314 935 1466 985 Tusc.
1500 935 1585 999 IV,
1621 941 1702 1001 32,
1734 943 1828 991 68:

308 1016 704 1084 „(Cnpidinem)
742 1016 895 1066 deum
929 1018 1018 1084 qui
1050 1034 1153 1066 non
1186 1031 1438 1065 summum
1469 1023 1638 1082 putet,

311 1098 421 1146 Aut
458 1098 674 1146 stultum
706 1104 800 1146 aut
835 1113 1008 1147 rerum
1044 1114 1153 1146 esse
1186 1097 1485 1162 imperitum
1522 1098 1775 1163 existimo,

314 1176 410 1226 Gai
444 1178 498 1226 in
532 1194 690 1227 manu
723 1179 808 1233 sit,
847 1193 997 1243 quem
1033 1194 1142 1226 esse
1175 1176 1467 1235 dementem,
1503 1178 1648 1239 velit,

312 1256 472 1318 Quem
506 1274 708 1323 sapere,
745 1273 894 1323 quem
928 1258 1125 1317 sanari,
1161 1273 1311 1322 quem
1344 1258 1403 1304 in
1436 1256 1665 1306 morbum
1694 1260 1857 1323 iniici,

313 1336 475 1398 Quem
512 1344 693 1386 contra
729 1337 925 1395 amari,
962 1352 1112 1401 quem
1148 1337 1341 1401 expeti,
1375 1351 1525 1402 quem
1559 1342 1858 1390 arcessier.”

172 1413 286 1464 Hoc
320 1431 516 1480 quoque
553 1417 683 1465 inter
715 1415 809 1464 alia
843 1422 1008 1466 monet
1043 1415 1295 1476 defensor,
1331 1431 1445 1464 esse
1470 1417 1650 1480 probra
1674 1420 1856 1481 libero-

170 1510 280 1544 rum
314 1496 523 1560 benigne
558 1494 938 1545 dissimulanda:
986 1496 1153 1560 augeri
1199 1496 1328 1544 enim
1373 1496 1557 1545 malum
1605 1500 1767 1564 malo,
1813 1504 1856 1553 si

171 1573 486 1638 divulgentur
499 1593 512 1623 z

219 1667 227 1676 s
301 1653 362 1705 τὸ
396 1652 498 1719 γὰρ
534 1652 752 1714 ἐπιεικὲς
785 1653 979 1721 ὠφελεῖ
1006 1653 1100 1715 τὰς
1134 1654 1435 1720 συμφοράς.

168 1734 264 1783 His
297 1735 417 1784 nihil
453 1742 679 1784 movetur
713 1752 831 1795 rex,
873 1736 1037 1806 legum
1072 1738 1380 1785 reverentiae
1415 1735 1543 1800 pluS,
1580 1754 1724 1803 quam
1759 1740 1851 1790 mi-

170 1816 401 1864 serationi
434 1815 789 1875 maleficorum,
827 1814 1142 1865 tribuendum
1179 1831 1292 1865 esse
1330 1831 1569 1864 censens:

302 1893 370 1944 οὐ
405 1899 512 1944 τῶν
545 1893 863 1958 κακούργων
899 1887 1090 1957 οἶκτος,
1126 1893 1257 1945 ἀλλὰ
1289 1897 1381 1962 τῆς
1416 1893 1582 1960 δίκης.

168 1973 242 2022 De
297 1975 605 2024 damnatione
653 1991 711 2023 ac
768 1975 1010 2039 supplicio
1060 1976 1182 2024 haec
1239 1976 1440 2041 scripsit
1489 1976 1850 2040 Apollodorus:

166 2055 453 2118 „Deprensa
501 2071 529 2103 a
571 2061 714 2120 patre
760 2055 896 2118 virgo
931 2054 1172 2120 Nauplio,
1221 2054 1440 2118 Neptuni
1486 2056 1619 2116 filio,
1669 2059 1852 2108 tradita

165 2139 260 2194 est,
298 2135 379 2198 qui
415 2141 551 2184 extra
579 2135 704 2183 fines
735 2139 1043 2199 exportatam
1073 2134 1339 2193 venderet3
1373 2151 1582 2198 puerum
1611 2141 1773 2186 autem
1799 2138 1851 2188 in

163 2214 483 2263 Parthenium
518 2220 734 2263 montem
770 2215 958 2263 deferri
992 2215 1337 2279 exponendum
1371 2214 1538 2263 iussit:
1575 2215 1657 2278 qui
1687 2216 1849 2266 divina

162 2293 371 2358 quadam
407 2294 718 2358 providentia
754 2298 1073 2342 conservatus
1100 2299 1193 2342 est.
1260 2294 1384 2343 Nam
1409 2310 1570 2355 cerva,
1607 2312 1732 2359 quae
1759 2313 1849 2346 nu-

160 2375 378 2438 perrime
425 2377 712 2439 pepererat,
761 2373 829 2421 illi
877 2374 1027 2422 ubera
1062 2374 1314 2438 praebuit3
1361 2389 1474 2422 mox
1508 2380 1735 2439 pastores
1770 2392 1848 2424 as-

161 2459 375 2501 sumtum
436 2453 676 2502 infantem
726 2451 1010 2518 Telephum
1068 2453 1360 2501 vocitarunt.
1453 2454 1626 2516 Augen
1682 2461 1848 2503 autem

159 2530 427 2592 Teuthras,
460 2531 797 2582 Teuthraniae
830 2548 935 2592 rex,
972 2537 1153 2580 emtam
1188 2532 1238 2579 in
1270 2531 1632 2579 matrimonium
1656 2532 1846 2582 duxit.''

161 2611 437 2660 Potuerunt
482 2611 638 2661 futuri
681 2617 783 2660 tum
833 2613 1003 2660 matris
1049 2617 1156 2659 tum
1204 2610 1347 2675 pueri
1383 2625 1525 2659 casus
1560 2627 1587 2659 a
1621 2610 1848 2663 Minerva

157 2692 391 2757 praedici.
461 2690 653 2752 Quibus
687 2691 868 2741 auditis
904 2691 1048 2740 dolor
1074 2690 1206 2755 regis
1241 2691 1493 2756 mitigatus
1529 2695 1622 2752 est,
1655 2691 1846 2743 haecce

159 2786 330 2820 secum
364 2771 670 2835 reputantis:

295 2854 458 2901 πᾶσιν
492 2846 593 2914 γὰρ
629 2847 1007 2916 ἀνθρώποισιν,
1045 2848 1142 2914 οὐχ
1176 2847 1305 2915 ἡμῖν
1339 2849 1526 2913 μόνον,

291 2926 324 2995 ἢ
360 2927 449 2980 καὶ
483 2929 760 2994 παραυτίκ’
794 2929 828 2997 ἢ
861 2930 1036 2998 χρόνῳ
1072 2928 1275 2993 δαίμων
1313 2929 1436 2993 βίον

287 3006 497 3076 ἔσφηλε,
531 3007 739 3070 κούδεὶς
773 3009 860 3062 διὰ
892 3009 1074 3069 τέλους
1107 3008 1424 3073 εὐδαιμονεῖ.

286 3090 583 3156 Discrepans
619 3091 814 3141 fabulae
849 3092 1173 3141 conformatio
1197 3090 1327 3156 apud
1357 3090 1629 3140 Diodorum
1652 3088 1739 3152 IV,
1763 3092 1827 3138 33

156 3175 208 3219 et
241 3169 443 3221 Pnusan.
475 3170 603 3231 Vlll,
631 3172 713 3228 48,
743 3173 787 3220 5.
837 3172 1103 3231 invenitur,
1154 3170 1294 3218 cuius
1343 3177 1517 3234 auc-tor
1563 3169 1840 3233 Aeschylus

156 3248 206 3296 in
242 3248 399 3314 Mysis
433 3255 600 3315 potest
633 3250 710 3298 vel
744 3250 971 3315 Telepho
1012 3251 1186 3300 fuisse.
1258 3249 1661 3315 Philosophando
1693 3248 1836 3312 Auge

157 3342 252 3376 non
297 3330 566 3392 minorem,
613 3345 759 3394 quam
805 3330 1120 3396 Melanippa,
1171 3344 1373 3394 operam
1422 3330 1590 3391 dedit,
1636 3331 1841 3392 propter

222 3405 285 3456 Τ.
321 3407 383 3457 11.
1444 3410 1508 3457 25
1907 3398 1928 3418 “
