2124 3860
1079 266 1202 323 296

316 434 397 468 ses
431 413 605 465 eodem
639 411 845 472 honore,
881 425 975 474 quo
1011 410 1254 476 quondam
1275 411 1588 475 Aeschylum,
1620 413 1756 464 illum
1790 414 1977 480 dignati

318 501 446 554 sunt,
480 498 535 542 ut
570 490 760 540 fabulas
794 489 1014 538 defuncti
1051 490 1152 538 filio
1187 491 1368 539 docere
1401 491 1757 554 permitterent.
1825 494 1978 558 ldque

315 575 594 624 tribuerunt
639 572 685 619 ei
720 575 925 635 poetae,
974 571 1056 632 qui
1091 586 1263 634 parum
1313 586 1367 618 se
1409 571 1714 633 popularium
1760 574 1979 621 volunta-

315 659 418 704 tem
454 667 627 702 curare
661 651 821 714 palam
858 649 1110 713 professus
1147 655 1275 708 erat,
1323 650 1386 697 de
1421 663 1512 713 qua
1547 666 1602 697 re
1635 650 1818 701 haecce
1852 652 1978 702 scri-

315 734 416 798 psit
448 730 676 782 Valerius
710 729 955 777 Maximus
991 728 1073 785 111,
1110 732 1155 778 ⁷.
1193 734 1288 776 ext.
1324 730 1380 776 1:
1429 728 1540 790 „Ne
1580 728 1838 793 Euripides
1872 732 1979 794 qui-

316 811 427 861 dem
464 809 672 861 Athenis
707 824 936 872 arrogans
971 807 1102 854 visus
1137 815 1238 866 est,
1276 823 1416 869 cum,
1467 808 1747 872 postulante
1780 810 1979 873 populo,

317 897 373 941 ut
420 907 480 940 ex
529 889 782 953 tragoedia
818 887 1054 950 quandam
1094 887 1387 934 sententiam
1423 887 1647 945 tolleret,
1695 903 1982 953 progressus

316 970 366 1018 in
411 984 610 1018 scenam
659 967 777 1014 dixit
832 981 927 1024 se,
975 970 1044 1013 ut
1092 982 1228 1014 eum
1279 966 1590 1024 doceret,
1639 982 1758 1015 non
1803 975 1868 1016 ut
1910 967 1982 1015 ab

320 1064 385 1096 eo
433 1047 763 1104 disceret,
809 1044 1067 1094 fabulas
1117 1060 1502 1108 componere
1550 1045 1785 1095 solere.
1854 1045 1984 1095 Lau-

319 1127 475 1175 danda
521 1125 746 1189 profecto
797 1123 975 1172 fiducia
1011 1129 1117 1181 est,
1160 1140 1284 1187 quae
1321 1124 1704 1172 aestimationem
1739 1126 1815 1174 sui
1850 1131 1985 1174 certo

320 1206 539 1270 pondere
575 1205 842 1261 examinat,
892 1209 1084 1251 tantum
1120 1203 1209 1250 sibi
1246 1218 1504 1264 arrogans,
1542 1210 1771 1266 quantum
1805 1221 1834 1252 a
1869 1219 1986 1252 con-

320 1291 474 1335 temtu
511 1292 561 1332 et
595 1282 850 1331 insolentia
885 1283 1070 1329 distare
1104 1281 1223 1328 satis
1261 1280 1390 1330 est.''
1460 1281 1607 1329 Plane
1641 1298 1698 1330 ac
1724 1283 1987 1346 perspicue

302 1364 397 1413 his
431 1362 694 1426 Euripides
731 1377 801 1421 se,
837 1362 978 1424 quale
1005 1366 1138 1409 esset
1164 1358 1383 1406 officium
1407 1366 1679 1422 poetarum,
1715 1363 1987 1424 intelligere

322 1442 552 1492 ostendit.
617 1440 748 1488 Idem
785 1440 1088 1502 significavit,
1126 1455 1235 1486 cum
1273 1438 1599 1503 Hygiaenonti
1633 1441 1737 1488 sive
1772 1441 1985 1504 Hygiae-

322 1528 468 1581 neto,
515 1538 542 1568 a
591 1535 687 1584 quo
738 1520 787 1568 in
823 1520 905 1567 lite
941 1519 1002 1566 de
1053 1518 1263 1567 antidosi
1298 1519 1512 1566 instituta
1546 1519 1872 1582 improbitatis
1907 1535 1986 1568 ar-

320 1601 583 1664 guebatur,
648 1598 777 1661 quod
840 1599 888 1646 in
946 1598 1200 1661 Hippolyti
1254 1596 1416 1645 fabula
1474 1599 1722 1661 posuisset
1783 1598 1904 1647 illud
1951 1596 1987 1664 ἦ

321 1676 508 1743 γλῶσσ’
543 1676 789 1742 ὀμώμοχ’,
836 1675 871 1741 ἦ
904 1673 961 1726 δὲ
995 1673 1139 1741 φρὴν
1173 1674 1469 1738 ἀνώμοτος,
1507 1677 1760 1740 respondit
1807 1677 1988 1727 iniuste

324 1776 435 1808 eum
470 1759 653 1818 facere,
688 1774 748 1806 ex
784 1757 1074 1820 Dionysiaco
1111 1756 1372 1804 certamine
1409 1756 1586 1804 iudicia
1618 1756 1667 1803 in
1703 1757 1862 1805 forum
1888 1767 1988 1805 tra-

324 1839 599 1888 ducentem.
671 1838 739 1886 lbi
776 1838 902 1885 enim
939 1852 992 1884 se
1014 1836 1289 1884 reddidisse
1314 1836 1572 1892 rationem,
1608 1841 1657 1882 et
1681 1835 1990 1884 redditurum

325 1916 521 1976 iterum,
559 1918 600 1965 si
635 1917 783 1965 vellet
816 1932 1065 1966 accusare.
1134 1915 1267 1963 ldem
1305 1922 1474 1963 contra
1506 1915 1879 1979 Aristophanem
1916 1915 1990 1962 di—

327 2001 456 2045 ctum
494 2012 606 2044 esse
642 2004 771 2060 puta.
825 1994 1131 2058 Diligentiam
1168 2000 1332 2042 autem
1370 2002 1420 2042 et
1449 1994 1833 2043 lucubrationem
1862 1994 1992 2057 quod

327 2075 675 2124 cavillabantur
708 2074 990 2133 adversarii,
1026 2073 1161 2121 licuit
1194 2075 1239 2121 ei
1272 2073 1435 2131 idem,
1473 2073 1599 2137 quod
1636 2072 1992 2124 Demosthenes

327 2153 552 2216 Pytheae
600 2153 880 2217 respondit,
932 2152 1123 2201 dicere:
1169 2153 1308 2212 „scio
1355 2153 1601 2201 lucernam
1647 2168 1804 2200 meam
1855 2151 1991 2199 vobis

325 2233 580 2280 molestam
616 2229 780 2283 esse.''
839 2231 949 2279 Non
974 2232 1132 2278 minus
1168 2233 1311 2289 enim,
1347 2247 1491 2293 quam
1515 2230 1614 2285 hic,
1641 2230 1991 2278 sublimitatem

328 2327 437 2360 cum
474 2310 742 2359 subtilitate
778 2310 1060 2369 coniunxit,
1095 2310 1242 2356 vitato
1278 2314 1499 2367 tumore,
1546 2316 1600 2357 ut
1633 2309 1765 2356 idem
1799 2309 1993 2358 limatus

331 2397 384 2439 et
417 2391 662 2450 incitatus,
699 2389 978 2438 enucleatus
1015 2394 1064 2435 et
1091 2388 1330 2450 sublimis,
1371 2392 1539 2435 acutus
1565 2395 1612 2435 et
1633 2388 1809 2435 ardens
1843 2403 1992 2452 appa-

328 2475 489 2531 reret,
545 2469 594 2516 id
646 2468 773 2533 quod
830 2472 881 2515 et
928 2466 1270 2515 difficillimum
1320 2477 1371 2516 et
1418 2467 1834 2531 perfectissimum
1880 2482 1993 2517 esse

331 2554 468 2598 recte
502 2548 737 2596 iudicavit
772 2547 977 2596 Crantor
1023 2546 1372 2611 philosophuS,
1412 2545 1701 2609 Euripidem
1738 2561 1846 2594 cum
1879 2545 1994 2595 Ho-

333 2643 473 2677 mero
509 2627 651 2675 unice
685 2626 947 2686 admirans,
983 2641 1243 2688 operosum
1276 2625 1402 2674 enim
1440 2642 1550 2673 esse
1585 2625 1776 2673 censuit
1807 2631 1994 2674 servata

333 2707 635 2771 proprietate
669 2706 924 2770 magnifice
958 2704 1102 2753 simul
1139 2711 1188 2752 et
1222 2721 1329 2753 cum
1369 2704 1548 2752 effectu
1585 2705 1814 2766 scribere,
1847 2704 1994 2767 idque

331 2785 550 2833 Homero
597 2791 648 2834 et
682 2784 909 2848 Euripidi
955 2784 1162 2831 maxime
1209 2785 1421 2831 omnium
1456 2785 1730 2847 contigisse.
1800 2783 1994 2833 Conve-

332 2865 406 2912 nit
454 2865 601 2929 igitur
648 2864 697 2911 in
731 2862 1016 2926 Euripidem
1055 2863 1183 2925 quod
1220 2862 1463 2927 Longinus
1500 2865 1561 2911 de
1596 2863 1717 2912 subl.
1755 2865 1833 2910 18.
1871 2863 1992 2911 scri-

333 2944 457 3006 psit:
504 2944 616 3007 ἄγει
649 2940 714 2991 τὰ
746 2940 1015 3006 παθητικὰ
1047 2940 1159 2990 τότε
1193 2943 1418 3002 μᾶλλον,
1466 2939 1591 2991 ὅταν
1625 2939 1755 2991 αὐτὰ
1801 2938 1991 3004 φαίνη-

332 3038 418 3071 ται
453 3020 523 3087 μὴ
555 3019 875 3084 ἐπιτηδεύειν
912 3021 1068 3080 αὐτὸς
1093 3020 1122 3071 ὁ
1149 3018 1331 3086 λέγων,
1366 3020 1496 3072 ἀλλὰ
1520 3025 1711 3087 γεννᾶν
1736 3019 1766 3071 ὁ
1798 3018 1991 3084 καιρός.

333 3102 470 3150 Idem
516 3104 627 3164 hic,
685 3119 955 3166 quanquam
1004 3119 1113 3151 eum
1160 3104 1318 3151 minus
1369 3110 1537 3151 natura
1582 3102 1834 3153 sublimem
1881 3115 1992 3148 esse

334 3181 602 3242 indicavit,
655 3189 815 3229 tamen
861 3183 989 3230 leoni
1034 3182 1103 3229 illi
1153 3182 1358 3230 similem
1409 3198 1517 3230 esse
1562 3181 1685 3230 dixit
1729 3180 1992 3238 vulnerato,

337 3276 480 3323 quem
533 3261 833 3326 depinxisset
881 3262 1124 3310 Homerus
1177 3261 1255 3323 ([Ι.
1291 3262 1411 3322 XX,
1461 3260 1606 3324 166):
1654 3259 1735 3320 „ls
1780 3258 1993 3322 primum

341 3339 541 3402 quidem
583 3340 831 3403 negligens
878 3340 1089 3401 incedit,
1143 3346 1194 3389 at
1238 3348 1496 3405 postquam
1556 3341 1777 3388 iuvenum
1820 3335 1992 3400 aliquis

339 3418 483 3469 hasta
516 3419 790 3483 percussit,
838 3419 1081 3471 contrahit
1115 3435 1227 3470 sese
1271 3420 1398 3471 rictu
1443 3420 1633 3483 hiante,
1680 3431 1851 3484 spuma
1896 3414 1992 3464 cir-
