2124 3860
937 283 1058 339 297

187 449 297 484 cum
333 431 507 482 dentes
550 432 798 490 tumente,
848 433 1052 495 pectore
1084 426 1225 475 firmo
1257 425 1388 474 intus
1421 424 1677 491 gemente3
1721 424 1848 470 tum

186 512 394 562 cauda
430 511 637 559 latera
674 513 736 557 et
781 509 1043 572 inguina
1076 505 1408 568 utrimque
1441 499 1848 552 verberando

188 608 254 642 se
302 591 372 642 ad
421 588 825 656 pugnandum
875 588 1018 652 ipse
1063 583 1350 635 incitat.''
1429 583 1600 646 Itaque
1644 582 1729 630 ille
1772 580 1847 629 in·

186 672 569 721 flammationem
617 668 762 717 animi
809 668 910 715 sive
955 665 1186 713 affectum
1232 664 1414 711 furoris
1449 662 1594 710 divini
1629 659 1847 725 (ἐνθου-

187 749 455 801 σιαστικὸν
488 748 684 809 πάθος)
720 747 914 794 minime
949 744 1172 809 Euripidi
1209 743 1433 792 defuisse
1466 746 1663 804 censet,
1711 743 1848 791 cuiun

190 831 578 896 magnificentiae
623 827 847 891 exempla
881 841 941 872 ex
986 825 1135 888 ipsius
1173 823 1368 887 scriptis
1416 822 1622 886 plurima
1655 820 1850 886 profert

191 911 280 975 (cf.
304 909 363 957 T.
391 910 423 957 Ι.
459 926 506 974 p.
531 910 626 955 320
645 905 786 969 seq).
856 904 1006 965 ldem,
1045 904 1378 967 „Aeschylo,”
1413 903 1584 966 inquit,
1621 901 1849 964 „species

193 994 415 1038 tentante
450 989 657 1036 maxime
692 986 800 1032 illas
835 985 1030 1048 quidem
1069 984 1319 1042 heroicas,
1365 984 1452 1031 sed
1488 983 1734 1030 interdum
1769 996 1850 1028 ru-

189 1068 309 1130 des,
354 1069 626 1116 illaboratas
678 1066 980 1128 crudasque,
1028 1081 1122 1113 non
1161 1070 1238 1112 est
1272 1063 1534 1111 deterritus
1568 1061 1851 1125 Euripiden,

191 1148 448 1214 quominus
486 1164 573 1210 per
606 1147 976 1194 aemulationem
1013 1145 1229 1210 pericula
1264 1143 1438 1191 eadem
1473 1138 1681 1190 adiret.⁷’

321 1227 366 1276 T
371 1228 523 1276 ertius
558 1227 769 1274 occurrit
802 1225 1023 1274 aemulus
1061 1224 1350 1287 Sophocles,
1391 1223 1439 1270 in
1475 1238 1620 1285 quem
1655 1220 1852 1284 Euripi-

192 1308 307 1367 des,
355 1307 398 1354 si
431 1307 778 1370 epistolarum,
828 1318 952 1368 quae
988 1307 1077 1354 sub
1114 1306 1215 1351 eius
1250 1304 1444 1351 nomine
1479 1301 1730 1361 feruntur,
1766 1315 1852 1348 au-

191 1386 316 1434 ctori
366 1387 626 1444 credimus,
659 1401 754 1433 non
792 1384 1018 1433 similiter
1053 1401 1248 1448 semper
1285 1383 1492 1430 affectus
1526 1380 1647 1442 fuit,
1693 1396 1854 1444 neque

191 1470 350 1513 tamen
402 1480 613 1528 uuquam
660 1481 771 1512 eum
817 1464 927 1512 odio
979 1465 1161 1513 habuit.
1232 1464 1392 1525 Quum
1438 1468 1578 1510 antea
1612 1466 1854 1526 perpetuo

190 1544 457 1594 admiratus
489 1549 638 1603 esset,
675 1545 762 1592 sed
789 1545 1044 1607 quominus
1071 1544 1342 1606 aequaliter
1367 1548 1550 1590 amaret
1574 1542 1856 1605 suspicione

193 1623 562 1673 obtrectationis
606 1624 978 1688 prohiberetur,
1025 1624 1361 1671 lubentissime
1395 1624 1443 1670 in
1479 1622 1740 1670 amicitiam
1774 1636 1855 1669 re-

193 1704 327 1768 cepit
374 1703 503 1752 ultro
540 1719 594 1750 se
629 1701 917 1750 offerentem
965 1708 1015 1748 et
1057 1703 1179 1750 solvi
1227 1703 1524 1749 simultatem
1558 1703 1853 1765 cupientem.

193 1782 312 1831 Inde
359 1783 419 1830 ab
455 1797 514 1828 eo
560 1787 784 1844 tempore
821 1781 949 1828 inter
1000 1795 1055 1828 se
1089 1797 1253 1828 amare
1301 1795 1544 1843 nunquam
1586 1781 1856 1830 desierunt.

195 1862 334 1910 Haec
381 1860 728 1908 confirmantur
772 1876 917 1908 versu
951 1861 1161 1922 quodam
1208 1861 1581 1925 Aristophanis,
1636 1875 1731 1923 quo
1765 1859 1858 1910 So-

197 1941 402 2006 phocles
451 1940 761 2005 praedicatur
794 1940 952 1988 facilis
988 1941 1372 2004 commodusque
1407 1956 1502 1989 non
1536 1940 1697 1991 minus
1730 1941 1859 1990 inter

195 2026 416 2071 mortuos
451 2035 591 2083 quam
629 2027 769 2068 antea
802 2020 931 2068 inter
961 2021 1096 2068 vivos
1130 2035 1242 2068 esse
1277 2020 1418 2084 (Rau.
1455 2023 1591 2080 820:

332 2098 362 2149 ὁ
396 2098 443 2149 δ’
480 2100 695 2158 εὔκολος
729 2098 825 2163 μὲν
860 2094 1063 2163 ἐνθάδξ
1099 2101 1312 2159 εὔκολος
1346 2098 1394 2150 δ’
1428 2094 1547 2150 ἐκεῖ.

198 2178 373 2243 Neque
407 2180 726 2242 reprehensio
762 2182 939 2229 aemuli
972 2183 1100 2229 inest
1131 2185 1307 2243 verbo,
1350 2197 1448 2244 quo
1482 2179 1755 2242 Sophocles
1787 2180 1860 2228 di-

198 2275 344 2309 versa
378 2260 563 2308 ratione
598 2275 652 2306 se
687 2265 834 2322 atque
869 2261 1005 2308 illum
1030 2277 1141 2309 vera
1169 2261 1347 2310 imitari
1375 2260 1679 2324 significavit.
1733 2260 1860 2310 Nam

199 2339 328 2405 quod
365 2338 580 2387 comicus
616 2355 726 2386 eum
761 2339 877 2388 fecit
911 2341 1237 2389 affirmantem
1283 2357 1366 2402 se,
1414 2341 1458 2389 si
1490 2340 1767 2405 Aeschylus
1801 2357 1863 2391 ex

199 2419 471 2467 certamine
505 2419 817 2468 discessisset
853 2422 1092 2484 superior,
1132 2422 1409 2484 quieturum
1445 2437 1572 2482 esse,
1610 2423 1682 2469 sin
1717 2421 1862 2470 Euri-

200 2497 343 2562 pides
379 2499 607 2555 vicisset,
661 2515 770 2548 cum
820 2501 915 2548 hoc
960 2502 1022 2549 de
1055 2501 1328 2564 principatu
1371 2506 1734 2562 contenanum,
1783 2500 1862 2549 his

202 2577 299 2625 ine,
320 2578 475 2642 magis
510 2593 662 2638 suam,
698 2595 842 2642 quam
871 2580 1149 2645 Sophoclis,
1186 2581 1477 2629 sententiam
1496 2581 1863 2630 demonstrasse

203 2655 415 2706 videtur.
486 2656 633 2706 Certe
678 2660 806 2708 enim
841 2661 920 2709 hic
954 2661 1002 2709 in
1036 2661 1134 2710 fine
1169 2661 1373 2718 aetatis,
1422 2677 1570 2724 quum
1605 2667 1863 2725 tantopere

204 2751 316 2784 eum
366 2735 626 2800 Euripides
669 2741 825 2802 gratia
874 2741 1122 2804 vinceret,
1177 2746 1356 2806 quanto
1397 2740 1576 2789 vicisse
1621 2757 1679 2789 ex
1713 2741 1863 2790 Ranis

203 2815 546 2879 Aristophani·
578 2817 893 2883 intelligitur,
929 2822 1135 2870 liberum
1173 2838 1227 2870 se
1262 2821 1617 2870 obtrectatione
1651 2837 1763 2870 esse
1797 2822 1864 2869 si-

203 2911 298 2958 gno
333 2896 530 2944 minime
566 2899 787 2962 ambiguo
821 2901 1112 2951 declaravit:
1149 2902 1318 2951 nuntio
1354 2901 1483 2949 enim
1518 2902 1580 2949 de
1614 2900 1863 2966 Euripidis

204 2975 337 3024 obitu
371 2975 544 3035 allato,
594 2992 686 3024 non
721 2985 909 3029 tantum
944 2982 1051 3046 ipse
1087 2982 1298 3046 pullatus
1333 2981 1457 3030 luxit
1490 2982 1725 3044 amicum,
1773 2981 1864 3032 sed

206 3055 355 3103 etiam
392 3055 594 3103 chorum
631 3063 778 3120 atque
812 3065 1004 3110 actores
1040 3064 1207 3119 iussit,
1254 3078 1362 3109 cum
1398 3062 1660 3126 tragoediis
1705 3067 1864 3110 certa-

204 3139 298 3195 ret,
333 3135 618 3198 lugubribus
652 3138 845 3186 indutos
880 3143 1098 3191 vestibus
1135 3141 1414 3206 prodire*).
1481 3142 1677 3191 Meritis
1705 3142 1863 3190 laudi-

207 3214 298 3263 bus
342 3230 436 3263 non
472 3216 758 3266 destituitur
792 3218 992 3270 Goethii
1026 3222 1351 3287 Schillerique
1396 3223 1634 3272 amicitia:
1683 3225 1863 3286 quanto

263 3396 311 3451 *)
340 3397 537 3511 ἳὲἔέιιᾱ.
567 3398 686 3512 {ige
714 3400 820 3445 Eur.
851 3402 907 3445 ab
938 3402 1076 3447 Emsl.
1107 3404 1252 3448 editae
1289 3404 1333 3448 in
1371 3418 1485 3450 mus.
1516 3406 1736 3450 Rhenano
1763 3400 1864 3446 anni

460 3497 469 3510 .
506 3483 551 3524 p.
666 3499 676 3511 .
