<?xml version="1.0" encoding="UTF-8"?>
<!DOCTYPE html PUBLIC "-//W3C//DTD XHTML 1.0 Transitional//EN"
    "http://www.w3.org/TR/xhtml1/DTD/xhtml1-transitional.dtd">
<html xmlns="http://www.w3.org/1999/xhtml" xml:lang="en" lang="en">
 <head>
  <title>
</title>
<meta http-equiv="Content-Type" content="text/html;charset=utf-8" />
  <meta name='ocr-system' content='tesseract 3.04.00' />
  <meta name='ocr-capabilities' content='ocr_page ocr_carea ocr_par ocr_line ocrx_word'/>
</head>
<body>
  <div class='ocr_page' id='page_1' title='image "./euripidesrestitu02hartuoft_0546.png"; bbox 0 0 2170 3866; ppageno 0'>
   <div class='ocr_carea' id='block_1_1' title="bbox 1158 302 1286 363">
    <p class='ocr_par' dir='ltr' id='par_1_1' title="bbox 1158 302 1286 363">
     <span class='ocr_line' id='line_1_1' title="bbox 1158 302 1286 363; baseline -0.008 0"><span class='ocrx_word' id='word_1_1' title='bbox 1158 302 1286 363; x_wconf 76' lang='lat'><strong>534</strong></span> 
     </span>
    </p>
   </div>
   <div class='ocr_carea' id='block_1_2' title="bbox 613 537 1830 618">
    <p class='ocr_par' dir='ltr' id='par_1_2' title="bbox 613 537 1830 618">
     <span class='ocr_line' id='line_1_2' title="bbox 613 537 1830 618; baseline 0.002 -23"><span class='ocrx_word' id='word_1_2' title='bbox 613 539 683 595; x_wconf 91' lang='lat' dir='ltr'><strong>B.</strong></span> <span class='ocrx_word' id='word_1_3' title='bbox 771 539 1168 597; x_wconf 84' lang='lat' dir='ltr'><strong>Alcmaeon</strong></span> <span class='ocrx_word' id='word_1_4' title='bbox 1195 537 1268 618; x_wconf 85' lang='lat'><strong>*)</strong></span> <span class='ocrx_word' id='word_1_5' title='bbox 1322 542 1394 597; x_wconf 92' lang='lat' dir='ltr'><strong>in</strong></span> <span class='ocrx_word' id='word_1_6' title='bbox 1449 539 1830 600; x_wconf 84' lang='lat' dir='ltr'><strong>Corintho.</strong></span> 
     </span>
    </p>
   </div>
   <div class='ocr_carea' id='block_1_3' title="bbox 360 689 2077 2772">
    <p class='ocr_par' dir='ltr' id='par_1_3' title="bbox 360 689 2077 2772">
     <span class='ocr_line' id='line_1_3' title="bbox 503 689 2070 757; baseline 0.003 -16"><span class='ocrx_word' id='word_1_7' title='bbox 503 689 771 741; x_wconf 75' lang='lat' dir='ltr'><strong>Materiam</strong></span> <span class='ocrx_word' id='word_1_8' title='bbox 820 691 1060 740; x_wconf 80' lang='lat' dir='ltr'><strong>dramatis</strong></span> <span class='ocrx_word' id='word_1_9' title='bbox 1107 691 1239 757; x_wconf 84' lang='lat' dir='ltr'><strong>apud</strong></span> <span class='ocrx_word' id='word_1_10' title='bbox 1284 690 1644 756; x_wconf 86' lang='lat' dir='ltr'><strong>Apollodorum</strong></span> <span class='ocrx_word' id='word_1_11' title='bbox 1693 692 1778 754; x_wconf 85' lang='grc' dir='ltr'><strong>ΙΙΙ,</strong></span> <span class='ocrx_word' id='word_1_12' title='bbox 1805 694 1854 752; x_wconf 76' lang='grc'><strong>’1,</strong></span> <span class='ocrx_word' id='word_1_13' title='bbox 1883 696 1935 748; x_wconf 77' lang='lat'><strong>¹¹1.</strong></span> <span class='ocrx_word' id='word_1_14' title='bbox 1980 709 2070 746; x_wconf 84' lang='lat' dir='ltr'><strong>ex·-</strong></span> 
     </span>
     <span class='ocr_line' id='line_1_4' title="bbox 371 769 2072 841; baseline 0.004 -23"><span class='ocrx_word' id='word_1_15' title='bbox 371 773 507 819; x_wconf 71' lang='lat' dir='ltr'><strong>sttre</strong></span> <span class='ocrx_word' id='word_1_16' title='bbox 568 771 691 820; x_wconf 85' lang='lat' dir='ltr'><strong>vidit</strong></span> <span class='ocrx_word' id='word_1_17' title='bbox 748 770 846 819; x_wconf 82' lang='lat' dir='ltr'><strong>iam</strong></span> <span class='ocrx_word' id='word_1_18' title='bbox 904 771 1209 822; x_wconf 83' lang='lat' dir='ltr'><strong>Barnesius:</strong></span> <span class='ocrx_word' id='word_1_19' title='bbox 1277 771 1582 839; x_wconf 81' lang='grc' dir='ltr'><strong><em>Εὐριπίδης</em></strong></span> <span class='ocrx_word' id='word_1_20' title='bbox 1625 769 1685 825; x_wconf 90' lang='grc' dir='ltr'><strong>δέ</strong></span> <span class='ocrx_word' id='word_1_21' title='bbox 1745 782 1912 841; x_wconf 89' lang='grc' dir='ltr'><strong><em>φησιν</em></strong></span> <span class='ocrx_word' id='word_1_22' title='bbox 1956 769 2072 825; x_wconf 76' lang='grc' dir='ltr'><strong>Ἀλ-</strong></span> 
     </span>
     <span class='ocr_line' id='line_1_5' title="bbox 368 847 2076 924; baseline 0.004 -24"><span class='ocrx_word' id='word_1_23' title='bbox 368 847 618 914; x_wconf 65' lang='lat' dir='ltr'><strong>malma</strong></span> <span class='ocrx_word' id='word_1_24' title='bbox 659 848 797 902; x_wconf 79' lang='grc' dir='ltr'><strong><em>κατὰ</em></strong></span> <span class='ocrx_word' id='word_1_25' title='bbox 842 850 941 903; x_wconf 88' lang='grc' dir='ltr'><strong><em>τὸν</em></strong></span> <span class='ocrx_word' id='word_1_26' title='bbox 973 854 1069 920; x_wconf 80' lang='grc' dir='ltr'><strong><em>τῆς</em></strong></span> <span class='ocrx_word' id='word_1_27' title='bbox 1102 850 1297 916; x_wconf 81' lang='grc' dir='ltr'><strong><em>μανίας</em></strong></span> <span class='ocrx_word' id='word_1_28' title='bbox 1341 852 1544 920; x_wconf 89' lang='grc' dir='ltr'><strong><em>χρόνον</em></strong></span> <span class='ocrx_word' id='word_1_29' title='bbox 1587 849 1646 905; x_wconf 80' lang='grc' dir='ltr'><strong>ἐκ</strong></span> <span class='ocrx_word' id='word_1_30' title='bbox 1679 855 1949 915; x_wconf 80' lang='grc' dir='ltr'><strong><em>Μαντοῦς</em></strong></span> <span class='ocrx_word' id='word_1_31' title='bbox 1977 856 2076 924; x_wconf 81' lang='grc' dir='ltr'><strong><em>τῆς</em></strong></span> 
     </span>
     <span class='ocr_line' id='line_1_6' title="bbox 378 930 2073 1002; baseline 0.004 -21"><span class='ocrx_word' id='word_1_32' title='bbox 378 931 653 996; x_wconf 80' lang='grc' dir='ltr'><strong><em>Τειρεσίου</em></strong></span> <span class='ocrx_word' id='word_1_33' title='bbox 699 931 900 994; x_wconf 79' lang='grc' dir='ltr'><strong><em>παῖδας</em></strong></span> <span class='ocrx_word' id='word_1_34' title='bbox 950 931 1053 984; x_wconf 89' lang='grc' dir='ltr'><strong>δύο</strong></span> <span class='ocrx_word' id='word_1_35' title='bbox 1096 936 1372 1002; x_wconf 73' lang='grc' dir='ltr'><strong><em>γεννῆσαι,</em></strong></span> <span class='ocrx_word' id='word_1_36' title='bbox 1398 930 1727 1001; x_wconf 73' lang='grc' dir='ltr'><strong><em>Ἀμφίλοχον</em></strong></span> <span class='ocrx_word' id='word_1_37' title='bbox 1770 932 1864 988; x_wconf 81' lang='grc' dir='ltr'><strong>καὶ</strong></span> <span class='ocrx_word' id='word_1_38' title='bbox 1893 938 2073 1002; x_wconf 77' lang='grc' dir='ltr'><strong><em>θυγα-</em></strong></span> 
     </span>
     <span class='ocr_line' id='line_1_7' title="bbox 367 1010 2074 1084; baseline 0.004 -21"><span class='ocrx_word' id='word_1_39' title='bbox 367 1011 495 1076; x_wconf 91' lang='grc' dir='ltr'><strong><em>τέρα</em></strong></span> <span class='ocrx_word' id='word_1_40' title='bbox 536 1012 864 1080; x_wconf 86' lang='grc' dir='ltr'><em>Τισιφόνην·</em></span> <span class='ocrx_word' id='word_1_41' title='bbox 932 1012 1231 1079; x_wconf 83' lang='grc' dir='ltr'><strong><em>κομίσαντα</em></strong></span> <span class='ocrx_word' id='word_1_42' title='bbox 1276 1012 1334 1066; x_wconf 82' lang='grc' dir='ltr'><strong>δὲ</strong></span> <span class='ocrx_word' id='word_1_43' title='bbox 1379 1010 1454 1076; x_wconf 80' lang='grc' dir='ltr'><strong>εἰς</strong></span> <span class='ocrx_word' id='word_1_44' title='bbox 1479 1014 1765 1081; x_wconf 85' lang='grc' dir='ltr'><strong><em>Κόρινθον</em></strong></span> <span class='ocrx_word' id='word_1_45' title='bbox 1795 1014 1864 1068; x_wconf 81' lang='grc' dir='ltr'><strong><em>τὰ</em></strong></span> <span class='ocrx_word' id='word_1_46' title='bbox 1896 1013 2074 1084; x_wconf 83' lang='grc' dir='ltr'><strong><em>βρέφη</em></strong></span> 
     </span>
     <span class='ocr_line' id='line_1_8' title="bbox 369 1091 2073 1165; baseline 0.003 -21"><span class='ocrx_word' id='word_1_47' title='bbox 369 1091 565 1145; x_wconf 83' lang='grc' dir='ltr'><strong><em>δοῦναι</em></strong></span> <span class='ocrx_word' id='word_1_48' title='bbox 611 1091 827 1160; x_wconf 78' lang='grc' dir='ltr'><strong><em>τρέφειν</em></strong></span> <span class='ocrx_word' id='word_1_49' title='bbox 862 1094 1185 1159; x_wconf 81' lang='grc' dir='ltr'><strong><em>Κορινθίων</em></strong></span> <span class='ocrx_word' id='word_1_50' title='bbox 1229 1096 1442 1162; x_wconf 88' lang='grc' dir='ltr'><strong><em>βασιλεῖ</em></strong></span> <span class='ocrx_word' id='word_1_51' title='bbox 1487 1095 1737 1163; x_wconf 82' lang='grc' dir='ltr'><strong><em>Κρέοντι.</em></strong></span> <span class='ocrx_word' id='word_1_52' title='bbox 1820 1095 1931 1149; x_wconf 82' lang='grc' dir='ltr'><strong>Καὶ</strong></span> <span class='ocrx_word' id='word_1_53' title='bbox 1971 1095 2073 1165; x_wconf 79' lang='grc' dir='ltr'><strong><em>τὴν</em></strong></span> 
     </span>
     <span class='ocr_line' id='line_1_9' title="bbox 367 1171 2072 1247; baseline 0.002 -21"><span class='ocrx_word' id='word_1_54' title='bbox 367 1171 467 1241; x_wconf 77' lang='grc' dir='ltr'><strong>μέν</strong></span> <span class='ocrx_word' id='word_1_55' title='bbox 510 1174 827 1243; x_wconf 83' lang='grc' dir='ltr'><strong><em>Τισιφόνην,</em></strong></span> <span class='ocrx_word' id='word_1_56' title='bbox 862 1173 1250 1242; x_wconf 79' lang='grc' dir='ltr'><strong><em>διενεγκοῦσαν</em></strong></span> <span class='ocrx_word' id='word_1_57' title='bbox 1281 1177 1571 1246; x_wconf 81' lang='grc' dir='ltr'><strong><em>εὐμορφίᾳ,</em></strong></span> <span class='ocrx_word' id='word_1_58' title='bbox 1606 1175 1718 1230; x_wconf 78' lang='grc' dir='ltr'><strong>ὑπὸ</strong></span> <span class='ocrx_word' id='word_1_59' title='bbox 1747 1179 1842 1247; x_wconf 78' lang='grc' dir='ltr'><strong><em>τῆς</em></strong></span> <span class='ocrx_word' id='word_1_60' title='bbox 1862 1175 2072 1246; x_wconf 88' lang='grc' dir='ltr'><strong><em>Κρέον-</em></strong></span> 
     </span>
     <span class='ocr_line' id='line_1_10' title="bbox 366 1252 2072 1327; baseline 0.002 -20"><span class='ocrx_word' id='word_1_61' title='bbox 366 1273 460 1317; x_wconf 81' lang='grc' dir='ltr'><strong><em>τος</em></strong></span> <span class='ocrx_word' id='word_1_62' title='bbox 491 1252 751 1322; x_wconf 78' lang='grc' dir='ltr'><strong><em>γυναικὸς</em></strong></span> <span class='ocrx_word' id='word_1_63' title='bbox 784 1255 1250 1326; x_wconf 74' lang='grc' dir='ltr'><strong><em>ἀπεμποληθῆναι,</em></strong></span> <span class='ocrx_word' id='word_1_64' title='bbox 1287 1256 1610 1324; x_wconf 83' lang='grc' dir='ltr'><strong><em>δεδοικυίας,</em></strong></span> <span class='ocrx_word' id='word_1_65' title='bbox 1646 1257 1719 1327; x_wconf 81' lang='grc' dir='ltr'><strong>μὴ</strong></span> <span class='ocrx_word' id='word_1_66' title='bbox 1747 1255 1941 1326; x_wconf 84' lang='grc' dir='ltr'><strong><em>Κρέων</em></strong></span> <span class='ocrx_word' id='word_1_67' title='bbox 1974 1257 2072 1311; x_wconf 84' lang='grc' dir='ltr'><strong>αὐ-</strong></span> 
     </span>
     <span class='ocr_line' id='line_1_11' title="bbox 365 1334 2074 1407; baseline 0.003 -19"><span class='ocrx_word' id='word_1_68' title='bbox 365 1335 468 1405; x_wconf 78' lang='grc' dir='ltr'><strong><em>τὴν</em></strong></span> <span class='ocrx_word' id='word_1_69' title='bbox 499 1335 737 1405; x_wconf 78' lang='grc' dir='ltr'><strong><em>γαμετὴν</em></strong></span> <span class='ocrx_word' id='word_1_70' title='bbox 768 1338 1069 1406; x_wconf 85' lang='grc' dir='ltr'><strong><em>ποιήσηται.</em></strong></span> <span class='ocrx_word' id='word_1_71' title='bbox 1132 1338 1243 1391; x_wconf 90' lang='grc' dir='ltr'><strong>Τὸν</strong></span> <span class='ocrx_word' id='word_1_72' title='bbox 1278 1339 1336 1392; x_wconf 84' lang='grc' dir='ltr'><strong>δὲ</strong></span> <span class='ocrx_word' id='word_1_73' title='bbox 1353 1334 1696 1406; x_wconf 83' lang='grc' dir='ltr'><strong><em>Ἀλκμαίωνα</em></strong></span> <span class='ocrx_word' id='word_1_74' title='bbox 1726 1339 2074 1407; x_wconf 72' lang='grc' dir='ltr'><strong><em>ἀγοράσαντα</em></strong></span> 
     </span>
     <span class='ocr_line' id='line_1_12' title="bbox 367 1415 2072 1488; baseline 0.001 -18"><span class='ocrx_word' id='word_1_75' title='bbox 367 1417 569 1486; x_wconf 84' lang='grc' dir='ltr'><strong><em>ταύτην</em></strong></span> <span class='ocrx_word' id='word_1_76' title='bbox 614 1418 765 1486; x_wconf 75' lang='grc' dir='ltr'><strong><em>ἔχειν,</em></strong></span> <span class='ocrx_word' id='word_1_77' title='bbox 817 1418 920 1470; x_wconf 82' lang='grc' dir='ltr'><strong>οὐκ</strong></span> <span class='ocrx_word' id='word_1_78' title='bbox 963 1417 1146 1472; x_wconf 83' lang='grc' dir='ltr'><strong><em>εἰδότα</em></strong></span> <span class='ocrx_word' id='word_1_79' title='bbox 1178 1418 1279 1488; x_wconf 82' lang='grc' dir='ltr'><strong><em>τὴν</em></strong></span> <span class='ocrx_word' id='word_1_80' title='bbox 1312 1416 1512 1472; x_wconf 77' lang='grc' dir='ltr'><strong><em>ἑαυτοῦ</em></strong></span> <span class='ocrx_word' id='word_1_81' title='bbox 1546 1419 1828 1486; x_wconf 85' lang='grc' dir='ltr'><strong><em>θυγατέρα</em></strong></span> <span class='ocrx_word' id='word_1_82' title='bbox 1862 1415 2072 1486; x_wconf 81' lang='grc' dir='ltr'><strong><em>(εἶναι),</em></strong></span> 
     </span>
     <span class='ocr_line' id='line_1_13' title="bbox 367 1498 2072 1569; baseline 0.002 -19"><span class='ocrx_word' id='word_1_83' title='bbox 367 1498 724 1565; x_wconf 79' lang='grc' dir='ltr'><strong><em>θεράπαιναν.</em></strong></span> <span class='ocrx_word' id='word_1_84' title='bbox 809 1501 1269 1567; x_wconf 78' lang='grc' dir='ltr'><strong><em>Παραγενόμενον</em></strong></span> <span class='ocrx_word' id='word_1_85' title='bbox 1313 1500 1372 1554; x_wconf 82' lang='grc' dir='ltr'><strong>δὲ</strong></span> <span class='ocrx_word' id='word_1_86' title='bbox 1418 1501 1492 1563; x_wconf 83' lang='grc' dir='ltr'><strong>εἰς</strong></span> <span class='ocrx_word' id='word_1_87' title='bbox 1526 1501 1811 1567; x_wconf 85' lang='grc' dir='ltr'><strong><em>Κόρινθον</em></strong></span> <span class='ocrx_word' id='word_1_88' title='bbox 1854 1498 1939 1553; x_wconf 78' lang='grc' dir='ltr'><strong>ἐπὶ</strong></span> <span class='ocrx_word' id='word_1_89' title='bbox 1971 1499 2072 1569; x_wconf 78' lang='grc' dir='ltr'><strong><em>τὴν</em></strong></span> 
     </span>
     <span class='ocr_line' id='line_1_14' title="bbox 368 1577 2073 1648; baseline 0.002 -17"><span class='ocrx_word' id='word_1_90' title='bbox 368 1580 478 1631; x_wconf 85' lang='grc' dir='ltr'><strong><em>τῶν</em></strong></span> <span class='ocrx_word' id='word_1_91' title='bbox 526 1577 732 1632; x_wconf 86' lang='grc' dir='ltr'><strong><em>τέκνων</em></strong></span> <span class='ocrx_word' id='word_1_92' title='bbox 777 1578 1081 1647; x_wconf 79' lang='grc' dir='ltr'><strong><em>ἀπαίτησιν,</em></strong></span> <span class='ocrx_word' id='word_1_93' title='bbox 1129 1580 1350 1634; x_wconf 81' lang='grc' dir='ltr'><strong><em>καὶτὸν</em></strong></span> <span class='ocrx_word' id='word_1_94' title='bbox 1379 1581 1506 1634; x_wconf 75' lang='grc' dir='ltr'><strong><em>υἱὸν</em></strong></span> <span class='ocrx_word' id='word_1_95' title='bbox 1539 1584 1883 1648; x_wconf 79' lang='grc' dir='ltr'><strong><em>κομίσασθαι.</em></strong></span> <span class='ocrx_word' id='word_1_96' title='bbox 1959 1579 2073 1634; x_wconf 78' lang='grc' dir='ltr'><strong>Καὶ</strong></span> 
     </span>
     <span class='ocr_line' id='line_1_15' title="bbox 360 1655 2073 1731; baseline 0.001 -19"><span class='ocrx_word' id='word_1_97' title='bbox 360 1655 684 1728; x_wconf 82' lang='grc' dir='ltr'><strong><em>Ἀμφίλοχος</em></strong></span> <span class='ocrx_word' id='word_1_98' title='bbox 716 1662 851 1715; x_wconf 82' lang='grc' dir='ltr'><strong><em>κατὰ</em></strong></span> <span class='ocrx_word' id='word_1_99' title='bbox 888 1656 1161 1731; x_wconf 82' lang='grc' dir='ltr'><strong><em>χρησμοὺς</em></strong></span> <span class='ocrx_word' id='word_1_100' title='bbox 1181 1658 1518 1725; x_wconf 82' lang='grc' dir='ltr'><strong><em>’Λπόλλωνος</em></strong></span> <span class='ocrx_word' id='word_1_101' title='bbox 1546 1657 1928 1730; x_wconf 80' lang='grc' dir='ltr'><strong><em>Ἀμφιλοχικὸν</em></strong></span> <span class='ocrx_word' id='word_1_102' title='bbox 1943 1655 2073 1729; x_wconf 79' lang='grc' dir='ltr'><strong><em>’Ἀρ-</em></strong></span> 
     </span>
     <span class='ocr_line' id='line_1_16' title="bbox 366 1743 2073 1811; baseline 0 -17"><span class='ocrx_word' id='word_1_103' title='bbox 366 1760 463 1810; x_wconf 77' lang='grc' dir='ltr'><strong>γος</strong></span> <span class='ocrx_word' id='word_1_104' title='bbox 498 1743 719 1811; x_wconf 83' lang='grc' dir='ltr'><strong><em>ᾤκησεν.</em></strong></span> <span class='ocrx_word' id='word_1_105' title='bbox 797 1745 969 1809; x_wconf 87' lang='lat' dir='ltr'><strong>Stirpe</strong></span> <span class='ocrx_word' id='word_1_106' title='bbox 1002 1746 1271 1796; x_wconf 85' lang='lat' dir='ltr'><strong>liberorum</strong></span> <span class='ocrx_word' id='word_1_107' title='bbox 1309 1761 1488 1796; x_wconf 87' lang='lat' dir='ltr'><strong>carens</strong></span> <span class='ocrx_word' id='word_1_108' title='bbox 1524 1745 1690 1796; x_wconf 86' lang='lat' dir='ltr'><strong>Creon</strong></span> <span class='ocrx_word' id='word_1_109' title='bbox 1724 1746 1915 1803; x_wconf 22' lang='lat' dir='ltr'><strong>alienos!</strong></span> <span class='ocrx_word' id='word_1_110' title='bbox 1946 1744 2073 1794; x_wconf 90' lang='lat' dir='ltr'><strong>libe-</strong></span> 
     </span>
     <span class='ocr_line' id='line_1_17' title="bbox 367 1822 2074 1892; baseline 0 -18"><span class='ocrx_word' id='word_1_111' title='bbox 367 1841 452 1875; x_wconf 89' lang='lat' dir='ltr'><strong>ros</strong></span> <span class='ocrx_word' id='word_1_112' title='bbox 490 1825 775 1875; x_wconf 86' lang='lat' dir='ltr'><strong>educandos</strong></span> <span class='ocrx_word' id='word_1_113' title='bbox 811 1832 1093 1892; x_wconf 88' lang='lat' dir='ltr'><strong>acceperat,</strong></span> <span class='ocrx_word' id='word_1_114' title='bbox 1143 1830 1196 1875; x_wconf 88' lang='lat' dir='ltr'><strong>et</strong></span> <span class='ocrx_word' id='word_1_115' title='bbox 1228 1826 1618 1892; x_wconf 86' lang='lat' dir='ltr'><strong>Amphilochum</strong></span> <span class='ocrx_word' id='word_1_116' title='bbox 1668 1826 1874 1890; x_wconf 87' lang='lat' dir='ltr'><strong>quidem</strong></span> <span class='ocrx_word' id='word_1_117' title='bbox 1917 1839 1982 1874; x_wconf 84' lang='lat' dir='ltr'><strong>ex</strong></span> <span class='ocrx_word' id='word_1_118' title='bbox 2014 1822 2074 1875; x_wconf 74' lang='lat' dir='ltr'><strong>se</strong></span> 
     </span>
     <span class='ocr_line' id='line_1_18' title="bbox 368 1904 2072 1972; baseline -0.001 -17"><span class='ocrx_word' id='word_1_119' title='bbox 368 1914 541 1955; x_wconf 89' lang='lat' dir='ltr'><strong>natum</strong></span> <span class='ocrx_word' id='word_1_120' title='bbox 578 1922 694 1956; x_wconf 86' lang='lat' dir='ltr'><strong>esse</strong></span> <span class='ocrx_word' id='word_1_121' title='bbox 718 1906 983 1955; x_wconf 81' lang='lat' dir='ltr'><strong>simulabat</strong></span> <span class='ocrx_word' id='word_1_122' title='bbox 1009 1906 1212 1972; x_wconf 83' lang='lat' dir='ltr'><strong>(fragm.</strong></span> <span class='ocrx_word' id='word_1_123' title='bbox 1236 1909 1315 1967; x_wconf 55' lang='grc' dir='ltr'><strong>*λς</strong></span> <span class='ocrx_word' id='word_1_124' title='bbox 1351 1906 1417 1956; x_wconf 82' lang='lat' dir='ltr'><strong>cf.</strong></span> <span class='ocrx_word' id='word_1_125' title='bbox 1442 1907 1636 1958; x_wconf 89' lang='lat' dir='ltr'><strong>Welck.</strong></span> <span class='ocrx_word' id='word_1_126' title='bbox 1666 1921 1716 1972; x_wconf 84' lang='lat' dir='ltr'><strong>p.</strong></span> <span class='ocrx_word' id='word_1_127' title='bbox 1741 1904 1900 1970; x_wconf 81' lang='lat'><strong>581.)‚</strong></span> <span class='ocrx_word' id='word_1_128' title='bbox 1935 1904 2072 1954; x_wconf 86' lang='lat' dir='ltr'><strong>Tisi-</strong></span> 
     </span>
     <span class='ocr_line' id='line_1_19' title="bbox 368 1984 2073 2052; baseline -0.001 -17"><span class='ocrx_word' id='word_1_129' title='bbox 368 1986 572 2052; x_wconf 86' lang='lat' dir='ltr'><strong>phonen</strong></span> <span class='ocrx_word' id='word_1_130' title='bbox 617 1992 786 2036; x_wconf 88' lang='lat' dir='ltr'><strong>autem</strong></span> <span class='ocrx_word' id='word_1_131' title='bbox 834 1986 1019 2052; x_wconf 84' lang='lat' dir='ltr'><strong>captivi</strong></span> <span class='ocrx_word' id='word_1_132' title='bbox 1065 2001 1180 2037; x_wconf 84' lang='lat' dir='ltr'><strong>esse</strong></span> <span class='ocrx_word' id='word_1_133' title='bbox 1224 1987 1380 2035; x_wconf 86' lang='lat' dir='ltr'><strong>filiam</strong></span> <span class='ocrx_word' id='word_1_134' title='bbox 1427 1986 1624 2037; x_wconf 79' lang='lat' dir='ltr'><strong>ferebat</strong></span> <span class='ocrx_word' id='word_1_135' title='bbox 1668 1990 1724 2036; x_wconf 82' lang='lat' dir='ltr'><strong>et</strong></span> <span class='ocrx_word' id='word_1_136' title='bbox 1754 2000 1847 2051; x_wconf 87' lang='lat' dir='ltr'><strong>pro</strong></span> <span class='ocrx_word' id='word_1_137' title='bbox 1891 1984 2073 2051; x_wconf 82' lang='lat' dir='ltr'><strong>pellice</strong></span> 
     </span>
     <span class='ocr_line' id='line_1_20' title="bbox 369 2065 2074 2134; baseline -0.001 -18"><span class='ocrx_word' id='word_1_138' title='bbox 369 2066 633 2117; x_wconf 89' lang='lat' dir='ltr'><strong>habiturus</strong></span> <span class='ocrx_word' id='word_1_139' title='bbox 683 2073 806 2129; x_wconf 89' lang='lat' dir='ltr'><strong>erat,</strong></span> <span class='ocrx_word' id='word_1_140' title='bbox 855 2067 1017 2116; x_wconf 87' lang='lat' dir='ltr'><strong>donec</strong></span> <span class='ocrx_word' id='word_1_141' title='bbox 1061 2083 1121 2116; x_wconf 90' lang='lat' dir='ltr'><strong>ea</strong></span> <span class='ocrx_word' id='word_1_142' title='bbox 1154 2083 1183 2115; x_wconf 85' lang='lat' dir='ltr'><strong>a</strong></span> <span class='ocrx_word' id='word_1_143' title='bbox 1215 2067 1390 2134; x_wconf 82' lang='lat' dir='ltr'><strong>regina</strong></span> <span class='ocrx_word' id='word_1_144' title='bbox 1421 2067 1718 2116; x_wconf 79' lang='lat' dir='ltr'><strong>venumdata</strong></span> <span class='ocrx_word' id='word_1_145' title='bbox 1751 2071 1849 2115; x_wconf 83' lang='lat' dir='ltr'><strong>est.</strong></span> <span class='ocrx_word' id='word_1_146' title='bbox 1928 2065 2074 2114; x_wconf 91' lang='lat' dir='ltr'><strong>Illum</strong></span> 
     </span>
     <span class='ocr_line' id='line_1_21' title="bbox 367 2145 2073 2213; baseline -0.001 -18"><span class='ocrx_word' id='word_1_147' title='bbox 367 2147 495 2196; x_wconf 83' lang='lat' dir='ltr'><strong>vatis</strong></span> <span class='ocrx_word' id='word_1_148' title='bbox 530 2163 741 2197; x_wconf 90' lang='lat' dir='ltr'><strong>munere</strong></span> <span class='ocrx_word' id='word_1_149' title='bbox 776 2154 829 2197; x_wconf 90' lang='lat' dir='ltr'><strong>et</strong></span> <span class='ocrx_word' id='word_1_150' title='bbox 861 2147 1104 2196; x_wconf 79' lang='lat' dir='ltr'><strong>facultate</strong></span> <span class='ocrx_word' id='word_1_151' title='bbox 1136 2147 1198 2197; x_wconf 87' lang='lat' dir='ltr'><strong>ab</strong></span> <span class='ocrx_word' id='word_1_152' title='bbox 1224 2146 1457 2213; x_wconf 79' lang='lat' dir='ltr'><strong>Apolline</strong></span> <span class='ocrx_word' id='word_1_153' title='bbox 1490 2147 1727 2197; x_wconf 87' lang='lat' dir='ltr'><strong>donatum</strong></span> <span class='ocrx_word' id='word_1_154' title='bbox 1764 2145 1923 2195; x_wconf 83' lang='lat' dir='ltr'><strong>fuisse</strong></span> <span class='ocrx_word' id='word_1_155' title='bbox 1954 2160 2073 2194; x_wconf 87' lang='lat' dir='ltr'><strong>con·</strong></span> 
     </span>
     <span class='ocr_line' id='line_1_22' title="bbox 366 2223 2074 2291; baseline -0.002 -16"><span class='ocrx_word' id='word_1_156' title='bbox 366 2233 469 2276; x_wconf 86' lang='lat' dir='ltr'><strong>stat</strong></span> <span class='ocrx_word' id='word_1_157' title='bbox 516 2243 676 2291; x_wconf 89' lang='lat' dir='ltr'><strong>eoque</strong></span> <span class='ocrx_word' id='word_1_158' title='bbox 710 2227 911 2276; x_wconf 88' lang='lat' dir='ltr'><strong>nomine</strong></span> <span class='ocrx_word' id='word_1_159' title='bbox 942 2227 1140 2276; x_wconf 85' lang='lat' dir='ltr'><strong>divinos</strong></span> <span class='ocrx_word' id='word_1_160' title='bbox 1181 2227 1406 2276; x_wconf 77' lang='lat' dir='ltr'><strong>honores</strong></span> <span class='ocrx_word' id='word_1_161' title='bbox 1450 2233 1652 2276; x_wconf 89' lang='lat' dir='ltr'><strong>mortuo</strong></span> <span class='ocrx_word' id='word_1_162' title='bbox 1687 2225 1914 2290; x_wconf 83' lang='lat' dir='ltr'><strong>pluribus</strong></span> <span class='ocrx_word' id='word_1_163' title='bbox 1948 2223 2074 2272; x_wconf 86' lang='lat' dir='ltr'><strong>locis</strong></span> 
     </span>
     <span class='ocr_line' id='line_1_23' title="bbox 365 2303 2074 2371; baseline -0.001 -17"><span class='ocrx_word' id='word_1_164' title='bbox 365 2305 623 2356; x_wconf 87' lang='lat' dir='ltr'><strong>institutos</strong></span> <span class='ocrx_word' id='word_1_165' title='bbox 657 2306 815 2355; x_wconf 86' lang='lat' dir='ltr'><strong>fuisse</strong></span> <span class='ocrx_word' id='word_1_166' title='bbox 843 2305 943 2369; x_wconf 88' lang='lat'><strong>**).</strong></span> <span class='ocrx_word' id='word_1_167' title='bbox 1013 2306 1187 2368; x_wconf 87' lang='lat' dir='ltr'><strong>ltaque</strong></span> <span class='ocrx_word' id='word_1_168' title='bbox 1230 2310 1444 2371; x_wconf 81' lang='lat' dir='ltr'><strong>patrem,</strong></span> <span class='ocrx_word' id='word_1_169' title='bbox 1491 2307 1576 2369; x_wconf 88' lang='lat' dir='ltr'><strong>qui</strong></span> <span class='ocrx_word' id='word_1_170' title='bbox 1620 2306 1881 2355; x_wconf 80' lang='lat' dir='ltr'><strong>etiamtum</strong></span> <span class='ocrx_word' id='word_1_171' title='bbox 1928 2303 2074 2353; x_wconf 85' lang='lat' dir='ltr'><strong>furiis</strong></span> 
     </span>
     <span class='ocr_line' id='line_1_24' title="bbox 368 2384 2074 2452; baseline -0.002 -17"><span class='ocrx_word' id='word_1_172' title='bbox 368 2386 644 2452; x_wconf 81' lang='lat' dir='ltr'><strong>agitabatur</strong></span> <span class='ocrx_word' id='word_1_173' title='bbox 681 2386 884 2451; x_wconf 84' lang='lat' dir='ltr'><strong>(fragm.</strong></span> <span class='ocrx_word' id='word_1_174' title='bbox 903 2385 1027 2449; x_wconf 85' lang='lat'><strong>13.)‚</strong></span> <span class='ocrx_word' id='word_1_175' title='bbox 1072 2385 1227 2434; x_wconf 83' lang='lat' dir='ltr'><strong>sacris</strong></span> <span class='ocrx_word' id='word_1_176' title='bbox 1263 2384 1559 2450; x_wconf 82' lang='lat' dir='ltr'><strong>quibusdam</strong></span> <span class='ocrx_word' id='word_1_177' title='bbox 1591 2386 1802 2434; x_wconf 85' lang='lat' dir='ltr'><strong>secretis</strong></span> <span class='ocrx_word' id='word_1_178' title='bbox 1835 2384 2074 2449; x_wconf 85' lang='lat' dir='ltr'><strong>expiavit,</strong></span> 
     </span>
     <span class='ocr_line' id='line_1_25' title="bbox 370 2463 2076 2531; baseline -0.002 -14"><span class='ocrx_word' id='word_1_179' title='bbox 370 2482 470 2531; x_wconf 88' lang='lat' dir='ltr'><strong>quo</strong></span> <span class='ocrx_word' id='word_1_180' title='bbox 504 2467 555 2515; x_wconf 90' lang='lat' dir='ltr'><strong>iu</strong></span> <span class='ocrx_word' id='word_1_181' title='bbox 589 2466 792 2530; x_wconf 77' lang='lat' dir='ltr'><strong>negotio</strong></span> <span class='ocrx_word' id='word_1_182' title='bbox 826 2466 876 2516; x_wconf 89' lang='lat' dir='ltr'><strong>ei</strong></span> <span class='ocrx_word' id='word_1_183' title='bbox 907 2465 1131 2515; x_wconf 89' lang='lat' dir='ltr'><strong>feminae</strong></span> <span class='ocrx_word' id='word_1_184' title='bbox 1165 2466 1411 2530; x_wconf 82' lang='lat' dir='ltr'><strong>quaedam</strong></span> <span class='ocrx_word' id='word_1_185' title='bbox 1445 2465 1671 2515; x_wconf 86' lang='lat' dir='ltr'><strong>eiusdem</strong></span> <span class='ocrx_word' id='word_1_186' title='bbox 1719 2465 1841 2515; x_wconf 84' lang='lat' dir='ltr'><strong>artis</strong></span> <span class='ocrx_word' id='word_1_187' title='bbox 1879 2463 2076 2531; x_wconf 82' lang='lat' dir='ltr'><strong>peritae</strong></span> 
     </span>
     <span class='ocr_line' id='line_1_26' title="bbox 369 2544 2075 2614; baseline -0.001 -19"><span class='ocrx_word' id='word_1_188' title='bbox 369 2562 465 2614; x_wconf 83' lang='lat' dir='ltr'><strong>pro</strong></span> <span class='ocrx_word' id='word_1_189' title='bbox 514 2545 713 2596; x_wconf 87' lang='lat' dir='ltr'><strong>famulis</strong></span> <span class='ocrx_word' id='word_1_190' title='bbox 758 2551 809 2596; x_wconf 87' lang='lat' dir='ltr'><strong>et</strong></span> <span class='ocrx_word' id='word_1_191' title='bbox 856 2546 1096 2596; x_wconf 81' lang='lat' dir='ltr'><strong>ministris</strong></span> <span class='ocrx_word' id='word_1_192' title='bbox 1145 2545 1414 2595; x_wconf 82' lang='lat' dir='ltr'><strong>adfuerunt</strong></span> <span class='ocrx_word' id='word_1_193' title='bbox 1464 2545 1674 2612; x_wconf 82' lang='lat' dir='ltr'><strong>(fragm.</strong></span> <span class='ocrx_word' id='word_1_194' title='bbox 1700 2544 1841 2609; x_wconf 60' lang='lat'><strong>12),</strong></span> <span class='ocrx_word' id='word_1_195' title='bbox 1892 2544 2075 2610; x_wconf 87' lang='lat' dir='ltr'><strong>quibus</strong></span> 
     </span>
     <span class='ocr_line' id='line_1_27' title="bbox 372 2624 2077 2693; baseline -0.001 -16"><span class='ocrx_word' id='word_1_196' title='bbox 372 2627 513 2678; x_wconf 84' lang='lat' dir='ltr'><strong>chori</strong></span> <span class='ocrx_word' id='word_1_197' title='bbox 545 2642 725 2676; x_wconf 74' lang='lat' dir='ltr'><strong>munus</strong></span> <span class='ocrx_word' id='word_1_198' title='bbox 762 2627 823 2676; x_wconf 87' lang='lat' dir='ltr'><strong>ab</strong></span> <span class='ocrx_word' id='word_1_199' title='bbox 859 2627 1106 2693; x_wconf 82' lang='lat' dir='ltr'><strong>Euripide</strong></span> <span class='ocrx_word' id='word_1_200' title='bbox 1152 2625 1441 2691; x_wconf 80' lang='lat' dir='ltr'><strong>delegatum</strong></span> <span class='ocrx_word' id='word_1_201' title='bbox 1481 2625 1593 2675; x_wconf 83' lang='lat' dir='ltr'><strong>fuit.</strong></span> <span class='ocrx_word' id='word_1_202' title='bbox 1670 2624 1754 2676; x_wconf 89' lang='lat' dir='ltr'><strong>Nil</strong></span> <span class='ocrx_word' id='word_1_203' title='bbox 1798 2625 1954 2692; x_wconf 84' lang='lat' dir='ltr'><strong>igitur</strong></span> <span class='ocrx_word' id='word_1_204' title='bbox 1982 2625 2077 2675; x_wconf 78' lang='lat' dir='ltr'><strong>ob-</strong></span> 
     </span>
     <span class='ocr_line' id='line_1_28' title="bbox 363 2704 2076 2772; baseline -0.002 -14"><span class='ocrx_word' id='word_1_205' title='bbox 363 2711 492 2771; x_wconf 85' lang='lat' dir='ltr'><strong>stat,</strong></span> <span class='ocrx_word' id='word_1_206' title='bbox 536 2708 667 2772; x_wconf 79' lang='lat' dir='ltr'><strong>quiu</strong></span> <span class='ocrx_word' id='word_1_207' title='bbox 717 2707 868 2757; x_wconf 84' lang='lat' dir='ltr'><strong>Ennii</strong></span> <span class='ocrx_word' id='word_1_208' title='bbox 912 2707 1166 2771; x_wconf 78' lang='lat' dir='ltr'><strong>fabulam,</strong></span> <span class='ocrx_word' id='word_1_209' title='bbox 1219 2707 1365 2757; x_wconf 85' lang='lat' dir='ltr'><strong>cuius</strong></span> <span class='ocrx_word' id='word_1_210' title='bbox 1412 2706 1656 2772; x_wconf 86' lang='lat' dir='ltr'><strong>reliquiae</strong></span> <span class='ocrx_word' id='word_1_211' title='bbox 1698 2705 1765 2756; x_wconf 82' lang='lat' dir='ltr'><strong>ad</strong></span> <span class='ocrx_word' id='word_1_212' title='bbox 1808 2704 2076 2757; x_wconf 80' lang='lat' dir='ltr'><strong>Furiarum</strong></span> 
     </span>
    </p>
   </div>
   <div class='ocr_carea' id='block_1_4' title="bbox 399 2914 2080 3559">
    <p class='ocr_par' dir='ltr' id='par_1_4' title="bbox 431 2914 2078 3122">
     <span class='ocr_line' id='line_1_29' title="bbox 431 2914 2078 2981; baseline -0.004 -14"><span class='ocrx_word' id='word_1_213' title='bbox 431 2926 483 2981; x_wconf 57' lang='lat'><strong>³⁶)</strong></span> <span class='ocrx_word' id='word_1_214' title='bbox 524 2921 863 2967; x_wconf 74' lang='lat' dir='ltr'><strong>Grammaticus</strong></span> <span class='ocrx_word' id='word_1_215' title='bbox 902 2921 1088 2977; x_wconf 83' lang='lat' dir='ltr'><strong>quidam</strong></span> <span class='ocrx_word' id='word_1_216' title='bbox 1131 2922 1177 2965; x_wconf 91' lang='lat' dir='ltr'><strong>in</strong></span> <span class='ocrx_word' id='word_1_217' title='bbox 1217 2922 1421 2965; x_wconf 86' lang='lat' dir='ltr'><strong>Crameri</strong></span> <span class='ocrx_word' id='word_1_218' title='bbox 1460 2922 1626 2965; x_wconf 82' lang='lat' dir='ltr'><strong>Auecd.</strong></span> <span class='ocrx_word' id='word_1_219' title='bbox 1657 2921 1719 2975; x_wconf 84' lang='grc' dir='ltr'><strong>ΙΙ,</strong></span> <span class='ocrx_word' id='word_1_220' title='bbox 1751 2918 1852 2974; x_wconf 73' lang='grc'><strong>337,</strong></span> <span class='ocrx_word' id='word_1_221' title='bbox 1885 2917 1938 2962; x_wconf 75' lang='lat'><strong>42</strong></span> <span class='ocrx_word' id='word_1_222' title='bbox 1989 2914 2078 2962; x_wconf 86' lang='grc' dir='ltr'><strong>Ἀλ-</strong></span> 
     </span>
     <span class='ocr_line' id='line_1_30' title="bbox 511 2988 2076 3051; baseline -0.004 -13"><span class='ocrx_word' id='word_1_223' title='bbox 511 2995 747 3050; x_wconf 67' lang='grc' dir='ltr'><strong><em>πμέωνος,</em></strong></span> <span class='ocrx_word' id='word_1_224' title='bbox 787 2989 842 3037; x_wconf 76' lang='grc' dir='ltr'><strong><em>τὸ</em></strong></span> <span class='ocrx_word' id='word_1_225' title='bbox 883 2996 944 3048; x_wconf 53' lang='lat' dir='ltr'><strong>‘&#39;t-a</strong></span> <span class='ocrx_word' id='word_1_226' title='bbox 986 2989 1140 3048; x_wconf 83' lang='grc' dir='ltr'><strong><em>ψιλόν,</em></strong></span> <span class='ocrx_word' id='word_1_227' title='bbox 1181 2989 1244 3042; x_wconf 77' lang='grc' dir='ltr'><strong>ὥς</strong></span> <span class='ocrx_word' id='word_1_228' title='bbox 1282 2991 1414 3051; x_wconf 71' lang='grc' dir='ltr'><strong><em>παρὰ</em></strong></span> <span class='ocrx_word' id='word_1_229' title='bbox 1444 2988 1681 3051; x_wconf 75' lang='grc' dir='ltr'><strong><em>Εὐριπίδῃ</em></strong></span> <span class='ocrx_word' id='word_1_230' title='bbox 1718 2991 1810 3048; x_wconf 75' lang='grc' dir='ltr'><strong><em>ἔχει</em></strong></span> <span class='ocrx_word' id='word_1_231' title='bbox 1836 2988 1869 3047; x_wconf 73' lang='grc' dir='ltr'><em>ἡ</em></span> <span class='ocrx_word' id='word_1_232' title='bbox 1898 2989 2076 3048; x_wconf 74' lang='grc' dir='ltr'><strong><em>χρῆσις.</em></strong></span> 
     </span>
     <span class='ocr_line' id='line_1_31' title="bbox 516 3059 1984 3122; baseline -0.003 -14"><span class='ocrx_word' id='word_1_233' title='bbox 516 3064 773 3115; x_wconf 78' lang='grc' dir='ltr'><strong><em>Συστείλας</em></strong></span> <span class='ocrx_word' id='word_1_234' title='bbox 798 3062 854 3108; x_wconf 75' lang='grc' dir='ltr'><strong><em>τὸ</em></strong></span> <span class='ocrx_word' id='word_1_235' title='bbox 891 3066 919 3108; x_wconf 77' lang='grc' dir='ltr'><em>ἔ</em></span> <span class='ocrx_word' id='word_1_236' title='bbox 945 3061 1175 3119; x_wconf 76' lang='grc' dir='ltr'><strong><em>φυλάττει</em></strong></span> <span class='ocrx_word' id='word_1_237' title='bbox 1202 3059 1256 3107; x_wconf 75' lang='grc' dir='ltr'><strong><em>τὸ</em></strong></span> <span class='ocrx_word' id='word_1_238' title='bbox 1290 3067 1327 3107; x_wconf 83' lang='grc' dir='ltr'><em>ὦ</em></span> <span class='ocrx_word' id='word_1_239' title='bbox 1360 3063 1423 3114; x_wconf 81' lang='grc' dir='ltr'><strong>οὖς</strong></span> <span class='ocrx_word' id='word_1_240' title='bbox 1451 3062 1614 3121; x_wconf 68' lang='grc' dir='ltr'><strong><em>κύριον</em></strong></span> <span class='ocrx_word' id='word_1_241' title='bbox 1644 3061 1696 3107; x_wconf 68' lang='grc' dir='ltr'><strong>ἐν</strong></span> <span class='ocrx_word' id='word_1_242' title='bbox 1722 3063 1781 3122; x_wconf 78' lang='grc' dir='ltr'><strong><em>τῇ</em></strong></span> <span class='ocrx_word' id='word_1_243' title='bbox 1808 3061 1984 3118; x_wconf 56' lang='grc' dir='ltr'><strong><em>γεννικῇ.</em></strong></span> 
     </span>
    </p>

    <p class='ocr_par' dir='ltr' id='par_1_5' title="bbox 399 3143 2078 3208">
     <span class='ocr_line' id='line_1_32' title="bbox 399 3143 2078 3208; baseline -0.005 -14"><span class='ocrx_word' id='word_1_244' title='bbox 399 3151 476 3208; x_wconf 55' lang='grc' dir='ltr'><strong>*ἢ</strong></span> <span class='ocrx_word' id='word_1_245' title='bbox 511 3147 674 3194; x_wconf 75' lang='lat' dir='ltr'><strong>Livius</strong></span> <span class='ocrx_word' id='word_1_246' title='bbox 694 3146 769 3203; x_wconf 73' lang='lat'><strong>45,</strong></span> <span class='ocrx_word' id='word_1_247' title='bbox 795 3147 878 3191; x_wconf 72' lang='lat'><strong>2⁷:</strong></span> <span class='ocrx_word' id='word_1_248' title='bbox 938 3148 1080 3201; x_wconf 76' lang='lat' dir='ltr'><strong>„lude</strong></span> <span class='ocrx_word' id='word_1_249' title='bbox 1105 3148 1313 3204; x_wconf 84' lang='lat' dir='ltr'><strong>Oropum</strong></span> <span class='ocrx_word' id='word_1_250' title='bbox 1340 3148 1515 3192; x_wconf 73' lang='lat' dir='ltr'><strong>Atticae</strong></span> <span class='ocrx_word' id='word_1_251' title='bbox 1550 3151 1735 3191; x_wconf 70' lang='lat' dir='ltr'><strong>ventum</strong></span> <span class='ocrx_word' id='word_1_252' title='bbox 1762 3147 1847 3199; x_wconf 71' lang='lat' dir='ltr'><strong>est,</strong></span> <span class='ocrx_word' id='word_1_253' title='bbox 1884 3143 1967 3187; x_wconf 72' lang='lat' dir='ltr'><strong>ubi</strong></span> <span class='ocrx_word' id='word_1_254' title='bbox 1993 3158 2078 3200; x_wconf 84' lang='lat' dir='ltr'><strong>pro</strong></span> 
     </span>
    </p>

    <p class='ocr_par' dir='ltr' id='par_1_6' title="bbox 406 3218 2080 3559">
     <span class='ocr_line' id='line_1_33' title="bbox 406 3218 2078 3275; baseline -0.003 -12"><span class='ocrx_word' id='word_1_255' title='bbox 406 3218 407 3221; x_wconf 65' lang='grc'>’</span> <span class='ocrx_word' id='word_1_256' title='bbox 520 3222 607 3264; x_wconf 88' lang='lat' dir='ltr'><strong>deo</strong></span> <span class='ocrx_word' id='word_1_257' title='bbox 649 3223 779 3263; x_wconf 84' lang='lat' dir='ltr'><strong>vates</strong></span> <span class='ocrx_word' id='word_1_258' title='bbox 808 3219 1140 3275; x_wconf 84' lang='lat' dir='ltr'><strong>Amphilochus</strong></span> <span class='ocrx_word' id='word_1_259' title='bbox 1181 3220 1343 3262; x_wconf 86' lang='lat' dir='ltr'><strong>colitur</strong></span> <span class='ocrx_word' id='word_1_260' title='bbox 1379 3219 1692 3275; x_wconf 82' lang='lat' dir='ltr'><strong>templumque</strong></span> <span class='ocrx_word' id='word_1_261' title='bbox 1729 3218 1957 3261; x_wconf 79' lang='lat' dir='ltr'><strong>vetustum</strong></span> <span class='ocrx_word' id='word_1_262' title='bbox 1995 3218 2078 3267; x_wconf 82' lang='lat' dir='ltr'><strong>est,</strong></span> 
     </span>
     <span class='ocr_line' id='line_1_34' title="bbox 514 3283 2076 3345; baseline -0.006 -10"><span class='ocrx_word' id='word_1_263' title='bbox 514 3290 716 3335; x_wconf 78' lang='lat' dir='ltr'><strong>fontibus</strong></span> <span class='ocrx_word' id='word_1_264' title='bbox 756 3290 959 3345; x_wconf 82' lang='lat' dir='ltr'><strong>rivisque</strong></span> <span class='ocrx_word' id='word_1_265' title='bbox 998 3289 1121 3334; x_wconf 85' lang='lat' dir='ltr'><strong>circa.</strong></span> <span class='ocrx_word' id='word_1_266' title='bbox 1160 3289 1444 3333; x_wconf 83' lang='lat' dir='ltr'><strong>amoenum.”</strong></span> <span class='ocrx_word' id='word_1_267' title='bbox 1499 3289 1693 3332; x_wconf 81' lang='lat' dir='ltr'><strong>Pausan.</strong></span> <span class='ocrx_word' id='word_1_268' title='bbox 1714 3286 1802 3332; x_wconf 78' lang='lat' dir='ltr'><strong>Att.</strong></span> <span class='ocrx_word' id='word_1_269' title='bbox 1838 3301 1882 3342; x_wconf 82' lang='lat' dir='ltr'><strong>p.</strong></span> <span class='ocrx_word' id='word_1_270' title='bbox 1900 3285 1974 3338; x_wconf 81' lang='lat'><strong>33,</strong></span> <span class='ocrx_word' id='word_1_271' title='bbox 1997 3283 2076 3327; x_wconf 84' lang='lat'><strong>18:</strong></span> 
     </span>
     <span class='ocr_line' id='line_1_35' title="bbox 517 3353 2080 3420; baseline -0.006 -13"><span class='ocrx_word' id='word_1_272' title='bbox 517 3363 584 3420; x_wconf 79' lang='grc' dir='ltr'><strong><em>τῷ</em></strong></span> <span class='ocrx_word' id='word_1_273' title='bbox 615 3360 667 3406; x_wconf 78' lang='grc' dir='ltr'><strong>δὲ</strong></span> <span class='ocrx_word' id='word_1_274' title='bbox 697 3358 951 3419; x_wconf 82' lang='grc' dir='ltr'><strong><em>Ἀμφιλόχῳ</em></strong></span> <span class='ocrx_word' id='word_1_275' title='bbox 979 3359 1060 3405; x_wconf 80' lang='grc' dir='ltr'><strong>καὶ</strong></span> <span class='ocrx_word' id='word_1_276' title='bbox 1087 3355 1196 3418; x_wconf 79' lang='grc' dir='ltr'><strong><em>παρ’</em></strong></span> <span class='ocrx_word' id='word_1_277' title='bbox 1225 3357 1487 3417; x_wconf 82' lang='grc' dir='ltr'><strong><em>Ἀθηναίοις</em></strong></span> <span class='ocrx_word' id='word_1_278' title='bbox 1516 3357 1639 3403; x_wconf 78' lang='grc' dir='ltr'><strong><em>ἐστὶν</em></strong></span> <span class='ocrx_word' id='word_1_279' title='bbox 1667 3358 1717 3403; x_wconf 82' lang='grc' dir='ltr'><strong>ἐν</strong></span> <span class='ocrx_word' id='word_1_280' title='bbox 1744 3357 1805 3415; x_wconf 81' lang='grc' dir='ltr'><strong><em>τῇ</em></strong></span> <span class='ocrx_word' id='word_1_281' title='bbox 1831 3353 1966 3400; x_wconf 82' lang='grc' dir='ltr'><strong><em>πόλει</em></strong></span> <span class='ocrx_word' id='word_1_282' title='bbox 1991 3355 2080 3413; x_wconf 83' lang='grc' dir='ltr'><strong>βω-</strong></span> 
     </span>
     <span class='ocr_line' id='line_1_36' title="bbox 513 3423 2079 3490; baseline -0.005 -13"><span class='ocrx_word' id='word_1_283' title='bbox 513 3430 602 3489; x_wconf 80' lang='grc' dir='ltr'><strong>μὸς</strong></span> <span class='ocrx_word' id='word_1_284' title='bbox 648 3430 730 3476; x_wconf 81' lang='grc' dir='ltr'><strong>καὶ</strong></span> <span class='ocrx_word' id='word_1_285' title='bbox 769 3432 983 3485; x_wconf 73' lang='grc' dir='ltr'><strong><em>Κιλικίας</em></strong></span> <span class='ocrx_word' id='word_1_286' title='bbox 1033 3429 1083 3477; x_wconf 77' lang='grc' dir='ltr'><strong>ἐν</strong></span> <span class='ocrx_word' id='word_1_287' title='bbox 1122 3431 1302 3490; x_wconf 76' lang='grc' dir='ltr'><strong><em>Μαλλῷ</em></strong></span> <span class='ocrx_word' id='word_1_288' title='bbox 1337 3432 1558 3488; x_wconf 87' lang='grc' dir='ltr'><strong><em>μαντεῖον</em></strong></span> <span class='ocrx_word' id='word_1_289' title='bbox 1598 3425 1945 3486; x_wconf 75' lang='grc' dir='ltr'><strong><em>ἀψευδέστατον</em></strong></span> <span class='ocrx_word' id='word_1_290' title='bbox 1983 3423 2079 3469; x_wconf 73' lang='grc' dir='ltr'><strong><em>τῶν</em></strong></span> 
     </span>
     <span class='ocr_line' id='line_1_37' title="bbox 518 3496 751 3559; baseline -0.004 -12"><span class='ocrx_word' id='word_1_291' title='bbox 518 3496 588 3547; x_wconf 75' lang='grc' dir='ltr'><strong>ἐπ’</strong></span> <span class='ocrx_word' id='word_1_292' title='bbox 623 3501 751 3559; x_wconf 77' lang='grc' dir='ltr'><strong><em>ἐμοῦ.</em></strong></span> 
     </span>
    </p>
   </div>
  </div>
 </body>
</html>
