2170 3866
1113 304 1238 361 444

335 450 444 499 silio
494 453 544 497 et
586 450 795 497 matrem
839 446 1142 497 vindicarunt
1188 454 1237 497 et
1287 449 1531 499 civitatem
1577 451 1899 502 condiderunt
1942 457 1996 502 et

330 545 534 594 regnum
570 527 915 576 obtinuerunt:
950 529 1122 591 quibus
1158 529 1402 577 contraria
1439 530 1598 578 omnia
1623 530 1851 581 fecerunt
1880 532 1995 581 Ete-

332 609 466 656 ocles
518 613 568 656 et
616 606 905 671 Polynices,
963 608 1170 672 patriam
1222 614 1549 672 parentesque
1598 611 1993 674 pessumdantes-

331 687 452 736 Item
504 702 702 736 sorores
753 703 939 735 summa
983 688 1167 750 pietate
1215 687 1449 736 fratribus
1498 688 1724 738 addictae
1758 691 1995 754 Antigona

330 773 474 831 atque
509 766 706 814 Electra
740 770 868 815 sunt.
918 767 1172 816 Menelaus
1207 783 1338 826 vero,
1375 768 1488 815 dum
1525 769 1734 830 gratiam
1769 785 1858 833 pro
1893 769 1995 817 fra-

330 847 419 894 tris
454 847 708 894 beneficiis
742 847 925 894 nullam
962 846 1141 906 refert,
1178 846 1286 911 ipse
1319 847 1537 911 privatur
1571 848 1648 908 iis,
1683 865 1808 911 quae
1843 849 1993 898 caris-

331 926 452 974 sima
493 926 668 985 habet3
717 931 882 974 contra
918 925 1154 983 Orestes,
1203 942 1349 988 quem
1395 942 1564 975 omnes
1612 930 1805 992 cognati
1849 935 1995 992 atque

329 1005 505 1054 affines
541 1021 651 1053 cum
686 1006 853 1053 matris
877 1004 1017 1053 furiis
1043 1007 1279 1054 coniurati
1305 1007 1581 1070 opprimere
1603 1007 1817 1069 student,
1852 1009 1995 1058 unius

329 1084 512 1134 sororis
547 1090 697 1147 atque
731 1085 889 1146 amici,
924 1101 1069 1148 quem
1106 1101 1193 1150 pro
1228 1085 1382 1133 fratre
1414 1086 1581 1148 habet,
1615 1087 1794 1136 auxilio
1828 1089 1887 1138 ab
1921 1088 1993 1136 iu·

325 1164 476 1214 teritu
509 1164 793 1212 retrahitur.

456 1243 523 1292 Et
555 1244 678 1291 haec
712 1245 909 1307 quidem
955 1244 1013 1292 ad
1051 1243 1269 1293 familiae
1314 1244 1560 1293 fortunam
1596 1245 1867 1310 pertinent3
1901 1246 1995 1295 alia

325 1325 502 1382 insunt,
538 1339 660 1385 quae
695 1323 755 1370 ad
793 1324 997 1371 civitatis
1023 1323 1284 1371 discrimen
1321 1341 1431 1372 cum
1468 1325 1751 1374 discrimine
1776 1325 1992 1391 Oedipo-

324 1404 495 1452 darum
531 1403 805 1451 arctissime
840 1404 1152 1451 coniunctum
1184 1409 1421 1465 spectent.
1475 1404 1588 1452 Alte
1617 1405 1766 1452 fixum
1791 1410 1868 1453 est
1889 1421 1991 1454 ma-

323 1483 425 1532 lum
461 1487 513 1530 et
546 1483 605 1529 ab
641 1483 747 1546 ipsa
782 1484 945 1529 statim
984 1482 1169 1547 origine
1204 1492 1554 1545 propagatum,
1602 1483 1650 1530 id
1701 1484 1829 1546 quod
1875 1500 1990 1549 pro-

323 1563 423 1627 logi
468 1562 668 1610 exordio
714 1562 1030 1624 significatur.
1111 1562 1345 1625 Apertins
1393 1563 1523 1610 idem
1573 1563 1720 1611 docet
1759 1569 1895 1611 vates
1931 1580 1991 1612 eo

323 1643 460 1702 loco,
519 1657 614 1705 quo
662 1641 871 1689 Martem
922 1646 1125 1706 propter
1175 1642 1398 1688 draconis
1447 1643 1648 1690 caedem
1695 1643 1992 1692 irascentem

322 1723 460 1772 iubet
507 1721 762 1785 propitiari
809 1721 876 1785 (v.
923 1723 1020 1767 934
1068 1723 1250 1784 seqq.).
1341 1721 1436 1768 Per
1487 1721 1746 1770 draconem
1791 1729 1909 1770 tumr
1941 1723 1992 1771 in

323 1802 601 1867 Hypsipyla
627 1801 912 1864 Argivorum
949 1807 1054 1848 tum
1090 1802 1135 1847 in
1166 1800 1449 1848 Phoenissis
1472 1800 1822 1851 Thebanorum
1846 1818 1991 1852 exer-

322 1883 442 1932 citui
488 1880 713 1929 interitus
758 1880 1090 1943 portenditur3
1141 1881 1299 1928 oblata
1346 1886 1507 1928 autem
1535 1897 1641 1944 ·pro
1675 1881 1771 1929 illis
1806 1882 1990 1932 Arche-

322 1962 448 2012 mori
480 1961 594 2018 vita‚
624 1975 714 2024 pro
750 1960 827 2007 his
863 1961 1094 2017 Macarei,
1130 1960 1325 2022 utrique
1360 1966 1632 2009 servantur.
1699 1962 1990 2012 Aretissime

322 2042 472 2092 etiam
518 2056 642 2103 qnae
685 2039 735 2087 in
784 2046 994 2102 utroque
1042 2040 1261 2087 dramate
1303 2047 1511 2105 aguntur
1559 2041 1687 2089 inter
1720 2056 1775 2089 se
1810 2042 1989 2092 cohae-

320 2127 461 2179 rent,
519 2135 726 2182 quorum
785 2120 870 2167 illo
917 2119 1163 2167 exercitus
1213 2119 1413 2168 Thebas
1456 2122 1783 2185 oppugnaturi
1828 2122 1989 2171 fatum

318 2200 605 2266 prodicitur,
638 2200 735 2246 hoc
770 2206 1077 2261 oppugnatae
1111 2200 1246 2247 urbis
1281 2216 1389 2248 sors
1426 2201 1728 2260 decernitur3
1763 2203 1988 2251 itemar-

323 2285 403 2329 cte
437 2279 678 2341 Antiopae
714 2283 764 2325 et
790 2277 1166 2325 Phoenissarum
1193 2280 1411 2326 dramata
1433 2280 1736 2340 colligantur,
1775 2297 1985 2342 quorum

319 2359 371 2408 iu
405 2358 489 2406 illo
521 2357 705 2405 familia
738 2357 818 2420 pia
854 2357 1185 2419 innocensque
1216 2356 1264 2403 in
1296 2357 1458 2403 locum
1495 2357 1746 2420 improbae
1767 2361 1987 2409 succedit

320 2453 570 2504 regnoque
604 2438 759 2500 potita
794 2438 1036 2485 civitatem
1070 2443 1173 2483 tum
1211 2436 1399 2498 legibus
1443 2437 1691 2500 sacrisque
1723 2439 1984 2490 instituen-

320 2519 398 2568 dis
451 2517 760 2580 tranquillam
819 2522 921 2564 tum
970 2515 1168 2564 fortiter
1211 2515 1340 2578 agris
1387 2516 1606 2564 colendis
1660 2517 1986 2583 hostibusque

319 2599 571 2647 vincendis
605 2604 852 2661 potentem
889 2596 1078 2656 reddit,
1115 2597 1162 2644 in
1195 2596 1290 2644 hoc
1323 2594 1522 2658 pellitur
1555 2611 1674 2656 gens
1710 2597 1983 2650 sceleribu·

319 2677 534 2746 polluta,
581 2679 719 2726 cuius
766 2678 1055 2739 contagione
1086 2676 1238 2740 pestis
1284 2675 1583 2738 reipublicae
1614 2677 1745 2725 illata
1778 2683 1882 2740 est,
1925 2697 1984 2730 ac

317 2764 557 2825 purgatur
618 2758 789 2805 civitas
850 2757 1105 2805 materiam
1159 2754 1399 2803 scelerum
1450 2756 1708 2819 egerendo.
1792 2757 1983 2823 Duplex

318 2839 433 2888 fons
467 2838 731 2896 malorum,
768 2853 976 2900 quorum
1010 2837 1132 2884 alter
1165 2835 1211 2882 iu
1247 2834 1613 2897 Oedipodarum
1650 2841 1727 2884 est
1758 2838 1980 2903 imperio,

319 2919 447 2966 alter
481 2918 531 2965 in
575 2917 780 2964 civitatis
828 2917 983 2981 ipsius
1020 2930 1227 2979 corpore
1261 2915 1480 2977 positus,
1529 2915 1714 2979 duplici
1757 2918 1979 2968 remedio

319 3004 617 3047 removetur.
698 2996 872 3060 Populi
919 2996 1067 3060 igitur
1112 3001 1161 3042 et
1209 2995 1381 3042 domus
1429 2995 1596 3058 regiae
1645 3011 1752 3043 sors
1802 2997 1851 3044 in
1886 2998 1980 3047 hac

318 3075 569 3140 tragoedia
605 3076 1010 3138 quemadmodum
1044 3076 1092 3122 in
1126 3074 1400 3122 Troadibus
1436 3075 1611 3136 agitur,
1645 3075 1773 3124 unde
1807 3077 1890 3139 fit,
1924 3083 1980 3127 ut

320 3156 458 3204 chori
502 3171 696 3219 quoqne
739 3157 909 3203 eadem
944 3162 1114 3203 natura
1148 3155 1225 3201 sit.
1294 3154 1403 3202 Hoc
1437 3159 1637 3215 tenen&
1683 3155 1803 3203 nihil
1831 3158 1883 3223 in
1919 3172 1978 3205 ea

318 3234 580 3296 abundare,
614 3235 733 3284 nihil
764 3237 954 3293 abesse,
990 3234 1110 3283 nihil
1136 3234 1361 3290 alienum,
1399 3233 1486 3281 sed
1511 3235 1787 3283 necessaria
1816 3237 1976 3285 omnia

319 3319 371 3364 et
403 3315 681 3363 universum
719 3330 841 3378 opus
875 3320 1041 3380 aptum
1075 3319 1221 3377 atque
1256 3313 1476 3361 omnibus
1500 3313 1601 3361 suis
1626 3314 1840 3363 numeris
1862 3330 1976 3378 par-

318 3394 548 3458 tibusque
593 3391 868 3459 perfectum
917 3400 1064 3458 atque
1095 3392 1343 3457 expletum
1388 3408 1502 3442 esse
1546 3393 1806 3458 intelliges,
1873 3392 1974 3443 Iam

319 3472 382 3522 ad
413 3480 580 3540 partes
612 3473 942 3540 explanandas
974 3489 1055 3524 me
1086 3479 1334 3524 converto.
