2170 3848
937 278 1019 335 45

513 538 579 546 —-
715 504 794 558 ἀεὶ
829 502 887 557 δὲ
922 500 1348 568 Πελοποννήσιοι

479 587 827 656 τλησίμοχθοι
859 585 1090 639 nocuo&
1123 580 1316 650 ἥσυχοι
1349 579 1472 646 δορί
1492 579 1560 646 *).

280 462 351 791 ἱΙΙΙΙ

478 751 623 816 φιλεῖ
650 765 733 800 τοι
764 747 992 813 πόλεμος
1024 744 1092 797 οὐ
1124 742 1281 796 πάντ’
1313 741 1565 806 εὐτυχεῖν,

286 831 495 886 ἐσθλῶν
529 828 586 881 δὲ
617 828 783 896 χαίρει
815 828 1092 892 πτώμασιν
1124 825 1369 888 νεανιῶν,

284 906 482 972 κακοὺς
516 909 574 962 δὲ
606 912 772 976 μισεῖ·
807 914 874 976 τῇ
908 909 1055 960 πόλει
1087 904 1184 973 μὲν
1219 900 1319 958 οὖν
1351 903 1514 964 νόσος

282 994 394 1046 τόδ’
430 989 556 1055 ἐστί,
590 994 700 1052 τοῖς
734 990 793 1042 δὲ
825 992 1194 1042 κατθανοῦσιν
1230 987 1434 1046 εὐκλεές

284 1151 442 1220 α’ρετὴ
477 1151 551 1215 δὲ,
583 1151 687 1204 κᾶν
719 1150 864 1218 θοίνῃ
897 1167 991 1213 τις,
1029 1149 1129 1201 οὐκ
1162 1147 1471 1211 α’πόλλυται,

286 1237 349 1302 ζῇ
383 1228 432 1286 δ’
469 1232 638 1286 οὐκέτ’
675 1235 829 1292 ὄντος
865 1231 1133 1297 σώματος·
1167 1232 1381 1283 κακοῖσι
1415 1226 1473 1280 δὲ

287 1315 495 1369 ἅπαντα
528 1314 764 1381 φροῦδα,
799 1313 1138 1365 συνθανόνθ’
1172 1310 1278 1363 ὑπὸ
1309 1308 1510 1378 χθονός

287 1475 425 1538 εἰκὸς
461 1475 518 1528 δὲ
550 1474 709 1528 παντὶ
744 1474 834 1528 καὶ
866 1474 1007 1543 λόγῳ
1040 1473 1130 1527 καὶ
1164 1476 1374 1540 μηχανῇ

286 1557 541 1625 πατρίδος
574 1555 806 1624 ἐρῶντας
842 1555 1085 1608 ἐκπονεῖν
1118 1554 1401 1622 σωτηρίαν.

289 1641 383 1690 His
419 1642 483 1690 de
517 1642 651 1704 pacis
688 1641 851 1704 deque
884 1640 1004 1688 beni
1038 1638 1311 1688 commodis
1347 1635 1635 1702 disputatis,
1669 1652 1840 1703 perse-

158 1727 387 1772 veranter
431 1728 693 1770 recusante
741 1720 1058 1786 Polyphonte
1105 1725 1158 1767 et
1201 1717 1430 1766 iniuriam
1475 1715 1618 1768 fratri
1660 1733 1839 1784 expro-

158 1804 348 1861 brante,
383 1801 431 1850 in
464 1802 615 1849 rixam
651 1801 754 1849 abit
788 1800 1117 1864 colloquium:

293 1878 459 1932 καλόν
491 1881 540 1945 γ’
575 1877 780 1947 ἀληθὴς
812 1876 1032 1944 κᾶτενὴς
1065 1874 1336 1943 παρρησία

293 2038 548 2100 ἀσύνετος
582 2036 719 2099 ὅςτις
754 2036 812 2090 ἐν
847 2036 1003 2106 φόβῳ
1037 2037 1134 2104 μὲν
1167 2036 1416 2105 ἀσθενής,

295 2117 478 2187 λαβὼν
512 2117 569 2172 δὲ
602 2118 794 2187 μικρὸν
826 2122 920 2188 τῆς
951 2119 1111 2187 τύχης
1145 2122 1340 2187 φρονεῖ
1367 2114 1505 2185 μέγα

298 2280 462 2343 αἰδὼς
493 2280 597 2349 γὰρ
633 2280 796 2350 ὀργῆς
829 2283 1012 2333 πλεῖον
1045 2278 1240 2348 ὠφελεῖ
1269 2278 1514 2348 βροτούς.

164 2366 359 2418 Chorus
394 2364 717 2429 Polyphontis
754 2365 1108 2427 ingenuitatem
1140 2365 1436 2414 admiratur:

294 2447 416 2510 φεῦ,
451 2447 584 2509 φεῦ·
619 2439 680 2494 τὸ
715 2447 888 2510 φῦναι
918 2444 1117 2510 πατρὸς
1149 2442 1401 2511 εὐγενοῦς
1434 2443 1540 2493 α”πο

298 2522 434 2591 ὅσην
468 2521 569 2592 ἔχει
602 2524 870 2591 φρόνησιν
903 2524 1106 2590 ἀξίωμά
1138 2541 1215 2576 τε·

299 2605 403 2660 κᾶν
436 2605 537 2672 γὰρ
571 2605 732 2671 πένης
766 2603 842 2657 ὢν
876 2606 1111 2673 τυγχάνῃ
1145 2609 1375 2674 χρηστοῦ
1407 2604 1592 2673 γεγώς,

298 2687 455 2756 τιμὴν
488 2687 588 2754 ἔχει
619 2689 719 2739 τιν’
740 2706 752 2718 ·
790 2686 1247 2755 ἀναμετρούμενος
1281 2687 1337 2739 δέ
1371 2703 1486 2748 πως

299 2770 359 2821 τὸ
394 2772 492 2820 τοῦ
527 2767 729 2834 πατρὸς
763 2773 1014 2835 γενναῖον
1049 2769 1242 2836 ὠφελεῖ
1270 2769 1463 2837 τρόπῳ.

172 2854 228 2904 ln
262 2853 475 2902 carmine
508 2858 672 2901 tamen
709 2853 927 2901 canendo
963 2852 1260 2919 Cresphonti
1294 2851 1586 2902 assentitur:

301 2933 504 2996 τολμᾶν
538 2928 594 2982 δὲ
628 2932 820 2999 χρεών·
859 2930 889 2983 ὁ
923 2930 1025 2998 γὰρ
1060 2928 1119 2984 ἐν
1151 2931 1320 3002 καιρῷ

304 3012 508 3079 μόχθος
540 3012 742 3082 πολλὴν
775 3011 1119 3080 εὐδαιμονίαν

307 3094 465 3145 τίκτει
497 3096 742 3146 θνατοῖσι
776 3095 1046 3147 τελευτῶν.

303 3175 504 3225 Interim
530 3175 886 3241 Cresphontes,
922 3178 1152 3237 monitus,
1187 3179 1325 3239 puto,
1358 3173 1419 3221 ab
1444 3187 1616 3233 uxore,
1651 3169 1852 3219 insidias

173 3255 499 3321 Polyphontis
526 3257 765 3321 cognovit.
810 3258 906 3308 Hic
931 3263 1116 3320 autem,
1150 3255 1323 3321 capitis
1357 3253 1626 3303 discrimen
1651 3267 1708 3301 se
1736 3250 1853 3300 sub-

232 3412 280 3467 *)
308 3411 489 3470 Fragm.
519 3411 605 3455 inc.
635 3409 704 3455 99.
