<?xml version="1.0" encoding="UTF-8"?>
<!DOCTYPE html PUBLIC "-//W3C//DTD XHTML 1.0 Transitional//EN"
    "http://www.w3.org/TR/xhtml1/DTD/xhtml1-transitional.dtd">
<html xmlns="http://www.w3.org/1999/xhtml" xml:lang="en" lang="en">
 <head>
  <title>
</title>
<meta http-equiv="Content-Type" content="text/html;charset=utf-8" />
  <meta name='ocr-system' content='tesseract 3.04.00' />
  <meta name='ocr-capabilities' content='ocr_page ocr_carea ocr_par ocr_line ocrx_word'/>
</head>
<body>
  <div class='ocr_page' id='page_1' title='image "./euripidesrestitu02hartuoft_0074.png"; bbox 0 0 2170 3848; ppageno 0'>
   <div class='ocr_carea' id='block_1_1' title="bbox 1125 252 1207 308">
    <p class='ocr_par' dir='ltr' id='par_1_1' title="bbox 1125 252 1207 308">
     <span class='ocr_line' id='line_1_1' title="bbox 1125 252 1207 308; baseline 0 0"><span class='ocrx_word' id='word_1_1' title='bbox 1125 252 1207 308; x_wconf 81' lang='lat'><strong>62</strong></span> 
     </span>
    </p>
   </div>
   <div class='ocr_carea' id='block_1_2' title="bbox 332 395 2005 784">
    <p class='ocr_par' dir='ltr' id='par_1_2' title="bbox 332 395 2005 784">
     <span class='ocr_line' id='line_1_2' title="bbox 334 395 2005 467; baseline -0.001 -16"><span class='ocrx_word' id='word_1_2' title='bbox 334 418 431 467; x_wconf 87' lang='lat' dir='ltr'><strong>que</strong></span> <span class='ocrx_word' id='word_1_3' title='bbox 461 399 653 464; x_wconf 82' lang='lat' dir='ltr'><strong>ingenia</strong></span> <span class='ocrx_word' id='word_1_4' title='bbox 685 398 747 447; x_wconf 84' lang='lat' dir='ltr'><strong>ad</strong></span> <span class='ocrx_word' id='word_1_5' title='bbox 779 398 1011 449; x_wconf 86' lang='lat' dir='ltr'><strong>virtutem</strong></span> <span class='ocrx_word' id='word_1_6' title='bbox 1046 403 1158 447; x_wconf 85' lang='lat' dir='ltr'><strong>nata</strong></span> <span class='ocrx_word' id='word_1_7' title='bbox 1193 395 1454 447; x_wconf 81' lang='lat' dir='ltr'><strong>efferant.’&#39;</strong></span> <span class='ocrx_word' id='word_1_8' title='bbox 1500 395 1609 449; x_wconf 87' lang='lat' dir='ltr'><strong>Non</strong></span> <span class='ocrx_word' id='word_1_9' title='bbox 1643 400 1794 466; x_wconf 82' lang='lat' dir='ltr'><strong>igitur</strong></span> <span class='ocrx_word' id='word_1_10' title='bbox 1813 400 2005 450; x_wconf 87' lang='lat' dir='ltr'><strong>faciunt</strong></span> 
     </span>
     <span class='ocr_line' id='line_1_3' title="bbox 333 479 2004 547; baseline -0.001 -17"><span class='ocrx_word' id='word_1_11' title='bbox 333 481 462 547; x_wconf 89' lang='lat' dir='ltr'><strong>quod</strong></span> <span class='ocrx_word' id='word_1_12' title='bbox 498 479 750 545; x_wconf 89' lang='lat' dir='ltr'><strong>proprium</strong></span> <span class='ocrx_word' id='word_1_13' title='bbox 786 486 863 528; x_wconf 90' lang='lat' dir='ltr'><strong>est</strong></span> <span class='ocrx_word' id='word_1_14' title='bbox 897 486 1153 544; x_wconf 87' lang='lat' dir='ltr'><strong>poetarum</strong></span> <span class='ocrx_word' id='word_1_15' title='bbox 1189 479 1406 527; x_wconf 80' lang='lat' dir='ltr'><strong>officium</strong></span> <span class='ocrx_word' id='word_1_16' title='bbox 1451 480 1531 542; x_wconf 90' lang='lat' dir='ltr'><strong>qui</strong></span> <span class='ocrx_word' id='word_1_17' title='bbox 1565 486 1809 529; x_wconf 89' lang='lat' dir='ltr'><strong>certorum</strong></span> <span class='ocrx_word' id='word_1_18' title='bbox 1843 481 2004 530; x_wconf 88' lang='lat' dir='ltr'><strong>homi·</strong></span> 
     </span>
     <span class='ocr_line' id='line_1_4' title="bbox 332 559 2003 624; baseline -0.001 -13"><span class='ocrx_word' id='word_1_19' title='bbox 332 578 445 611; x_wconf 90' lang='lat' dir='ltr'><strong>num</strong></span> <span class='ocrx_word' id='word_1_20' title='bbox 483 567 827 622; x_wconf 88' lang='lat' dir='ltr'><strong>certarumque</strong></span> <span class='ocrx_word' id='word_1_21' title='bbox 853 576 1016 608; x_wconf 89' lang='lat' dir='ltr'><strong>rerum</strong></span> <span class='ocrx_word' id='word_1_22' title='bbox 1042 559 1295 622; x_wconf 81' lang='lat' dir='ltr'>imagines,</span> <span class='ocrx_word' id='word_1_23' title='bbox 1332 559 1552 622; x_wconf 84' lang='lat' dir='ltr'><strong>quamvis</strong></span> <span class='ocrx_word' id='word_1_24' title='bbox 1580 561 1822 623; x_wconf 87' lang='lat' dir='ltr'><strong>meliores,</strong></span> <span class='ocrx_word' id='word_1_25' title='bbox 1855 577 2003 624; x_wconf 89' lang='lat' dir='ltr'><strong>quam</strong></span> 
     </span>
     <span class='ocr_line' id='line_1_5' title="bbox 332 639 2004 704; baseline -0.001 -15"><span class='ocrx_word' id='word_1_26' title='bbox 332 643 381 689; x_wconf 87' lang='lat' dir='ltr'><strong>in</strong></span> <span class='ocrx_word' id='word_1_27' title='bbox 415 640 621 687; x_wconf 78' lang='lat' dir='ltr'><strong>veritate</strong></span> <span class='ocrx_word' id='word_1_28' title='bbox 654 644 942 698; x_wconf 75' lang='lat' dir='ltr'><strong>occurrunt,</strong></span> <span class='ocrx_word' id='word_1_29' title='bbox 995 640 1204 686; x_wconf 77' lang='lat' dir='ltr'><strong>reddere</strong></span> <span class='ocrx_word' id='word_1_30' title='bbox 1241 639 1467 696; x_wconf 89' lang='lat' dir='ltr'><strong>student,</strong></span> <span class='ocrx_word' id='word_1_31' title='bbox 1519 639 1648 686; x_wconf 85' lang='lat' dir='ltr'><strong>sicut</strong></span> <span class='ocrx_word' id='word_1_32' title='bbox 1680 656 1837 703; x_wconf 86' lang='lat' dir='ltr'><strong>neque</strong></span> <span class='ocrx_word' id='word_1_33' title='bbox 1870 640 2004 704; x_wconf 84' lang='lat' dir='ltr'><strong>quod</strong></span> 
     </span>
     <span class='ocr_line' id='line_1_6' title="bbox 332 718 2004 784; baseline 0 -17"><span class='ocrx_word' id='word_1_34' title='bbox 332 721 571 784; x_wconf 87' lang='lat' dir='ltr'><strong>pictorum</strong></span> <span class='ocrx_word' id='word_1_35' title='bbox 610 724 688 767; x_wconf 88' lang='lat' dir='ltr'><strong>est</strong></span> <span class='ocrx_word' id='word_1_36' title='bbox 721 718 905 765; x_wconf 79' lang='lat' dir='ltr'><strong>faciunt</strong></span> <span class='ocrx_word' id='word_1_37' title='bbox 938 718 1021 782; x_wconf 75' lang='lat' dir='ltr'><strong>q&#39;ui</strong></span> <span class='ocrx_word' id='word_1_38' title='bbox 1057 719 1132 766; x_wconf 79' lang='lat' dir='ltr'><strong>vel</strong></span> <span class='ocrx_word' id='word_1_39' title='bbox 1168 719 1390 767; x_wconf 89' lang='lat' dir='ltr'><strong>homines</strong></span> <span class='ocrx_word' id='word_1_40' title='bbox 1416 721 1583 766; x_wconf 83' lang='lat' dir='ltr'><strong>obvios</strong></span> <span class='ocrx_word' id='word_1_41' title='bbox 1617 719 1693 766; x_wconf 79' lang='lat' dir='ltr'><strong>vel</strong></span> <span class='ocrx_word' id='word_1_42' title='bbox 1721 720 1901 767; x_wconf 81' lang='lat' dir='ltr'><strong>bestias</strong></span> <span class='ocrx_word' id='word_1_43' title='bbox 1925 719 2004 768; x_wconf 86' lang='lat' dir='ltr'><strong>vel</strong></span> 
     </span>
    </p>
   </div>
   <div class='ocr_carea' id='block_1_3' title="bbox 330 798 2072 863">
    <p class='ocr_par' dir='ltr' id='par_1_3' title="bbox 330 798 2072 863">
     <span class='ocr_line' id='line_1_7' title="bbox 330 798 2072 863; baseline -0.001 -15"><span class='ocrx_word' id='word_1_44' title='bbox 330 806 463 848; x_wconf 87' lang='lat' dir='ltr'><strong>terra</strong></span> <span class='ocrx_word' id='word_1_45' title='bbox 495 798 740 863; x_wconf 74' lang='lat' dir='ltr'>gignentia</span> <span class='ocrx_word' id='word_1_46' title='bbox 776 798 1009 845; x_wconf 87' lang='lat' dir='ltr'><strong>imitando</strong></span> <span class='ocrx_word' id='word_1_47' title='bbox 1045 800 1340 862; x_wconf 88' lang='lat' dir='ltr'><strong>exprimunt.</strong></span> <span class='ocrx_word' id='word_1_48' title='bbox 1388 799 1560 862; x_wconf 81' lang='lat' dir='ltr'><strong>Neque</strong></span> <span class='ocrx_word' id='word_1_49' title='bbox 1583 815 1750 846; x_wconf 87' lang='lat' dir='ltr'><strong>verum</strong></span> <span class='ocrx_word' id='word_1_50' title='bbox 1777 798 2004 862; x_wconf 75' lang='lat' dir='ltr'><strong>estquod</strong></span> <span class='ocrx_word' id='word_1_51' title='bbox 2069 831 2072 834; x_wconf 20' lang='grc' dir='ltr'><strong>Δ</strong></span> 
     </span>
    </p>
   </div>
   <div class='ocr_carea' id='block_1_4' title="bbox 325 878 2004 3495">
    <p class='ocr_par' dir='ltr' id='par_1_4' title="bbox 325 878 2004 3495">
     <span class='ocr_line' id='line_1_8' title="bbox 331 878 2003 943; baseline 0 -17"><span class='ocrx_word' id='word_1_52' title='bbox 331 881 399 927; x_wconf 82' lang='lat' dir='ltr'><strong>ait</strong></span> <span class='ocrx_word' id='word_1_53' title='bbox 431 878 739 935; x_wconf 43' lang='lat' dir='ltr'><strong>Aristotele&amp;</strong></span> <span class='ocrx_word' id='word_1_54' title='bbox 774 878 1158 940; x_wconf 73' lang='lat' dir='ltr'><strong>praestantiores</strong></span> <span class='ocrx_word' id='word_1_55' title='bbox 1194 895 1388 937; x_wconf 74' lang='lat' dir='ltr'><strong>mores,</strong></span> <span class='ocrx_word' id='word_1_56' title='bbox 1437 895 1578 942; x_wconf 87' lang='lat' dir='ltr'><strong>quam</strong></span> <span class='ocrx_word' id='word_1_57' title='bbox 1617 880 1762 943; x_wconf 83' lang='lat' dir='ltr'><strong>vulgo</strong></span> <span class='ocrx_word' id='word_1_58' title='bbox 1799 880 1921 937; x_wconf 84' lang='lat' dir='ltr'><strong>sint,</strong></span> <span class='ocrx_word' id='word_1_59' title='bbox 1953 878 2003 926; x_wconf 87' lang='lat' dir='ltr'><strong>in</strong></span> 
     </span>
     <span class='ocr_line' id='line_1_9' title="bbox 330 957 2002 1021; baseline -0.001 -14"><span class='ocrx_word' id='word_1_60' title='bbox 330 958 631 1007; x_wconf 79' lang='lat' dir='ltr'>carminibus</span> <span class='ocrx_word' id='word_1_61' title='bbox 659 957 854 1019; x_wconf 77' lang='lat' dir='ltr'><strong>quaeri,</strong></span> <span class='ocrx_word' id='word_1_62' title='bbox 890 958 976 1004; x_wconf 91' lang='lat' dir='ltr'><strong>sed</strong></span> <span class='ocrx_word' id='word_1_63' title='bbox 1009 959 1212 1021; x_wconf 83' lang='lat' dir='ltr'><strong>perinde</strong></span> <span class='ocrx_word' id='word_1_64' title='bbox 1249 963 1300 1005; x_wconf 90' lang='lat' dir='ltr'><strong>et</strong></span> <span class='ocrx_word' id='word_1_65' title='bbox 1334 959 1663 1006; x_wconf 85' lang='lat' dir='ltr'><strong>vitiosioribus</strong></span> <span class='ocrx_word' id='word_1_66' title='bbox 1701 966 1750 1007; x_wconf 89' lang='lat' dir='ltr'><strong>et</strong></span> <span class='ocrx_word' id='word_1_67' title='bbox 1783 957 2002 1020; x_wconf 83' lang='lat' dir='ltr'><strong>aequali-</strong></span> 
     </span>
     <span class='ocr_line' id='line_1_10' title="bbox 328 1037 2004 1102; baseline -0.001 -15"><span class='ocrx_word' id='word_1_68' title='bbox 328 1040 422 1087; x_wconf 85' lang='lat' dir='ltr'><strong>bus</strong></span> <span class='ocrx_word' id='word_1_69' title='bbox 472 1039 576 1085; x_wconf 78' lang='lat' dir='ltr'><strong>sive</strong></span> <span class='ocrx_word' id='word_1_70' title='bbox 623 1037 901 1099; x_wconf 75' lang='lat' dir='ltr'>vulgaribus</span> <span class='ocrx_word' id='word_1_71' title='bbox 949 1038 1281 1086; x_wconf 78' lang='lat' dir='ltr'><strong>delectamur:</strong></span> <span class='ocrx_word' id='word_1_72' title='bbox 1325 1037 1468 1101; x_wconf 85' lang='lat' dir='ltr'><strong>quid,</strong></span> <span class='ocrx_word' id='word_1_73' title='bbox 1517 1038 1648 1102; x_wconf 90' lang='lat' dir='ltr'><strong>quod</strong></span> <span class='ocrx_word' id='word_1_74' title='bbox 1686 1054 1746 1086; x_wconf 88' lang='lat' dir='ltr'><strong>ne</strong></span> <span class='ocrx_word' id='word_1_75' title='bbox 1781 1043 2004 1086; x_wconf 77' lang='lat' dir='ltr'><strong>monstra</strong></span> 
     </span>
     <span class='ocr_line' id='line_1_11' title="bbox 331 1116 2001 1181; baseline 0.001 -16"><span class='ocrx_word' id='word_1_76' title='bbox 331 1118 526 1181; x_wconf 90' lang='lat' dir='ltr'><strong>quidem</strong></span> <span class='ocrx_word' id='word_1_77' title='bbox 550 1122 602 1165; x_wconf 91' lang='lat' dir='ltr'><strong>et</strong></span> <span class='ocrx_word' id='word_1_78' title='bbox 629 1116 878 1174; x_wconf 73' lang='lat' dir='ltr'><strong>miracula,</strong></span> <span class='ocrx_word' id='word_1_79' title='bbox 899 1117 1161 1165; x_wconf 89' lang='lat' dir='ltr'><strong>dummodo</strong></span> <span class='ocrx_word' id='word_1_80' title='bbox 1186 1126 1301 1181; x_wconf 83' lang='lat' dir='ltr'><strong>apte</strong></span> <span class='ocrx_word' id='word_1_81' title='bbox 1330 1119 1521 1165; x_wconf 73' lang='lat' dir='ltr'><strong>inventa</strong></span> <span class='ocrx_word' id='word_1_82' title='bbox 1543 1119 1659 1175; x_wconf 87' lang='lat' dir='ltr'><strong>sint,</strong></span> <span class='ocrx_word' id='word_1_83' title='bbox 1677 1117 2001 1166; x_wconf 62' lang='lat' dir='ltr'><strong>fastidimus?</strong></span> 
     </span>
     <span class='ocr_line' id='line_1_12' title="bbox 329 1196 2003 1262; baseline -0.002 -15"><span class='ocrx_word' id='word_1_84' title='bbox 329 1198 504 1262; x_wconf 87' lang='lat' dir='ltr'><strong>Neque</strong></span> <span class='ocrx_word' id='word_1_85' title='bbox 551 1199 679 1244; x_wconf 90' lang='lat' dir='ltr'><strong>enim</strong></span> <span class='ocrx_word' id='word_1_86' title='bbox 726 1198 898 1244; x_wconf 87' lang='lat' dir='ltr'><strong>eadem</strong></span> <span class='ocrx_word' id='word_1_87' title='bbox 947 1203 1061 1244; x_wconf 88' lang='lat' dir='ltr'><strong>sunt</strong></span> <span class='ocrx_word' id='word_1_88' title='bbox 1098 1198 1306 1245; x_wconf 87' lang='lat' dir='ltr'><strong>honesta</strong></span> <span class='ocrx_word' id='word_1_89' title='bbox 1341 1204 1487 1260; x_wconf 89' lang='lat' dir='ltr'><strong>atque</strong></span> <span class='ocrx_word' id='word_1_90' title='bbox 1522 1198 1688 1260; x_wconf 87' lang='lat' dir='ltr'><strong>pulcra</strong></span> <span class='ocrx_word' id='word_1_91' title='bbox 1726 1203 1808 1244; x_wconf 88' lang='lat' dir='ltr'><strong>aut</strong></span> <span class='ocrx_word' id='word_1_92' title='bbox 1841 1196 2003 1260; x_wconf 78' lang='lat' dir='ltr'><strong>turpia</strong></span> 
     </span>
     <span class='ocr_line' id='line_1_13' title="bbox 329 1276 2000 1340; baseline -0.001 -15"><span class='ocrx_word' id='word_1_93' title='bbox 329 1282 477 1340; x_wconf 82' lang='lat' dir='ltr'><strong>atque</strong></span> <span class='ocrx_word' id='word_1_94' title='bbox 513 1276 673 1337; x_wconf 84' lang='lat' dir='ltr'><strong>foeda,</strong></span> <span class='ocrx_word' id='word_1_95' title='bbox 709 1277 797 1323; x_wconf 90' lang='lat' dir='ltr'><strong>sed</strong></span> <span class='ocrx_word' id='word_1_96' title='bbox 835 1277 1138 1325; x_wconf 78' lang='lat' dir='ltr'><strong>delectamur</strong></span> <span class='ocrx_word' id='word_1_97' title='bbox 1173 1279 1397 1340; x_wconf 77' lang='lat' dir='ltr'><strong>turpibus</strong></span> <span class='ocrx_word' id='word_1_98' title='bbox 1433 1279 1584 1326; x_wconf 89' lang='lat' dir='ltr'><strong>rebus</strong></span> <span class='ocrx_word' id='word_1_99' title='bbox 1620 1277 2000 1334; x_wconf 87' lang='lat' dir='ltr'><strong>comoediarum,</strong></span> 
     </span>
     <span class='ocr_line' id='line_1_14' title="bbox 326 1355 2002 1421; baseline -0.002 -14"><span class='ocrx_word' id='word_1_100' title='bbox 326 1364 379 1407; x_wconf 89' lang='lat' dir='ltr'><strong>et</strong></span> <span class='ocrx_word' id='word_1_101' title='bbox 410 1357 668 1421; x_wconf 81' lang='lat' dir='ltr'><strong>fatigamur</strong></span> <span class='ocrx_word' id='word_1_102' title='bbox 700 1372 850 1419; x_wconf 86' lang='lat' dir='ltr'><strong>saepe</strong></span> <span class='ocrx_word' id='word_1_103' title='bbox 884 1356 1106 1404; x_wconf 84' lang='lat' dir='ltr'><strong>honestis</strong></span> <span class='ocrx_word' id='word_1_104' title='bbox 1144 1359 1473 1406; x_wconf 89' lang='lat' dir='ltr'><strong>narrationum</strong></span> <span class='ocrx_word' id='word_1_105' title='bbox 1509 1358 1569 1405; x_wconf 89' lang='lat' dir='ltr'><strong>ad</strong></span> <span class='ocrx_word' id='word_1_106' title='bbox 1605 1355 1860 1419; x_wconf 74' lang='lat' dir='ltr'><strong>tingendos</strong></span> <span class='ocrx_word' id='word_1_107' title='bbox 1895 1370 2002 1403; x_wconf 90' lang='lat' dir='ltr'><strong>mo-</strong></span> 
     </span>
     <span class='ocr_line' id='line_1_15' title="bbox 326 1434 2002 1502; baseline -0.002 -16"><span class='ocrx_word' id='word_1_108' title='bbox 326 1454 408 1486; x_wconf 89' lang='lat' dir='ltr'><strong>res</strong></span> <span class='ocrx_word' id='word_1_109' title='bbox 444 1437 842 1500; x_wconf 83' lang='lat' dir='ltr'><strong>compositarum.</strong></span> <span class='ocrx_word' id='word_1_110' title='bbox 888 1435 1066 1484; x_wconf 85' lang='lat' dir='ltr'><strong>Pulcra</strong></span> <span class='ocrx_word' id='word_1_111' title='bbox 1102 1437 1230 1484; x_wconf 90' lang='lat' dir='ltr'><strong>enim</strong></span> <span class='ocrx_word' id='word_1_112' title='bbox 1268 1444 1382 1485; x_wconf 90' lang='lat' dir='ltr'><strong>sunt</strong></span> <span class='ocrx_word' id='word_1_113' title='bbox 1415 1453 1541 1502; x_wconf 90' lang='lat' dir='ltr'><strong>quae</strong></span> <span class='ocrx_word' id='word_1_114' title='bbox 1569 1438 1835 1486; x_wconf 86' lang='lat' dir='ltr'><strong>delectant.</strong></span> <span class='ocrx_word' id='word_1_115' title='bbox 1891 1434 2002 1484; x_wconf 84' lang='lat' dir='ltr'><strong>Non</strong></span> 
     </span>
     <span class='ocr_line' id='line_1_16' title="bbox 326 1516 2004 1581; baseline -0.001 -16"><span class='ocrx_word' id='word_1_116' title='bbox 326 1518 474 1581; x_wconf 83' lang='lat' dir='ltr'><strong>igitur</strong></span> <span class='ocrx_word' id='word_1_117' title='bbox 506 1516 555 1564; x_wconf 91' lang='lat' dir='ltr'><strong>in</strong></span> <span class='ocrx_word' id='word_1_118' title='bbox 592 1516 822 1562; x_wconf 82' lang='lat' dir='ltr'><strong>imitanda</strong></span> <span class='ocrx_word' id='word_1_119' title='bbox 856 1518 1063 1563; x_wconf 79' lang='lat' dir='ltr'><strong>veritate</strong></span> <span class='ocrx_word' id='word_1_120' title='bbox 1098 1517 1313 1564; x_wconf 88' lang='lat' dir='ltr'><strong>cernitur</strong></span> <span class='ocrx_word' id='word_1_121' title='bbox 1346 1517 1425 1576; x_wconf 80' lang='lat' dir='ltr'><strong>id,</strong></span> <span class='ocrx_word' id='word_1_122' title='bbox 1473 1517 1601 1580; x_wconf 90' lang='lat' dir='ltr'><strong>quod</strong></span> <span class='ocrx_word' id='word_1_123' title='bbox 1639 1517 1889 1580; x_wconf 90' lang='lat' dir='ltr'><strong>proprium</strong></span> <span class='ocrx_word' id='word_1_124' title='bbox 1926 1520 2004 1564; x_wconf 83' lang='lat' dir='ltr'><strong>est</strong></span> 
     </span>
     <span class='ocr_line' id='line_1_17' title="bbox 325 1594 2001 1661; baseline -0.001 -16"><span class='ocrx_word' id='word_1_125' title='bbox 325 1602 598 1661; x_wconf 79' lang='lat' dir='ltr'><strong>poetarum,</strong></span> <span class='ocrx_word' id='word_1_126' title='bbox 634 1594 719 1642; x_wconf 86' lang='lat' dir='ltr'><strong>sed</strong></span> <span class='ocrx_word' id='word_1_127' title='bbox 757 1594 804 1642; x_wconf 92' lang='lat' dir='ltr'><strong>in</strong></span> <span class='ocrx_word' id='word_1_128' title='bbox 840 1594 1078 1657; x_wconf 81' lang='lat' dir='ltr'><strong>fingendis</strong></span> <span class='ocrx_word' id='word_1_129' title='bbox 1111 1596 1186 1657; x_wconf 87' lang='lat' dir='ltr'><strong>iis,</strong></span> <span class='ocrx_word' id='word_1_130' title='bbox 1223 1597 1398 1658; x_wconf 90' lang='lat' dir='ltr'><strong>quibus</strong></span> <span class='ocrx_word' id='word_1_131' title='bbox 1423 1604 1825 1644; x_wconf 85' lang='lat' dir='ltr'><strong>commoveantur</strong></span> <span class='ocrx_word' id='word_1_132' title='bbox 1845 1596 2001 1644; x_wconf 87' lang='lat' dir='ltr'><strong>lecto-</strong></span> 
     </span>
     <span class='ocr_line' id='line_1_18' title="bbox 326 1674 1996 1739; baseline -0.001 -14"><span class='ocrx_word' id='word_1_133' title='bbox 326 1693 406 1726; x_wconf 84' lang='lat' dir='ltr'><strong>res</strong></span> <span class='ocrx_word' id='word_1_134' title='bbox 456 1683 508 1724; x_wconf 93' lang='lat' dir='ltr'><strong>et</strong></span> <span class='ocrx_word' id='word_1_135' title='bbox 554 1675 759 1738; x_wconf 83' lang='lat' dir='ltr'><strong>perinde</strong></span> <span class='ocrx_word' id='word_1_136' title='bbox 805 1675 1086 1722; x_wconf 79' lang='lat' dir='ltr'><strong>afficiantur</strong></span> <span class='ocrx_word' id='word_1_137' title='bbox 1133 1684 1278 1738; x_wconf 87' lang='lat' dir='ltr'><strong>atque</strong></span> <span class='ocrx_word' id='word_1_138' title='bbox 1321 1676 1487 1724; x_wconf 84' lang='lat' dir='ltr'><strong>affecti</strong></span> <span class='ocrx_word' id='word_1_139' title='bbox 1533 1676 1732 1724; x_wconf 86' lang='lat' dir='ltr'><strong>suerunt</strong></span> <span class='ocrx_word' id='word_1_140' title='bbox 1779 1675 1851 1723; x_wconf 91' lang='lat' dir='ltr'><strong>illi</strong></span> <span class='ocrx_word' id='word_1_141' title='bbox 1883 1674 1996 1739; x_wconf 86' lang='lat' dir='ltr'><strong>ipsi.</strong></span> 
     </span>
     <span class='ocr_line' id='line_1_19' title="bbox 325 1754 2000 1820; baseline -0.001 -16"><span class='ocrx_word' id='word_1_142' title='bbox 325 1756 367 1804; x_wconf 83' lang='lat' dir='ltr'><strong>F</strong></span> <span class='ocrx_word' id='word_1_143' title='bbox 370 1757 541 1820; x_wconf 85' lang='lat' dir='ltr'><strong>ingunt</strong></span> <span class='ocrx_word' id='word_1_144' title='bbox 585 1755 781 1817; x_wconf 87' lang='lat' dir='ltr'><strong>quidem</strong></span> <span class='ocrx_word' id='word_1_145' title='bbox 818 1754 962 1801; x_wconf 89' lang='lat' dir='ltr'><strong>etiam</strong></span> <span class='ocrx_word' id='word_1_146' title='bbox 1000 1770 1162 1802; x_wconf 88' lang='lat' dir='ltr'><strong>rerum</strong></span> <span class='ocrx_word' id='word_1_147' title='bbox 1198 1755 1491 1818; x_wconf 74' lang='lat' dir='ltr'><strong>scriptores,</strong></span> <span class='ocrx_word' id='word_1_148' title='bbox 1538 1770 1634 1802; x_wconf 89' lang='lat' dir='ltr'><strong>non</strong></span> <span class='ocrx_word' id='word_1_149' title='bbox 1668 1760 1914 1803; x_wconf 82' lang='lat' dir='ltr'><strong>nostrates</strong></span> <span class='ocrx_word' id='word_1_150' title='bbox 1948 1755 2000 1803; x_wconf 89' lang='lat' dir='ltr'><strong>in</strong></span> 
     </span>
     <span class='ocr_line' id='line_1_20' title="bbox 325 1834 2001 1898; baseline 0.001 -14"><span class='ocrx_word' id='word_1_151' title='bbox 325 1835 622 1885; x_wconf 85' lang='lat' dir='ltr'><strong>testimoniis</strong></span> <span class='ocrx_word' id='word_1_152' title='bbox 655 1834 995 1897; x_wconf 86' lang='lat' dir='ltr'><strong>conquirendis</strong></span> <span class='ocrx_word' id='word_1_153' title='bbox 1023 1835 1476 1898; x_wconf 82' lang='lat' dir='ltr'><strong>componendisque</strong></span> <span class='ocrx_word' id='word_1_154' title='bbox 1499 1835 1617 1882; x_wconf 82' lang='lat' dir='ltr'><strong>solis</strong></span> <span class='ocrx_word' id='word_1_155' title='bbox 1634 1836 1874 1898; x_wconf 86' lang='lat' dir='ltr'><strong>occupati,</strong></span> <span class='ocrx_word' id='word_1_156' title='bbox 1909 1834 2001 1885; x_wconf 81' lang='lat' dir='ltr'><strong>sed</strong></span> 
     </span>
     <span class='ocr_line' id='line_1_21' title="bbox 326 1914 1999 1978; baseline -0.002 -13"><span class='ocrx_word' id='word_1_157' title='bbox 326 1915 539 1978; x_wconf 78' lang='lat' dir='ltr'><strong>antiqui,</strong></span> <span class='ocrx_word' id='word_1_158' title='bbox 587 1914 832 1961; x_wconf 89' lang='lat' dir='ltr'><strong>orationes</strong></span> <span class='ocrx_word' id='word_1_159' title='bbox 868 1914 1125 1961; x_wconf 87' lang='lat' dir='ltr'><strong>sententiis</strong></span> <span class='ocrx_word' id='word_1_160' title='bbox 1162 1914 1442 1970; x_wconf 83' lang='lat' dir='ltr'><strong>bominum,</strong></span> <span class='ocrx_word' id='word_1_161' title='bbox 1490 1930 1695 1977; x_wconf 90' lang='lat' dir='ltr'><strong>quorum</strong></span> <span class='ocrx_word' id='word_1_162' title='bbox 1731 1930 1811 1962; x_wconf 79' lang='lat' dir='ltr'><strong>res</strong></span> <span class='ocrx_word' id='word_1_163' title='bbox 1847 1929 1999 1978; x_wconf 83' lang='lat' dir='ltr'><strong>expo-</strong></span> 
     </span>
     <span class='ocr_line' id='line_1_22' title="bbox 326 1993 2001 2055; baseline -0.002 -11"><span class='ocrx_word' id='word_1_164' title='bbox 326 2001 475 2053; x_wconf 90' lang='lat' dir='ltr'><strong>nunt,</strong></span> <span class='ocrx_word' id='word_1_165' title='bbox 521 1993 912 2042; x_wconf 85' lang='lat' dir='ltr'><strong>accommodatas</strong></span> <span class='ocrx_word' id='word_1_166' title='bbox 956 1993 1036 2040; x_wconf 89' lang='lat' dir='ltr'><strong>his</strong></span> <span class='ocrx_word' id='word_1_167' title='bbox 1070 1993 1346 2041; x_wconf 89' lang='lat' dir='ltr'><strong>tribuendo.</strong></span> <span class='ocrx_word' id='word_1_168' title='bbox 1418 1993 1515 2053; x_wconf 76' lang='lat' dir='ltr'><strong>Qui</strong></span> <span class='ocrx_word' id='word_1_169' title='bbox 1549 2000 1714 2041; x_wconf 89' lang='lat' dir='ltr'><strong>tamen</strong></span> <span class='ocrx_word' id='word_1_170' title='bbox 1749 1994 1879 2055; x_wconf 87' lang='lat' dir='ltr'><strong>quod</strong></span> <span class='ocrx_word' id='word_1_171' title='bbox 1915 2008 2001 2041; x_wconf 84' lang='lat' dir='ltr'><strong>ex-</strong></span> 
     </span>
     <span class='ocr_line' id='line_1_23' title="bbox 325 2073 2000 2140; baseline -0.001 -18"><span class='ocrx_word' id='word_1_172' title='bbox 325 2075 518 2140; x_wconf 89' lang='lat' dir='ltr'><strong>plendis</strong></span> <span class='ocrx_word' id='word_1_173' title='bbox 565 2075 651 2133; x_wconf 80' lang='lat' dir='ltr'><strong>iis,</strong></span> <span class='ocrx_word' id='word_1_174' title='bbox 702 2089 826 2135; x_wconf 89' lang='lat' dir='ltr'><strong>quae</strong></span> <span class='ocrx_word' id='word_1_175' title='bbox 871 2079 986 2120; x_wconf 88' lang='lat' dir='ltr'><strong>sunt</strong></span> <span class='ocrx_word' id='word_1_176' title='bbox 1019 2073 1285 2119; x_wconf 86' lang='lat' dir='ltr'><strong>memoriae</strong></span> <span class='ocrx_word' id='word_1_177' title='bbox 1318 2073 1541 2136; x_wconf 80' lang='lat' dir='ltr'><strong>prodita,</strong></span> <span class='ocrx_word' id='word_1_178' title='bbox 1594 2088 1791 2135; x_wconf 83' lang='lat' dir='ltr'><strong>operam</strong></span> <span class='ocrx_word' id='word_1_179' title='bbox 1828 2073 2000 2121; x_wconf 79' lang='lat' dir='ltr'><strong>dantes</strong></span> 
     </span>
     <span class='ocr_line' id='line_1_24' title="bbox 326 2150 2000 2219; baseline -0.002 -15"><span class='ocrx_word' id='word_1_180' title='bbox 326 2156 518 2219; x_wconf 84' lang='lat' dir='ltr'><strong>fingunt</strong></span> <span class='ocrx_word' id='word_1_181' title='bbox 541 2170 666 2216; x_wconf 90' lang='lat' dir='ltr'><strong>quae</strong></span> <span class='ocrx_word' id='word_1_182' title='bbox 692 2168 801 2200; x_wconf 91' lang='lat' dir='ltr'><strong>cum</strong></span> <span class='ocrx_word' id='word_1_183' title='bbox 829 2153 1020 2200; x_wconf 88' lang='lat' dir='ltr'><strong>traditis</strong></span> <span class='ocrx_word' id='word_1_184' title='bbox 1045 2153 1340 2200; x_wconf 89' lang='lat' dir='ltr'><strong>testimoniis</strong></span> <span class='ocrx_word' id='word_1_185' title='bbox 1367 2161 1652 2216; x_wconf 81' lang='lat' dir='ltr'><strong>congruant,</strong></span> <span class='ocrx_word' id='word_1_186' title='bbox 1690 2163 1850 2215; x_wconf 90' lang='lat' dir='ltr'><strong>neque</strong></span> <span class='ocrx_word' id='word_1_187' title='bbox 1869 2150 2000 2200; x_wconf 77' lang='lat' dir='ltr'><strong>fictis</strong></span> 
     </span>
     <span class='ocr_line' id='line_1_25' title="bbox 327 2231 2000 2301; baseline -0.002 -19"><span class='ocrx_word' id='word_1_188' title='bbox 327 2235 551 2301; x_wconf 86' lang='lat' dir='ltr'><strong>personis</strong></span> <span class='ocrx_word' id='word_1_189' title='bbox 597 2235 844 2295; x_wconf 88' lang='lat' dir='ltr'><strong>rebusque</strong></span> <span class='ocrx_word' id='word_1_190' title='bbox 887 2238 1115 2294; x_wconf 85' lang='lat' dir='ltr'><strong>tanquam</strong></span> <span class='ocrx_word' id='word_1_191' title='bbox 1166 2232 1316 2295; x_wconf 86' lang='lat' dir='ltr'><strong>signis</strong></span> <span class='ocrx_word' id='word_1_192' title='bbox 1353 2248 1552 2291; x_wconf 71' lang='lat' dir='ltr'><strong>eorum,</strong></span> <span class='ocrx_word' id='word_1_193' title='bbox 1605 2247 1729 2295; x_wconf 90' lang='lat' dir='ltr'><strong>quae</strong></span> <span class='ocrx_word' id='word_1_194' title='bbox 1764 2231 2000 2289; x_wconf 89' lang='lat' dir='ltr'><strong>sentiunt,</strong></span> 
     </span>
     <span class='ocr_line' id='line_1_26' title="bbox 326 2310 2000 2376; baseline -0.002 -13"><span class='ocrx_word' id='word_1_195' title='bbox 326 2321 547 2372; x_wconf 89' lang='lat' dir='ltr'><strong>utuntur,</strong></span> <span class='ocrx_word' id='word_1_196' title='bbox 581 2313 629 2360; x_wconf 91' lang='lat' dir='ltr'><strong>in</strong></span> <span class='ocrx_word' id='word_1_197' title='bbox 666 2317 923 2376; x_wconf 91' lang='lat' dir='ltr'><strong>poetarum</strong></span> <span class='ocrx_word' id='word_1_198' title='bbox 960 2312 1254 2375; x_wconf 89' lang='lat' dir='ltr'><strong>provinciam</strong></span> <span class='ocrx_word' id='word_1_199' title='bbox 1291 2313 1575 2375; x_wconf 87' lang='lat' dir='ltr'><strong>neutiquam</strong></span> <span class='ocrx_word' id='word_1_200' title='bbox 1598 2313 1867 2361; x_wconf 89' lang='lat' dir='ltr'><strong>incurrunt.</strong></span> <span class='ocrx_word' id='word_1_201' title='bbox 1919 2310 2000 2359; x_wconf 87' lang='lat' dir='ltr'><strong>In-</strong></span> 
     </span>
     <span class='ocr_line' id='line_1_27' title="bbox 326 2389 2002 2455; baseline -0.004 -11"><span class='ocrx_word' id='word_1_202' title='bbox 326 2395 483 2444; x_wconf 84' lang='lat' dir='ltr'><strong>vicem</strong></span> <span class='ocrx_word' id='word_1_203' title='bbox 520 2398 797 2440; x_wconf 83' lang='lat' dir='ltr'><strong>nostrorum</strong></span> <span class='ocrx_word' id='word_1_204' title='bbox 835 2399 1089 2455; x_wconf 91' lang='lat' dir='ltr'><strong>poetarum</strong></span> <span class='ocrx_word' id='word_1_205' title='bbox 1135 2391 1274 2439; x_wconf 88' lang='lat' dir='ltr'><strong>multi</strong></span> <span class='ocrx_word' id='word_1_206' title='bbox 1321 2392 1448 2438; x_wconf 90' lang='lat' dir='ltr'><strong>intra</strong></span> <span class='ocrx_word' id='word_1_207' title='bbox 1495 2391 1734 2439; x_wconf 89' lang='lat' dir='ltr'><strong>terminos</strong></span> <span class='ocrx_word' id='word_1_208' title='bbox 1771 2389 2002 2438; x_wconf 76' lang='lat' dir='ltr'><strong>historiae</strong></span> 
     </span>
     <span class='ocr_line' id='line_1_28' title="bbox 329 2470 2002 2532; baseline -0.005 -8"><span class='ocrx_word' id='word_1_209' title='bbox 329 2491 385 2524; x_wconf 71' lang='lat' dir='ltr'><strong>se</strong></span> <span class='ocrx_word' id='word_1_210' title='bbox 420 2473 688 2522; x_wconf 89' lang='lat' dir='ltr'><strong>continent.</strong></span> <span class='ocrx_word' id='word_1_211' title='bbox 743 2472 1000 2519; x_wconf 89' lang='lat' dir='ltr'><strong>Certorum</strong></span> <span class='ocrx_word' id='word_1_212' title='bbox 1033 2470 1162 2518; x_wconf 89' lang='lat' dir='ltr'><strong>enim</strong></span> <span class='ocrx_word' id='word_1_213' title='bbox 1187 2471 1438 2518; x_wconf 88' lang='lat' dir='ltr'><strong>hominum</strong></span> <span class='ocrx_word' id='word_1_214' title='bbox 1465 2479 1807 2532; x_wconf 90' lang='lat' dir='ltr'><strong>certarumque</strong></span> <span class='ocrx_word' id='word_1_215' title='bbox 1834 2485 2002 2517; x_wconf 87' lang='lat' dir='ltr'><strong>rerum</strong></span> 
     </span>
     <span class='ocr_line' id='line_1_29' title="bbox 327 2549 2002 2619; baseline -0.004 -17"><span class='ocrx_word' id='word_1_216' title='bbox 327 2553 568 2619; x_wconf 80' lang='lat' dir='ltr'><strong>imagines</strong></span> <span class='ocrx_word' id='word_1_217' title='bbox 605 2553 883 2615; x_wconf 82' lang='lat' dir='ltr'><strong>exprimere</strong></span> <span class='ocrx_word' id='word_1_218' title='bbox 919 2550 1174 2598; x_wconf 87' lang='lat' dir='ltr'><strong>studentes</strong></span> <span class='ocrx_word' id='word_1_219' title='bbox 1209 2550 1274 2596; x_wconf 91' lang='lat' dir='ltr'><strong>nil</strong></span> <span class='ocrx_word' id='word_1_220' title='bbox 1304 2551 1437 2614; x_wconf 60' lang='lat' dir='ltr'><strong>fere,</strong></span> <span class='ocrx_word' id='word_1_221' title='bbox 1471 2551 1564 2598; x_wconf 89' lang='lat' dir='ltr'><strong>nisi</strong></span> <span class='ocrx_word' id='word_1_222' title='bbox 1599 2550 1730 2612; x_wconf 90' lang='lat' dir='ltr'><strong>quod</strong></span> <span class='ocrx_word' id='word_1_223' title='bbox 1766 2549 2002 2613; x_wconf 87' lang='lat' dir='ltr'><strong>supplen-</strong></span> 
     </span>
     <span class='ocr_line' id='line_1_30' title="bbox 328 2630 2000 2693; baseline -0.004 -11"><span class='ocrx_word' id='word_1_224' title='bbox 328 2634 406 2683; x_wconf 90' lang='lat' dir='ltr'><strong>dis</strong></span> <span class='ocrx_word' id='word_1_225' title='bbox 441 2633 767 2681; x_wconf 87' lang='lat' dir='ltr'><strong>monumentis</strong></span> <span class='ocrx_word' id='word_1_226' title='bbox 803 2637 971 2693; x_wconf 89' lang='lat' dir='ltr'><strong>aptum</strong></span> <span class='ocrx_word' id='word_1_227' title='bbox 1007 2631 1099 2690; x_wconf 72' lang='lat' dir='ltr'><strong>sit,</strong></span> <span class='ocrx_word' id='word_1_228' title='bbox 1145 2630 1361 2693; x_wconf 77' lang='lat' dir='ltr'><strong>fingunt,</strong></span> <span class='ocrx_word' id='word_1_229' title='bbox 1409 2632 1708 2693; x_wconf 88' lang='lat' dir='ltr'><strong>interpretes</strong></span> <span class='ocrx_word' id='word_1_230' title='bbox 1744 2645 1798 2677; x_wconf 87' lang='lat' dir='ltr'><strong>se</strong></span> <span class='ocrx_word' id='word_1_231' title='bbox 1832 2643 2000 2676; x_wconf 89' lang='lat' dir='ltr'><strong>rerum</strong></span> 
     </span>
     <span class='ocr_line' id='line_1_31' title="bbox 327 2710 2002 2779; baseline -0.004 -17"><span class='ocrx_word' id='word_1_232' title='bbox 327 2720 578 2779; x_wconf 83' lang='lat' dir='ltr'><strong>gestarum</strong></span> <span class='ocrx_word' id='word_1_233' title='bbox 614 2712 768 2776; x_wconf 81' lang='lat' dir='ltr'><strong>magis</strong></span> <span class='ocrx_word' id='word_1_234' title='bbox 794 2711 1098 2772; x_wconf 88' lang='lat' dir='ltr'><strong>vitarumque</strong></span> <span class='ocrx_word' id='word_1_235' title='bbox 1122 2710 1370 2758; x_wconf 85' lang='lat' dir='ltr'><strong>hominum</strong></span> <span class='ocrx_word' id='word_1_236' title='bbox 1396 2710 1680 2767; x_wconf 86' lang='lat' dir='ltr'><strong>illustrium,</strong></span> <span class='ocrx_word' id='word_1_237' title='bbox 1715 2726 1859 2772; x_wconf 89' lang='lat' dir='ltr'><strong>quam</strong></span> <span class='ocrx_word' id='word_1_238' title='bbox 1884 2723 2002 2774; x_wconf 59' lang='lat' dir='ltr'><strong>suo-j</strong></span> 
     </span>
     <span class='ocr_line' id='line_1_32' title="bbox 327 2790 2002 2857; baseline -0.005 -14"><span class='ocrx_word' id='word_1_239' title='bbox 327 2810 436 2843; x_wconf 86' lang='lat' dir='ltr'><strong>rum</strong></span> <span class='ocrx_word' id='word_1_240' title='bbox 473 2793 796 2857; x_wconf 82' lang='lat' dir='ltr'><strong>cogitatorum</strong></span> <span class='ocrx_word' id='word_1_241' title='bbox 833 2806 1204 2853; x_wconf 66' lang='lat' dir='ltr'><strong>sermonumque,</strong></span> <span class='ocrx_word' id='word_1_242' title='bbox 1241 2806 1352 2838; x_wconf 88' lang='lat' dir='ltr'><strong>esse</strong></span> <span class='ocrx_word' id='word_1_243' title='bbox 1385 2790 1622 2837; x_wconf 88' lang='lat' dir='ltr'><strong>volentes.</strong></span> <span class='ocrx_word' id='word_1_244' title='bbox 1671 2790 1852 2837; x_wconf 89' lang='lat' dir='ltr'><strong>Contra</strong></span> <span class='ocrx_word' id='word_1_245' title='bbox 1880 2803 2002 2851; x_wconf 86' lang='lat' dir='ltr'><strong>poe-</strong></span> 
     </span>
     <span class='ocr_line' id='line_1_33' title="bbox 328 2866 2000 2936; baseline -0.007 -13"><span class='ocrx_word' id='word_1_246' title='bbox 328 2879 426 2931; x_wconf 82' lang='lat' dir='ltr'><strong>tae,</strong></span> <span class='ocrx_word' id='word_1_247' title='bbox 462 2873 543 2936; x_wconf 89' lang='lat' dir='ltr'><strong>qui</strong></span> <span class='ocrx_word' id='word_1_248' title='bbox 579 2887 695 2920; x_wconf 88' lang='lat' dir='ltr'><strong>vere</strong></span> <span class='ocrx_word' id='word_1_249' title='bbox 729 2876 840 2920; x_wconf 86' lang='lat' dir='ltr'><strong>sunt</strong></span> <span class='ocrx_word' id='word_1_250' title='bbox 875 2866 1086 2930; x_wconf 85' lang='grc' dir='ltr'><strong><em>ποιηταὶ</em></strong></span> <span class='ocrx_word' id='word_1_251' title='bbox 1121 2870 1223 2918; x_wconf 86' lang='lat' dir='ltr'><strong>sive</strong></span> <span class='ocrx_word' id='word_1_252' title='bbox 1257 2871 1565 2929; x_wconf 78' lang='lat' dir='ltr'><strong>fictores,</strong></span> <span class='ocrx_word' id='word_1_253' title='bbox 1611 2869 1762 2916; x_wconf 88' lang='lat' dir='ltr'><strong>certis</strong></span> <span class='ocrx_word' id='word_1_254' title='bbox 1797 2866 2000 2915; x_wconf 86' lang='lat' dir='ltr'><strong>nomini-</strong></span> 
     </span>
     <span class='ocr_line' id='line_1_34' title="bbox 329 2946 2000 3014; baseline -0.007 -11"><span class='ocrx_word' id='word_1_255' title='bbox 329 2955 420 3004; x_wconf 86' lang='lat' dir='ltr'><strong>bus</strong></span> <span class='ocrx_word' id='word_1_256' title='bbox 470 2953 718 3014; x_wconf 79' lang='lat' dir='ltr'><strong>certisque</strong></span> <span class='ocrx_word' id='word_1_257' title='bbox 759 2951 993 3014; x_wconf 77' lang='lat' dir='ltr'><strong>personis</strong></span> <span class='ocrx_word' id='word_1_258' title='bbox 1018 2956 1221 2998; x_wconf 90' lang='lat' dir='ltr'><strong>utuntur</strong></span> <span class='ocrx_word' id='word_1_259' title='bbox 1254 2950 1323 2996; x_wconf 92' lang='lat' dir='ltr'><strong>illi</strong></span> <span class='ocrx_word' id='word_1_260' title='bbox 1359 2950 1581 3013; x_wconf 68' lang='lat' dir='ltr'><strong>quidem,</strong></span> <span class='ocrx_word' id='word_1_261' title='bbox 1628 2949 1715 2996; x_wconf 90' lang='lat' dir='ltr'><strong>sed</strong></span> <span class='ocrx_word' id='word_1_262' title='bbox 1752 2963 1847 2996; x_wconf 88' lang='lat' dir='ltr'><strong>non</strong></span> <span class='ocrx_word' id='word_1_263' title='bbox 1882 2946 2000 2993; x_wconf 81' lang='lat' dir='ltr'><strong>hae-</strong></span> 
     </span>
     <span class='ocr_line' id='line_1_35' title="bbox 328 3025 2002 3093; baseline -0.006 -10"><span class='ocrx_word' id='word_1_264' title='bbox 328 3039 442 3083; x_wconf 76' lang='lat' dir='ltr'><strong>rent</strong></span> <span class='ocrx_word' id='word_1_265' title='bbox 488 3033 535 3081; x_wconf 91' lang='lat' dir='ltr'><strong>in</strong></span> <span class='ocrx_word' id='word_1_266' title='bbox 572 3032 661 3092; x_wconf 86' lang='lat' dir='ltr'><strong>iis,</strong></span> <span class='ocrx_word' id='word_1_267' title='bbox 716 3046 875 3093; x_wconf 88' lang='lat' dir='ltr'><strong>neque</strong></span> <span class='ocrx_word' id='word_1_268' title='bbox 923 3030 1097 3078; x_wconf 90' lang='lat' dir='ltr'><strong>horum</strong></span> <span class='ocrx_word' id='word_1_269' title='bbox 1147 3030 1542 3077; x_wconf 84' lang='lat' dir='ltr'><strong>illustrandorum</strong></span> <span class='ocrx_word' id='word_1_270' title='bbox 1579 3044 1752 3076; x_wconf 79' lang='lat' dir='ltr'><strong>caussa</strong></span> <span class='ocrx_word' id='word_1_271' title='bbox 1787 3025 2002 3074; x_wconf 79' lang='lat' dir='ltr'><strong>carmina</strong></span> 
     </span>
     <span class='ocr_line' id='line_1_36' title="bbox 330 3110 2000 3176; baseline -0.006 -14"><span class='ocrx_word' id='word_1_272' title='bbox 330 3117 645 3176; x_wconf 89' lang='lat' dir='ltr'><strong>componunt,</strong></span> <span class='ocrx_word' id='word_1_273' title='bbox 682 3112 769 3159; x_wconf 88' lang='lat' dir='ltr'><strong>sed</strong></span> <span class='ocrx_word' id='word_1_274' title='bbox 806 3110 1238 3173; x_wconf 88' lang='lat' dir='ltr'><strong>exprimendorum</strong></span> <span class='ocrx_word' id='word_1_275' title='bbox 1273 3126 1443 3157; x_wconf 87' lang='lat' dir='ltr'><strong>caussa</strong></span> <span class='ocrx_word' id='word_1_276' title='bbox 1477 3125 1678 3166; x_wconf 89' lang='lat' dir='ltr'><strong>eorum,</strong></span> <span class='ocrx_word' id='word_1_277' title='bbox 1730 3122 1854 3170; x_wconf 85' lang='lat' dir='ltr'><strong>quae</strong></span> <span class='ocrx_word' id='word_1_278' title='bbox 1888 3120 2000 3153; x_wconf 88' lang='lat' dir='ltr'><strong>sen-</strong></span> 
     </span>
     <span class='ocr_line' id='line_1_37' title="bbox 329 3185 2000 3256; baseline -0.005 -15"><span class='ocrx_word' id='word_1_279' title='bbox 329 3193 459 3241; x_wconf 89' lang='lat' dir='ltr'><strong>tiunt</strong></span> <span class='ocrx_word' id='word_1_280' title='bbox 492 3192 613 3256; x_wconf 78' lang='lat' dir='ltr'><strong>ipsi,</strong></span> <span class='ocrx_word' id='word_1_281' title='bbox 649 3191 725 3239; x_wconf 90' lang='lat' dir='ltr'><strong>his</strong></span> <span class='ocrx_word' id='word_1_282' title='bbox 752 3197 978 3252; x_wconf 88' lang='lat' dir='ltr'><strong>tanquam</strong></span> <span class='ocrx_word' id='word_1_283' title='bbox 1015 3190 1183 3237; x_wconf 79' lang='lat' dir='ltr'><strong>formis</strong></span> <span class='ocrx_word' id='word_1_284' title='bbox 1220 3195 1268 3236; x_wconf 88' lang='lat' dir='ltr'><strong>et</strong></span> <span class='ocrx_word' id='word_1_285' title='bbox 1303 3190 1593 3254; x_wconf 90' lang='lat' dir='ltr'><strong>corporibus</strong></span> <span class='ocrx_word' id='word_1_286' title='bbox 1627 3193 1860 3245; x_wconf 83' lang='lat' dir='ltr'><strong>utuntur,</strong></span> <span class='ocrx_word' id='word_1_287' title='bbox 1894 3185 2000 3247; x_wconf 91' lang='lat' dir='ltr'><strong>qui-</strong></span> 
     </span>
     <span class='ocr_line' id='line_1_38' title="bbox 330 3265 2000 3336; baseline -0.005 -16"><span class='ocrx_word' id='word_1_288' title='bbox 330 3272 421 3320; x_wconf 91' lang='lat' dir='ltr'><strong>bus</strong></span> <span class='ocrx_word' id='word_1_289' title='bbox 457 3272 673 3336; x_wconf 78' lang='lat' dir='ltr'><strong>cogitata</strong></span> <span class='ocrx_word' id='word_1_290' title='bbox 713 3270 1140 3326; x_wconf 75' lang='lat' dir='ltr'><strong>circumvestiant‚</strong></span> <span class='ocrx_word' id='word_1_291' title='bbox 1179 3270 1468 3317; x_wconf 85' lang='lat' dir='ltr'><strong>uberrimam</strong></span> <span class='ocrx_word' id='word_1_292' title='bbox 1501 3269 1575 3317; x_wconf 90' lang='lat' dir='ltr'><strong>sui</strong></span> <span class='ocrx_word' id='word_1_293' title='bbox 1604 3266 1784 3330; x_wconf 81' lang='lat' dir='ltr'><strong>ingenii</strong></span> <span class='ocrx_word' id='word_1_294' title='bbox 1807 3265 2000 3328; x_wconf 86' lang='lat' dir='ltr'><strong>copiam</strong></span> 
     </span>
     <span class='ocr_line' id='line_1_39' title="bbox 329 3343 2000 3415; baseline -0.005 -17"><span class='ocrx_word' id='word_1_295' title='bbox 329 3351 379 3400; x_wconf 93' lang='lat' dir='ltr'><strong>in</strong></span> <span class='ocrx_word' id='word_1_296' title='bbox 413 3352 620 3399; x_wconf 85' lang='lat' dir='ltr'><strong>alienam</strong></span> <span class='ocrx_word' id='word_1_297' title='bbox 656 3366 916 3415; x_wconf 88' lang='lat' dir='ltr'><strong>personam</strong></span> <span class='ocrx_word' id='word_1_298' title='bbox 951 3350 1305 3401; x_wconf 85' lang='lat' dir='ltr'><strong>transferentes</strong></span> <span class='ocrx_word' id='word_1_299' title='bbox 1346 3355 1490 3412; x_wconf 87' lang='lat' dir='ltr'><strong>atque</strong></span> <span class='ocrx_word' id='word_1_300' title='bbox 1524 3364 1618 3396; x_wconf 92' lang='lat' dir='ltr'><strong>uno</strong></span> <span class='ocrx_word' id='word_1_301' title='bbox 1654 3346 1847 3394; x_wconf 91' lang='lat' dir='ltr'><strong>nomine</strong></span> <span class='ocrx_word' id='word_1_302' title='bbox 1878 3343 2000 3391; x_wconf 88' lang='lat' dir='ltr'><strong>divi-</strong></span> 
     </span>
     <span class='ocr_line' id='line_1_40' title="bbox 329 3422 1998 3495; baseline -0.005 -15"><span class='ocrx_word' id='word_1_303' title='bbox 329 3431 422 3480; x_wconf 83' lang='lat' dir='ltr'><strong>tias</strong></span> <span class='ocrx_word' id='word_1_304' title='bbox 440 3431 658 3495; x_wconf 88' lang='lat' dir='ltr'><strong>undique</strong></span> <span class='ocrx_word' id='word_1_305' title='bbox 689 3431 923 3480; x_wconf 86' lang='lat' dir='ltr'><strong>collectas</strong></span> <span class='ocrx_word' id='word_1_306' title='bbox 946 3429 1269 3480; x_wconf 80' lang='lat' dir='ltr'><strong>includentes,</strong></span> <span class='ocrx_word' id='word_1_307' title='bbox 1307 3428 1417 3477; x_wconf 91' lang='lat' dir='ltr'><strong>Hoc</strong></span> <span class='ocrx_word' id='word_1_308' title='bbox 1443 3425 1739 3493; x_wconf 84' lang='lat' dir='ltr'><strong>significavit</strong></span> <span class='ocrx_word' id='word_1_309' title='bbox 1754 3422 1998 3473; x_wconf 82' lang='lat' dir='ltr'><strong>Goethius</strong></span> 
     </span>
    </p>
   </div>
  </div>
 </body>
</html>
