2124 3860
1156 271 1278 332 356

324 439 328 443 ⁴
374 424 545 476 Persei
588 422 836 473 abducere
869 426 1070 471 conatus
1106 427 1211 483 est,
1262 422 1565 472 ontendendo
1606 423 1740 473 illum
1777 439 2046 490 pauperem

374 521 486 556 esse
521 508 571 552 et
604 502 826 567 spurium
862 519 923 551 ex
956 503 1125 568 ignoto
1160 507 1299 566 patre
1323 508 1637 568 procreatum
1662 506 1820 571 patria
1847 518 2046 553 carere:

503 579 607 648 ἐγὼ
643 579 699 631 δὲ
732 580 927 642 παῖδας
962 581 1060 633 οὐκ
1095 577 1162 631 ἐῶ
1198 581 1404 641 νόθους
1438 581 1650 646 λαβεῖν·

501 663 612 714 τῶν
643 660 877 728 γυησίων
909 662 1013 728 γὰρ
1048 661 1210 713 οὐδὲν
1244 664 1390 722 ὄντες
1425 659 1636 725 ἐνδεεῖς,

505 730 959 809 νόμῳνοσοῦσιν,
1001 742 1030 794 ὅ
1066 754 1123 794 σε
1157 741 1501 808 φυλάξασθαι
1534 741 1717 809 χρεών.

506 903 705 970 χρυσὸν
738 900 960 966 μάλιστα
996 902 1258 967 βούλομαι
1293 902 1476 967 δόμοις
1511 900 1674 969 ἔχειν·

505 982 596 1035 καὶ
626 982 820 1042 δοῦλος
853 980 929 1032 ὢν
961 982 1063 1048 γὰρ
1097 983 1267 1048 τίμιος
1300 985 1548 1034 πλουτῶν
1582 982 1736 1050 ἀνήρ,

507 1060 782 1129 ἐλεύθερος
816 1061 872 1113 δὲ
904 1066 1077 1129 χρεῖος
1111 1061 1187 1114 ὢν
1221 1061 1380 1115 οὐδὲν
1414 1062 1609 1115 σθένει.

380 1147 511 1197 Huic
546 1146 778 1210 Cepheus
823 1161 912 1204 ea,
961 1145 1136 1209 quibus
1172 1146 1348 1212 dignus
1395 1151 1499 1207 est,
1545 1143 1808 1209 exprobrat
1852 1155 2056 1206 respon-

381 1229 593 1292 detque:

510 1308 715 1373 χρυσοῦ
747 1303 924 1368 νόμιζε
958 1303 1159 1354 σαυτὸν
1193 1300 1366 1354 οὕνεκ’
1403 1302 1640 1370 εὐτυχεῖν

512 1465 612 1517 οὐκ
645 1459 785 1515 ἔστιν
819 1460 956 1522 &gns
990 1458 1209 1529 εὐτυχὴς
1244 1461 1347 1527 ἔφυ
1384 1462 1610 1528 βροτῶν,

513 1535 555 1613 ᾧ
589 1543 660 1611 μὴ
694 1542 754 1595 τὸ
789 1546 943 1594 θεῖον
977 1542 1049 1604 εἰς
1081 1542 1145 1594 τὰ
1178 1542 1345 1595 πολλὰ
1378 1545 1603 1609 συντελῇ

513 1704 584 1772 μὴ
618 1704 711 1756 τὸν
747 1701 876 1768 έμὸν
910 1703 1042 1754 οἴκει
1073 1707 1226 1767 νοῦν,
1261 1701 1363 1770 ἐγὼ
1396 1702 1499 1769 γὰρ
1534 1699 1737 1768 ἀρκέσω
1752 1702 1822 1765 *).

514 1786 820 1853 Repudiatus
866 1784 1083 1834 Phineus
1141 1786 1204 1833 ad
1262 1786 1356 1833 vim
1414 1784 1678 1849 dolumque
1736 1783 2054 1834 convertitur.

383 1868 538 1918 Redit
571 1866 749 1915 deinde
782 1864 997 1913 Perseus
1045 1871 1096 1914 et
1140 1864 1353 1913 solutam
1395 1865 1579 1913 catenis
1613 1865 1847 1927 virginem
1882 1880 1911 1912 e
1945 1879 2056 1911 sco-

382 1949 500 2014 pulo
535 1945 764 2004 deducit3
800 1943 864 1991 cf.
887 1943 1119 1995 Luciam:
1155 1941 1184 1993 ὁ
1219 1939 1274 1993 δὲ
1307 1941 1470 2003 λύσας
1502 1941 1566 1993 τὰ
1601 1941 1766 2006 δεσμὰ
1797 1945 1890 2010 τῆς
1923 1957 2054 2006 παρ-

383 2024 570 2094 θένου,
604 2019 851 2087 ὑποσχὼν
883 2020 981 2088 τὴν
1014 2025 1185 2088 χεῖρα,
1229 2022 1512 2086 ὑπεδέξατο
1556 2022 1880 2090 ἀκροποδητὶ
1911 2039 2056 2074 κατι-

386 2111 558 2158 οῦσαν
602 2102 659 2156 ἐκ
702 2106 796 2170 τῆς
840 2101 1030 2167 πέτρας
1076 2101 1355 2167 ὀλισθερᾶς
1389 2106 1566 2168 οὔσης.
1636 2104 1851 2154 Picturis
1894 2104 2056 2168 parie-

385 2194 491 2238 tum
525 2185 789 2233 Herculan.
826 2190 875 2231 et
910 2184 1113 2232 caelatis
1149 2186 1380 2248 operibus
1415 2191 1465 2233 et
1498 2185 1693 2232 vasibus
1722 2182 2057 2247 compluribus

385 2273 490 2316 tum
525 2265 652 2312 hanc
686 2263 883 2323 virginis
919 2262 1261 2310 deductionem
1304 2269 1408 2310 tum
1444 2264 1562 2310 alias
1597 2262 1831 2323 quasdam
1864 2261 2056 2309 drama-

387 2347 450 2395 tis
483 2348 647 2409 partes
683 2341 962 2389 etiamnunc
996 2342 1357 2404 repraesentari
1392 2347 1557 2388 notum
1594 2346 1684 2389 est.

517 2422 572 2471 In
605 2421 824 2469 dramate
858 2419 1071 2484 singula,
1122 2435 1247 2483 quae
1295 2435 1458 2467 coram
1508 2419 1871 2482 spectatoribus
1912 2435 2057 2484 gere-

387 2505 594 2563 bantur,
639 2501 819 2548 chorus
854 2499 1071 2547 carmine
1104 2500 1493 2562 persequebatur
1528 2498 1772 2562 simulque
1806 2499 1871 2549 de
1913 2514 2058 2548 com—

388 2587 578 2635 mutata
611 2581 807 2628 fortuna
841 2578 1019 2642 virgini
1053 2578 1420 2641 gratulabatur:

519 2659 549 2711 6
582 2657 679 2724 μὲν
712 2657 892 2722 ὄλβιος
923 2649 1008 2722 ἦν,
1058 2656 1153 2706 τὸν
1186 2655 1233 2706 δ’
1268 2653 1570 2721 ἀπέκρυψεν

517 2738 673 2799 θεός·
711 2735 783 2816 ᾡς
816 2735 1007 2789 κείνων
1038 2737 1147 2787 τῶν
1177 2751 1304 2786 ποτε
1337 2735 1684 2802 λαμπρῶν**)

759 2872 830 2880 φ-

446 2949 497 3004 ἡ“)
526 2947 656 2991 Ovid.
686 2947 736 2999 V,
764 2945 846 2988 25:

665 3016 978 3070 „Praemiaque
1004 3013 1188 3071 eripies?
1215 3028 1323 3069 quae
1349 3014 1390 3056 si
1415 3015 1495 3057 tibi
1520 3027 1684 3070 magna
1709 3014 1918 3065 videntur,

666 3087 733 3128 Ex
761 3086 850 3127 illis
878 3085 1074 3140 scopulis,
1101 3085 1173 3126 ubi
1201 3091 1326 3126 erant
1355 3086 1509 3138 affixa,
1532 3086 1726 3140 petisses.

671 3155 794 3197 Nunc
822 3155 912 3196 sine
940 3155 1010 3210 qui
1031 3155 1175 3211 petiit,
1199 3168 1280 3209 per
1309 3168 1428 3208 quem
1454 3156 1559 3196 haec
1587 3169 1671 3196 non
1699 3153 1802 3195 orba
1829 3155 2034 3202 senectus,

669 3225 815 3276 Ferre,
847 3225 957 3279 quod
984 3231 1026 3268 et
1052 3225 1215 3266 meritis
1244 3229 1285 3265 et
1314 3238 1414 3266 voce
1442 3230 1506 3266 est
1528 3230 1697 3279 pactus,
1728 3235 1896 3276 eumque

670 3294 767 3335 Νοη
795 3294 887 3345 tibi,
918 3294 993 3336 sed
1019 3300 1158 3338 certae
1184 3294 1428 3349 praelatum
1451 3295 1645 3350 intellige
1672 3291 1842 3335 morti.”

419 3364 500 3418 *ἢ
526 3363 670 3421 Vulgo
697 3359 831 3414 θεός·
859 3362 1056 3408 ἐκείνων.
1113 3362 1408 3406 Fritzschium
1438 3365 1503 3419 (p.
1530 3362 1654 3419 495.)
1678 3364 1887 3417 sequutus
1914 3373 2027 3402 sum.
