2170 3866
953 266 1074 325 4⁰1

167 414 551 480 tragoediarum,
574 427 701 478 quae
722 414 907 465 laetam
930 413 1118 464 habent
1141 429 1309 463 rerum
1335 413 1733 479 explicationem,
1748 431 1854 466 ma·

164 513 292 561 gnus
327 497 392 545 sit
423 510 676 556 numeruS,
711 496 759 544 in
793 495 984 545 duabus
1008 495 1086 544 vel
1107 494 1266 543 tribus
1292 510 1460 544 earum
1489 495 1717 545 notandis
1742 496 1854 561 plu-

166 592 249 627 res
283 576 589 640 grammatici
625 576 995 640 conspirarent,
1041 573 1137 624 nisi
1168 574 1296 623 hanc
1329 575 1487 640 ipsam
1525 576 1852 640 conspiratio-

164 671 280 706 nem
315 672 407 721 pro
442 655 722 704 testimonio
759 670 956 704 sumere
989 654 1180 711 liceret,
1214 654 1344 703 tradi
1377 655 1438 703 ab
1472 656 1569 704 illis
1604 672 1700 706 non
1727 673 1854 720 quae

166 735 263 800 ipsi
311 735 617 796 iudicarent,
668 735 756 784 sed
792 751 918 799 quae
952 733 1133 782 tradita
1174 750 1201 782 a
1247 734 1495 800 prioribus
1529 737 1852 801 accepissent.

166 814 378 880 Excipio
414 814 660 864 Electram
714 814 1003 880 Sophoclis,
1051 830 1193 879 quam
1245 815 1445 879 proprio
1481 817 1684 866 arbitrio
1719 818 1854 866 adie-

167 895 297 944 cisse
330 893 542 943 Tzetzes
577 896 796 954 videtur3
830 894 918 944 sed
953 893 1185 942 Orestem
1223 900 1276 943 et
1304 894 1614 944 Alcestidem
1648 912 1855 946 numero

169 986 452 1024 severarum
502 975 868 1040 tragoediarum
913 974 974 1023 ab
1010 974 1364 1037 antiquioribus
1399 977 1732 1041 grammaticis
1767 992 1854 1025 ex-

169 1062 326 1104 emtas
373 1070 487 1103 esse
533 1063 707 1121 aperte
743 1056 994 1115 scholion,
1054 1055 1186 1117 quod
1237 1070 1386 1120 supra
1432 1056 1856 1122 transcripsimus,

167 1138 394 1193 testatur,
430 1136 667 1200 additque
695 1151 949 1184 caussam:
984 1132 1044 1183 τὸ
1070 1131 1128 1183 δὲ
1153 1133 1331 1198 δρᾶμα
1356 1132 1735 1200 κωμικωτέραν
1757 1132 1858 1200 ἔχει

167 1214 529 1282 κατασκευήν,
579 1222 630 1264 et
663 1213 721 1266 τὸ
757 1211 814 1265 δὲ
848 1212 1023 1278 δρᾶμά
1051 1211 1160 1264 ἐστι
1189 1215 1627 1279 σατυρικώτερου.
1697 1215 1856 1265 Docta

169 1302 247 1344 est
291 1295 485 1344 Orestis
532 1296 699 1345 fabula
745 1312 839 1344 una
890 1311 1002 1343 cum
1050 1295 1461 1344 Phoenissarum:
1514 1297 1566 1344 id
1613 1296 1748 1344 enim
1795 1311 1858 1344 ex

168 1375 363 1423 scholio
396 1376 458 1423 ad
493 1392 536 1422 v.
575 1375 710 1422 illius
746 1377 889 1422 1481.
926 1374 1113 1437 scripto
1150 1375 1384 1423 coniicio:
1433 1371 1492 1425 ἐν
1524 1374 1609 1445 τῷ
1653 1373 1858 1441 τρίτῳ

167 1453 202 1505 δ
214 1471 245 1518 ρ
262 1452 350 1518 ἅμ
367 1470 472 1504 ατι
507 1443 664 1512 οὗτός
697 1463 862 1519 φησιν
897 1451 956 1504 ἐν
978 1458 1050 1518 τῷ
1085 1455 1227 1524 χορῷ
1258 1459 1330 1520 τῷ
1365 1454 1628 1520 »Κάδμος
1651 1452 1855 1521 ἓ’μολε.”

165 1534 264 1584 Hic
309 1536 491 1584 chorus
539 1535 825 1584 Phoenissis
860 1536 1019 1596 inest,
1067 1552 1188 1600 quas
1223 1535 1383 1585 fuisse
1417 1537 1692 1586 tertium
1726 1538 1857 1586 eius-

166 1615 283 1664 dem
316 1615 631 1675 didascaliae‚
669 1615 812 1664 cuius
844 1614 1051 1663 Orestes
1089 1615 1283 1677 fuisset,
1319 1617 1491 1664 drama
1525 1617 1646 1665 satis
1681 1621 1858 1680 aperte

166 1695 248 1745 his
283 1695 578 1744 scholiastae
610 1695 776 1743 verbis
811 1695 1105 1743 declaratur.
1174 1696 1325 1759 Atqui
1365 1695 1525 1744 eidem
1561 1695 1857 1744 didascaliae

167 1782 368 1842 praeter
416 1775 646 1824 Orestem
698 1775 847 1823 etiam
894 1775 1176 1839 Hypsipyle
1223 1781 1275 1823 et
1317 1776 1533 1840 Antiope
1576 1774 1857 1824 infueruntz

168 1871 376 1919 quorum
403 1856 676 1903 dramatum
706 1870 855 1918 quum
880 1855 1106 1903 ridiculis
1126 1860 1353 1904 neutrum
1371 1855 1567 1904 dedisse
1594 1855 1757 1904 locum
1781 1854 1856 1902 vi-

168 1935 362 1995 deatur,
396 1935 707 1999 relinquitur,
743 1939 801 1983 ut
836 1934 1037 2000 Orestis·
1063 1935 1260 1984 fabulae
1295 1951 1401 1983 eam
1438 1935 1858 2000 opportunitatem

168 2016 328 2064 fuisse
373 2016 730 2073 decernamus:
775 2030 873 2077 quo
908 2014 1046 2064 facto
1082 2016 1207 2064 haec
1240 2030 1338 2063 non
1374 2016 1550 2075 minus,
1586 2031 1731 2080 quam
1766 2014 1857 2063 Al·

170 2096 394 2154 cestidis,
432 2095 492 2142 ab
528 2094 873 2158 imperitorum
909 2095 1330 2144 criminationibus
1357 2095 1648 2143 vindicatur.
1717 2094 1858 2158 lpso-

167 2192 276 2224 rum
313 2176 445 2224 enim
482 2182 705 2224 veterum
753 2175 949 2238 quidam
996 2191 1307 2235 sermonem,
1357 2191 1506 2238 quem
1551 2191 1661 2223 cum
1716 2187 1859 2222 servo

165 2255 370 2321 Phryge
418 2254 616 2303 confert
652 2255 886 2317 Orestes,
934 2261 987 2303 ut
1034 2255 1289 2320 tragoedia
1325 2271 1501 2318 parum
1535 2255 1734 2317 dignum
1771 2268 1859 2301 no-

166 2333 417 2401 tarunt*).
500 2335 754 2384 Canticum
804 2350 946 2395 vero,
997 2334 1128 2397 quod
1174 2333 1338 2383 eidem
1388 2350 1534 2383 servo
1582 2334 1853 2396 Euripides

166 2415 395 2465 attribuit
428 2415 691 2478 agendum,
728 2432 756 2463 a
789 2430 928 2464 more
962 2414 1120 2478 ipsius
1156 2414 1429 2462 abhorrere
1459 2414 1618 2462 visum
1662 2410 1861 2474 est*⁴‘).

169 2496 355 2544 Contra
388 2494 471 2543 alii
505 2495 660 2543 risum
695 2495 760 2543 de
792 2495 1032 2544 industria
1067 2494 1346 2557 quaesitum
1383 2509 1497 2542 esse
1522 2492 1725 2541 humilia
1754 2506 1859 2539 ma-

168 2575 276 2641 gnis
313 2574 682 2638 componendo,
734 2574 883 2639 idque
930 2574 1078 2622 etiam
1128 2572 1348 2621 numeris
1383 2572 1609 2621 carminis
1643 2570 1774 2618 illius
1810 2573 1861 2618 et

168 2670 352 2719 genere
401 2654 715 2702 modulorum
759 2654 966 2702 indicari
1011 2649 1320 2717 (ἁρμάτειον
1369 2652 1498 2700 enim
1544 2647 1699 2715 μέλος
1748 2664 1862 2698 esse

171 2749 344 2784 servus
371 2734 480 2797 ipse
515 2733 824 2797 profitetur),
851 2749 968 2783 vere
1003 2739 1242 2796 recteque
1275 2728 1712 2793 monuerunt***).
1761 2728 1860 2778 Ac-

171 2814 334 2874 cedit,
384 2812 517 2876 quod
565 2828 626 2861 ne
662 2829 830 2861 eorum
867 2814 1085 2878 quidem,
1123 2829 1249 2876 quae
1283 2811 1476 2860 Helena
1510 2816 1562 2860 et
1595 2808 1855 2859 Menelaus

170 2901 335 2960 agunt,
371 2893 632 2959 quicquam
667 2893 906 2942 cothurno
944 2894 1061 2942 satis
1098 2893 1301 2957 dignum
1336 2906 1452 2940 esse
1475 2889 1700 2940 videtur:
1736 2904 1859 2953 quo-

226 3112 276 3167 ’ἢ
306 3111 461 3155 schol.
490 3125 531 3153 v.
564 3107 701 3151 1505:
735 3106 904 3162 ἀνάξια
933 3110 1015 3166 τῆς
1038 3107 1293 3166 τραγῳδίας
1311 3107 1390 3151 καὶ
1419 3109 1501 3164 τῆς
1530 3106 1614 3150 τοῦ
1641 3101 1862 3162 Ὀρέστου

311 3180 555 3238 συμφορᾶς
584 3176 643 3222 τὰ
675 3177 909 3234 λεγόμενα.

197 3252 278 3308 *ἢ
308 3252 461 3295 Schol.
493 3266 534 3293 v.
565 3248 702 3292 1355:
737 3248 976 3301 ἐντεῦθεν,
1007 3250 1176 3305 φασίν,
1209 3245 1364 3303 ἐξέστη
1392 3249 1479 3292 τοῦ
1512 3246 1633 3291 ἰδίου
1664 3242 1807 3292 ἔθους
1837 3238 1862 3284 ὁ

313 3319 584 3380 Εὐριπίδης,
616 3315 823 3363 οἷυοίκεια
851 3318 999 3379 ἑαυτῷ
1039 3319 1193 3374 λέγων.

173 3393 287 3447 *’·“*)
315 3391 437 3443 τινὲς
464 3390 516 3436 δὲ
545 3391 685 3435 τοῦτο
714 3391 1068 3448 παρεπίγραφον
1098 3386 1217 3432 εἶναι’
1244 3401 1389 3444 φασιν
1417 3388 1503 3438 εἰς
1535 3384 1606 3430 τὰ
1636 3380 1864 3438 κωμικὰ

315 3461 604 3521 δράματα.

238 3531 300 3584 Τ.
334 3534 392 3584 11.
1461 3530 1527 3576 26
