2170 3866
931 256 1055 312 423

156 404 299 466 Quae
345 401 588 451 sententia
633 416 744 449 cum
795 401 903 450 sine
938 402 1089 451 dubio
1122 417 1235 450 vera
1283 403 1369 464 sit,
1417 404 1706 470 obsequitur
1735 407 1839 456 fra-

154 485 215 532 tri
261 478 584 547 Amphion*).

288 562 381 610 His
426 562 575 624 igitur
620 560 680 608 ad
726 564 956 609 venatum
1006 578 1062 610 se
1096 561 1407 625 parantibus,
1442 563 1648 612 chorum
1685 565 1837 614 inter-

154 642 273 707 poni
308 657 516 691 necesse
560 640 670 690 fuit.

282 722 456 770 Prodit
503 720 684 768 deinde
727 720 776 767 in
826 734 1024 767 scenam
1060 719 1300 785 Antiopa,
1336 737 1492 783 quae,
1540 723 1653 771 dum
1690 722 1837 774 Dirce

152 804 202 852 in
239 802 542 850 sithaerone
577 815 689 847 cum
725 797 923 847 bacchis
959 800 1223 857 discursat,
1259 801 1467 849 vinculis
1495 803 1724 852 divinitus
1752 820 1835 852 so-

153 883 266 930 lutis
284 881 366 944 **)
403 886 544 928 nacta
593 879 900 927 occasionem
937 878 1204 942 effugiendi
1256 881 1301 928 iu
1341 881 1691 932 Cithaeronem
1728 884 1838 946 ipsa

152 977 349 1027 quoque
384 960 608 1023 pervenit
643 966 692 1007 et
727 975 842 1007 casu
879 961 941 1008 ad
977 960 1170 1008 stabula
1210 960 1434 1009 defertur
1469 962 1697 1015 filiorum.
1765 964 1837 1012 Ibi

152 1043 286 1090 fame
335 1046 385 1087 et
429 1039 723 1088 lassitudine
782 1039 1038 1102 confecta,
1089 1041 1233 1088 simui
1283 1046 1420 1089 metu
1464 1044 1738 1092 exanimata
1772 1045 1835 1093 ti-

150 1136 420 1184 mensque,
465 1136 528 1168 ne
573 1120 772 1167 inventa
818 1120 876 1166 ab
926 1119 1137 1168 inimicis
1184 1122 1245 1169 ad
1282 1121 1603 1169 contumelias
1640 1129 1690 1170 et
1723 1138 1834 1172 crn-

154 1202 316 1250 ciatus
352 1199 649 1257 retrahatur,
692 1200 896 1246 deorum
931 1201 1284 1262 hominumque
1316 1201 1517 1249 iniurias
1553 1208 1836 1264 conquesta,

148 1281 420 1344 hospitium
463 1295 521 1326 ac
556 1278 760 1326 tutelam
807 1280 930 1340 petit
946 1277 1072 1339 ***).
1153 1278 1322 1326 Rebus
1358 1280 1559 1327 theatro
1594 1282 1836 1343 expositis

147 1361 198 1409 in
232 1363 551 1422 conspectum
587 1358 814 1420 procedit
842 1358 1167 1421 geminorum.
1227 1359 1564 1407 Accedentem
1586 1360 1835 1424 Amphion

148 1455 387 1504 quaenam
435 1438 500 1485 sit
546 1437 831 1486 sciscitatur
876 1442 929 1485 et
978 1454 1074 1502 qua
1110 1438 1173 1486 de
1208 1454 1383 1487 caussa
1418 1440 1523 1487 sola
1558 1457 1649 1504 per
1680 1442 1834 1491 saltus

148 1523 384 1585 vagetur:

369 1635 382 1650 .
418 1598 616 1659 „loca
660 1595 940 1645 horrida
986 1596 1289 1646 initas?''

150 1681 228 1731 Ad
261 1680 365 1727 fata
398 1694 486 1727 sua
521 1676 790 1726 enarranda
825 1677 1236 1725 haesitabundam
1270 1677 1494 1727 adducit:

285 1792 298 1805 .
335 1796 347 1808 .
378 1757 429 1807 τί
462 1764 639 1822 σιγᾷςς
675 1757 793 1820 μῶν
827 1754 1005 1818 φόνον
1038 1757 1137 1805 τιν’
1174 1754 1399 1821 εἰργάσω
1415 1756 1505 1821 †)‚·

150 1841 281 1890 Tum
317 1840 542 1902 Antiopa,
577 1837 840 1892 Malorum,
875 1837 1047 1899 inquit,
1082 1838 1259 1899 quihus
1293 1839 1481 1887 referta
1517 1847 1596 1889 est
1617 1842 1713 1888 vita
1739 1842 1832 1890 hu-

152 1937 313 1979 mana,
348 1920 395 1967 in
429 1935 511 1968 me
546 1917 814 1981 largissima
850 1916 994 1964 irruit
1027 1918 1193 1981 copia:

281 1998 429 2050 πόλλ’
466 1994 607 2048 ἐστὶν
639 1994 1026 2060 ἀνθρώποισιν,
1071 1988 1113 2046 ὦ
1148 1995 1303 2059 ξένοι,
1337 1996 1489 2050 κακοὶ.

152 2081 228 2131 Ab
274 2081 369 2130 hoc
414 2080 553 2127 initio
607 2077 668 2126 ad
706 2093 899 2125 omnem
944 2093 1050 2124 rem
1086 2078 1259 2126 ordine
1294 2081 1615 2128 enarrandam
1653 2083 1832 2145 pergit,

152 2162 292 2210 cuins
328 2159 626 2209 narrationis
663 2158 838 2220 exigua
874 2158 1112 2220 quaedam
1148 2157 1423 2219 fragmenta
1460 2166 1740 2210 servantur:

281 2239 471 2291 κύουσ’
506 2233 726 2296 ἔτικτον,
761 2233 899 2301 ἡνίκ’
934 2234 1142 2301 ἠγόμην
1174 2235 1333 2286 πάλιν
1347 2235 1464 2301 ††).

209 2400 257 2452 **)
285 2398 442 2439 Horat.
471 2395 613 2450 Epist.
642 2394 680 2446 1,
720 2392 791 2446 18,
819 2390 899 2434 42:
945 2394 1130 2444 „Donec
1178 2398 1387 2448 suspecta
1425 2410 1584 2438 severo
1623 2396 1834 2442 conticuit

290 2468 404 2522 lyra.
471 2463 775 2506 Fraternis
822 2463 1072 2504 cessisse
1121 2468 1358 2517 putatur
1397 2465 1658 2508 moribus
1705 2468 1832 2509 Am-

292 2534 511 2591 phion.⁷'

180 2608 255 2660 aar)
293 2604 611 2660 Apollodorus:
643 2603 736 2645 τῶν
767 2602 942 2656 δεσμῶν
973 2599 1250 2655 αὐτομάτων
1279 2600 1527 2646 λυθέντων.

157 2678 264 2731 ***)
293 2674 553 2730 Propertius
581 2675 609 2715 1.
643 2675 702 2715 L:

402 2744 539 2798 „Inde
572 2743 839 2784 Cithaeronis
868 2742 1017 2784 timido
1044 2741 1154 2797 pede
1184 2742 1315 2783 currit
1343 2743 1389 2782 in
1418 2757 1563 2786 arces:

519 2813 618 2854 Nox
646 2819 754 2866 erat,
783 2820 824 2855 et
853 2827 1005 2868 sparso
1035 2813 1157 2853 triste
1189 2813 1322 2854 cubile
1350 2814 1467 2867 gelu.

404 2885 540 2939 Saepe
569 2896 685 2937 vago
714 2883 849 2938 Asopi
876 2884 1018 2924 sonitu
1043 2889 1240 2937 permota
1258 2883 1437 2936 fluentis

522 2953 729 2994 eradebat
759 2954 953 2995 dominae
978 2966 1090 3009 pone
1117 2952 1262 2993 venire
1284 2953 1465 3007 pcdes.''

299 3025 473 3068 Ibidem
503 3025 653 3078 paullo
689 3027 814 3065 ante:

408 3094 655 3149 ,3Iuppiter‚
687 3094 898 3148 Antiopae
925 3107 1128 3148 nusquam
1155 3093 1377 3143 succurris,
1407 3094 1580 3135 habenti

528 3165 606 3204 Tot
634 3162 785 3204 mala?
815 3164 1046 3218 corrumpit
1076 3163 1185 3203 «lura
1215 3169 1366 3203 catena
1394 3177 1568 3214 manus3

415 3236 463 3277 Si
492 3234 592 3275 deus
622 3247 680 3283 es,
707 3234 787 3275 tibi
813 3239 936 3290 turpe
963 3241 1082 3275 tuam
1110 3233 1270 3274 servire
1296 3233 1496 3286 puellam.

526 3305 695 3345 Invocet
726 3304 910 3360 Antiope
940 3318 1058 3359 quem
1086 3304 1185 3354 nisi,
1215 3303 1374 3354 vincta,
1404 3302 1602 3345 Iovem?''

225 3376 279 3430 †)
306 3377 490 3431 Fragm.
519 3374 605 3429 inc.
645 3374 752 3415 CCl.

197 3445 283 3500 ἡ)
305 3446 505 3488 Eustath.
536 3440 714 3486 κύουσα
731 3442 897 3486 τίκτον.
938 3443 1142 3486 Valcken.
1161 3455 1213 3483 ex
1231 3440 1465 3484 Ammonio
1488 3438 1664 3484 κύουσα
1685 3438 1830 3480 τίκτω.
