<?xml version="1.0" encoding="UTF-8"?>
<!DOCTYPE html PUBLIC "-//W3C//DTD XHTML 1.0 Transitional//EN"
    "http://www.w3.org/TR/xhtml1/DTD/xhtml1-transitional.dtd">
<html xmlns="http://www.w3.org/1999/xhtml" xml:lang="en" lang="en">
 <head>
  <title>
</title>
<meta http-equiv="Content-Type" content="text/html;charset=utf-8" />
  <meta name='ocr-system' content='tesseract 3.04.00' />
  <meta name='ocr-capabilities' content='ocr_page ocr_carea ocr_par ocr_line ocrx_word'/>
</head>
<body>
  <div class='ocr_page' id='page_1' title='image "./euripidesrestitu02hartuoft_0454.png"; bbox 0 0 2170 3866; ppageno 0'>
   <div class='ocr_carea' id='block_1_1' title="bbox 1114 247 1238 305">
    <p class='ocr_par' dir='ltr' id='par_1_1' title="bbox 1114 247 1238 305">
     <span class='ocr_line' id='line_1_1' title="bbox 1114 247 1238 305; baseline 0 -1"><span class='ocrx_word' id='word_1_1' title='bbox 1114 247 1238 305; x_wconf 77' lang='lat'><strong>442</strong></span> 
     </span>
    </p>
   </div>
   <div class='ocr_carea' id='block_1_2' title="bbox 343 389 2016 1494">
    <p class='ocr_par' dir='ltr' id='par_1_2' title="bbox 343 389 2016 1494">
     <span class='ocr_line' id='line_1_2' title="bbox 356 389 2016 462; baseline 0.003 -18"><span class='ocrx_word' id='word_1_2' title='bbox 356 399 550 457; x_wconf 88' lang='lat' dir='ltr'><strong>turque.</strong></span> <span class='ocrx_word' id='word_1_3' title='bbox 618 389 774 439; x_wconf 89' lang='lat' dir='ltr'><strong>Simul</strong></span> <span class='ocrx_word' id='word_1_4' title='bbox 807 390 993 451; x_wconf 78' lang='lat' dir='ltr'><strong>effecit,</strong></span> <span class='ocrx_word' id='word_1_5' title='bbox 1029 397 1083 441; x_wconf 93' lang='lat' dir='ltr'><strong>ut</strong></span> <span class='ocrx_word' id='word_1_6' title='bbox 1117 392 1256 441; x_wconf 90' lang='lat' dir='ltr'><strong>dolor</strong></span> <span class='ocrx_word' id='word_1_7' title='bbox 1289 393 1526 456; x_wconf 84' lang='lat' dir='ltr'><strong>orbitatis,</strong></span> <span class='ocrx_word' id='word_1_8' title='bbox 1561 403 1870 462; x_wconf 81' lang='lat' dir='ltr'><strong>comparatus</strong></span> <span class='ocrx_word' id='word_1_9' title='bbox 1906 415 2016 448; x_wconf 90' lang='lat' dir='ltr'><strong>cum</strong></span> 
     </span>
     <span class='ocr_line' id='line_1_3' title="bbox 355 472 2016 544; baseline 0.004 -23"><span class='ocrx_word' id='word_1_10' title='bbox 355 472 569 530; x_wconf 77' lang='lat' dir='ltr'><strong>laetitia,</strong></span> <span class='ocrx_word' id='word_1_11' title='bbox 616 486 760 534; x_wconf 87' lang='lat' dir='ltr'><strong>quam</strong></span> <span class='ocrx_word' id='word_1_12' title='bbox 805 486 866 519; x_wconf 86' lang='lat' dir='ltr'><strong>ex</strong></span> <span class='ocrx_word' id='word_1_13' title='bbox 912 473 1214 536; x_wconf 89' lang='lat' dir='ltr'><strong>recuperatis</strong></span> <span class='ocrx_word' id='word_1_14' title='bbox 1261 473 1425 521; x_wconf 87' lang='lat' dir='ltr'><strong>liberis</strong></span> <span class='ocrx_word' id='word_1_15' title='bbox 1471 476 1680 540; x_wconf 80' lang='lat' dir='ltr'><strong>percipit</strong></span> <span class='ocrx_word' id='word_1_16' title='bbox 1718 477 2016 544; x_wconf 77' lang='lat' dir='ltr'><strong>Hypsipyle,</strong></span> 
     </span>
     <span class='ocr_line' id='line_1_4' title="bbox 352 550 2015 623; baseline 0.005 -23"><span class='ocrx_word' id='word_1_17' title='bbox 352 551 693 601; x_wconf 87' lang='lat' dir='ltr'><strong>vehementius</strong></span> <span class='ocrx_word' id='word_1_18' title='bbox 735 550 1012 599; x_wconf 75' lang='lat' dir='ltr'><strong>sentiretur.</strong></span> <span class='ocrx_word' id='word_1_19' title='bbox 1078 552 1151 600; x_wconf 89' lang='lat' dir='ltr'><strong>Ac</strong></span> <span class='ocrx_word' id='word_1_20' title='bbox 1196 553 1378 601; x_wconf 86' lang='lat' dir='ltr'><strong>nostris</strong></span> <span class='ocrx_word' id='word_1_21' title='bbox 1415 553 1610 617; x_wconf 90' lang='lat' dir='ltr'><strong>quidem</strong></span> <span class='ocrx_word' id='word_1_22' title='bbox 1645 556 1687 603; x_wconf 89' lang='lat' dir='ltr'><strong>si</strong></span> <span class='ocrx_word' id='word_1_23' title='bbox 1723 558 1906 623; x_wconf 88' lang='lat' dir='ltr'><strong>scripta</strong></span> <span class='ocrx_word' id='word_1_24' title='bbox 1939 559 2015 608; x_wconf 79' lang='lat' dir='ltr'><strong>fa-</strong></span> 
     </span>
     <span class='ocr_line' id='line_1_5' title="bbox 353 630 2014 700; baseline 0.003 -19"><span class='ocrx_word' id='word_1_25' title='bbox 353 631 468 681; x_wconf 86' lang='lat' dir='ltr'><strong>bula</strong></span> <span class='ocrx_word' id='word_1_26' title='bbox 501 637 659 690; x_wconf 74' lang='lat' dir='ltr'><strong>esset,</strong></span> <span class='ocrx_word' id='word_1_27' title='bbox 703 631 822 678; x_wconf 87' lang='lat' dir='ltr'><strong>satis</strong></span> <span class='ocrx_word' id='word_1_28' title='bbox 866 630 1001 679; x_wconf 83' lang='lat' dir='ltr'><strong>dives</strong></span> <span class='ocrx_word' id='word_1_29' title='bbox 1045 632 1295 681; x_wconf 87' lang='lat' dir='ltr'><strong>videretur</strong></span> <span class='ocrx_word' id='word_1_30' title='bbox 1330 634 1475 681; x_wconf 86' lang='lat' dir='ltr'><strong>etiam</strong></span> <span class='ocrx_word' id='word_1_31' title='bbox 1511 634 1615 682; x_wconf 88' lang='lat' dir='ltr'><strong>siue</strong></span> <span class='ocrx_word' id='word_1_32' title='bbox 1651 643 1842 700; x_wconf 79' lang='lat' dir='ltr'><strong>septem</strong></span> <span class='ocrx_word' id='word_1_33' title='bbox 1876 639 2014 688; x_wconf 87' lang='lat' dir='ltr'><strong>duci-</strong></span> 
     </span>
     <span class='ocr_line' id='line_1_6' title="bbox 354 710 2014 775; baseline 0.005 -18"><span class='ocrx_word' id='word_1_34' title='bbox 354 710 443 759; x_wconf 83' lang='lat' dir='ltr'><strong>bus</strong></span> <span class='ocrx_word' id='word_1_35' title='bbox 479 726 589 759; x_wconf 89' lang='lat' dir='ltr'><strong>esse</strong></span> <span class='ocrx_word' id='word_1_36' title='bbox 623 715 771 773; x_wconf 85' lang='lat' dir='ltr'><strong>atque</strong></span> <span class='ocrx_word' id='word_1_37' title='bbox 815 711 1131 775; x_wconf 80' lang='lat' dir='ltr'><strong>expeditione</strong></span> <span class='ocrx_word' id='word_1_38' title='bbox 1166 711 1427 771; x_wconf 82' lang='lat' dir='ltr'><strong>Thebaua;</strong></span> <span class='ocrx_word' id='word_1_39' title='bbox 1477 720 1644 762; x_wconf 86' lang='lat' dir='ltr'><strong>contra</strong></span> <span class='ocrx_word' id='word_1_40' title='bbox 1697 714 1903 764; x_wconf 84' lang='lat' dir='ltr'><strong>Graecis</strong></span> <span class='ocrx_word' id='word_1_41' title='bbox 1948 718 2014 765; x_wconf 90' lang='lat' dir='ltr'><strong>nil</strong></span> 
     </span>
     <span class='ocr_line' id='line_1_7' title="bbox 353 789 2015 860; baseline 0.005 -24"><span class='ocrx_word' id='word_1_42' title='bbox 353 790 551 853; x_wconf 83' lang='lat' dir='ltr'><strong>dignum</strong></span> <span class='ocrx_word' id='word_1_43' title='bbox 596 789 878 849; x_wconf 76' lang='lat' dir='ltr'><strong>videbatur,</strong></span> <span class='ocrx_word' id='word_1_44' title='bbox 930 792 1060 852; x_wconf 85' lang='lat' dir='ltr'><strong>quod</strong></span> <span class='ocrx_word' id='word_1_45' title='bbox 1095 808 1120 838; x_wconf 91' lang='lat' dir='ltr'><strong>a</strong></span> <span class='ocrx_word' id='word_1_46' title='bbox 1156 809 1330 854; x_wconf 77' lang='lat' dir='ltr'><strong>magno</strong></span> <span class='ocrx_word' id='word_1_47' title='bbox 1366 793 1549 857; x_wconf 90' lang='lat' dir='ltr'><strong>populo</strong></span> <span class='ocrx_word' id='word_1_48' title='bbox 1592 794 1639 841; x_wconf 90' lang='lat' dir='ltr'><strong>in</strong></span> <span class='ocrx_word' id='word_1_49' title='bbox 1675 795 1869 843; x_wconf 85' lang='lat' dir='ltr'><strong>theatro</strong></span> <span class='ocrx_word' id='word_1_50' title='bbox 1905 812 2015 860; x_wconf 84' lang='lat' dir='ltr'><strong>spe-</strong></span> 
     </span>
     <span class='ocr_line' id='line_1_8' title="bbox 352 870 2013 940; baseline 0.004 -23"><span class='ocrx_word' id='word_1_51' title='bbox 352 874 598 927; x_wconf 85' lang='lat' dir='ltr'><strong>ctaretur,</strong></span> <span class='ocrx_word' id='word_1_52' title='bbox 648 870 738 917; x_wconf 85' lang='lat' dir='ltr'><strong>nisi</strong></span> <span class='ocrx_word' id='word_1_53' title='bbox 781 870 841 917; x_wconf 83' lang='lat' dir='ltr'><strong>ad</strong></span> <span class='ocrx_word' id='word_1_54' title='bbox 879 871 1172 934; x_wconf 86' lang='lat' dir='ltr'><strong>populorum</strong></span> <span class='ocrx_word' id='word_1_55' title='bbox 1207 888 1286 920; x_wconf 89' lang='lat' dir='ltr'><strong>res</strong></span> <span class='ocrx_word' id='word_1_56' title='bbox 1322 879 1483 937; x_wconf 84' lang='lat' dir='ltr'><strong>gestas</strong></span> <span class='ocrx_word' id='word_1_57' title='bbox 1518 872 1862 937; x_wconf 82' lang='lat' dir='ltr'><strong>fortunamque</strong></span> <span class='ocrx_word' id='word_1_58' title='bbox 1898 892 2013 940; x_wconf 88' lang='lat' dir='ltr'><strong>per-</strong></span> 
     </span>
     <span class='ocr_line' id='line_1_9' title="bbox 348 948 2012 1013; baseline 0.004 -17"><span class='ocrx_word' id='word_1_59' title='bbox 348 948 545 997; x_wconf 84' lang='lat' dir='ltr'><strong>tineret.</strong></span> <span class='ocrx_word' id='word_1_60' title='bbox 615 948 734 997; x_wconf 77' lang='lat' dir='ltr'><strong>Eam</strong></span> <span class='ocrx_word' id='word_1_61' title='bbox 781 954 943 996; x_wconf 88' lang='lat' dir='ltr'><strong>autem</strong></span> <span class='ocrx_word' id='word_1_62' title='bbox 989 952 1349 1013; x_wconf 79' lang='lat' dir='ltr'><strong>expeditionem</strong></span> <span class='ocrx_word' id='word_1_63' title='bbox 1396 952 1464 999; x_wconf 87' lang='lat' dir='ltr'><strong>sic</strong></span> <span class='ocrx_word' id='word_1_64' title='bbox 1498 953 1783 1013; x_wconf 75' lang='lat' dir='ltr'><strong>immiscuit,</strong></span> <span class='ocrx_word' id='word_1_65' title='bbox 1830 960 2012 1003; x_wconf 90' lang='lat' dir='ltr'><strong>utnon</strong></span> 
     </span>
     <span class='ocr_line' id='line_1_10' title="bbox 351 1028 2013 1098; baseline 0.005 -23"><span class='ocrx_word' id='word_1_66' title='bbox 351 1028 490 1091; x_wconf 87' lang='lat' dir='ltr'><strong>quasi</strong></span> <span class='ocrx_word' id='word_1_67' title='bbox 523 1032 726 1077; x_wconf 86' lang='lat' dir='ltr'><strong>externa</strong></span> <span class='ocrx_word' id='word_1_68' title='bbox 759 1029 1077 1086; x_wconf 77' lang='lat' dir='ltr'><strong>adhaereret,</strong></span> <span class='ocrx_word' id='word_1_69' title='bbox 1127 1031 1214 1079; x_wconf 91' lang='lat' dir='ltr'><strong>sed</strong></span> <span class='ocrx_word' id='word_1_70' title='bbox 1257 1033 1450 1095; x_wconf 86' lang='lat' dir='ltr'><strong>penitus</strong></span> <span class='ocrx_word' id='word_1_71' title='bbox 1487 1050 1595 1081; x_wconf 91' lang='lat' dir='ltr'><strong>cum</strong></span> <span class='ocrx_word' id='word_1_72' title='bbox 1629 1035 1830 1098; x_wconf 87' lang='lat' dir='ltr'><strong>reliquis</strong></span> <span class='ocrx_word' id='word_1_73' title='bbox 1863 1035 2013 1083; x_wconf 88' lang='lat' dir='ltr'><strong>rebus</strong></span> 
     </span>
     <span class='ocr_line' id='line_1_11' title="bbox 349 1108 2012 1174; baseline 0.004 -18"><span class='ocrx_word' id='word_1_74' title='bbox 349 1108 676 1167; x_wconf 77' lang='lat' dir='ltr'><strong>coalesceret,</strong></span> <span class='ocrx_word' id='word_1_75' title='bbox 718 1124 877 1172; x_wconf 88' lang='lat' dir='ltr'><strong>neque</strong></span> <span class='ocrx_word' id='word_1_76' title='bbox 912 1108 1006 1157; x_wconf 90' lang='lat' dir='ltr'><strong>hae</strong></span> <span class='ocrx_word' id='word_1_77' title='bbox 1041 1109 1172 1157; x_wconf 88' lang='lat' dir='ltr'><strong>illam</strong></span> <span class='ocrx_word' id='word_1_78' title='bbox 1209 1112 1555 1160; x_wconf 83' lang='lat' dir='ltr'><strong>comitarentur</strong></span> <span class='ocrx_word' id='word_1_79' title='bbox 1588 1119 1806 1174; x_wconf 77' lang='lat' dir='ltr'><strong>tantum,</strong></span> <span class='ocrx_word' id='word_1_80' title='bbox 1839 1115 1928 1161; x_wconf 87' lang='lat' dir='ltr'><strong>sed</strong></span> <span class='ocrx_word' id='word_1_81' title='bbox 1962 1113 2012 1162; x_wconf 92' lang='lat' dir='ltr'><strong>in</strong></span> 
     </span>
     <span class='ocr_line' id='line_1_12' title="bbox 346 1186 2011 1243; baseline 0.004 -8"><span class='ocrx_word' id='word_1_82' title='bbox 346 1186 431 1235; x_wconf 86' lang='lat' dir='ltr'><strong>illa</strong></span> <span class='ocrx_word' id='word_1_83' title='bbox 478 1188 748 1236; x_wconf 85' lang='lat' dir='ltr'><strong>niterentur</strong></span> <span class='ocrx_word' id='word_1_84' title='bbox 791 1197 843 1236; x_wconf 86' lang='lat' dir='ltr'><strong>et</strong></span> <span class='ocrx_word' id='word_1_85' title='bbox 889 1189 1092 1237; x_wconf 86' lang='lat' dir='ltr'><strong>eandem</strong></span> <span class='ocrx_word' id='word_1_86' title='bbox 1144 1190 1347 1240; x_wconf 82' lang='lat' dir='ltr'><strong>invicem</strong></span> <span class='ocrx_word' id='word_1_87' title='bbox 1403 1189 1788 1243; x_wconf 81' lang='lat' dir='ltr'><strong>moderarentur.</strong></span> <span class='ocrx_word' id='word_1_88' title='bbox 1856 1193 2011 1242; x_wconf 83' lang='lat' dir='ltr'><strong>Unius</strong></span> 
     </span>
     <span class='ocr_line' id='line_1_13' title="bbox 346 1267 2011 1337; baseline 0.004 -23"><span class='ocrx_word' id='word_1_89' title='bbox 346 1267 497 1330; x_wconf 80' lang='lat' dir='ltr'><strong>igitur</strong></span> <span class='ocrx_word' id='word_1_90' title='bbox 528 1267 757 1315; x_wconf 83' lang='lat' dir='ltr'><strong>infantuli</strong></span> <span class='ocrx_word' id='word_1_91' title='bbox 802 1284 895 1316; x_wconf 83' lang='lat' dir='ltr'><strong>nex</strong></span> <span class='ocrx_word' id='word_1_92' title='bbox 931 1285 1043 1316; x_wconf 92' lang='lat' dir='ltr'><strong>cum</strong></span> <span class='ocrx_word' id='word_1_93' title='bbox 1090 1277 1281 1332; x_wconf 86' lang='lat' dir='ltr'><strong>septem</strong></span> <span class='ocrx_word' id='word_1_94' title='bbox 1316 1272 1495 1320; x_wconf 89' lang='lat' dir='ltr'><strong>ducum</strong></span> <span class='ocrx_word' id='word_1_95' title='bbox 1530 1271 1892 1337; x_wconf 86' lang='lat' dir='ltr'><strong>multarumque</strong></span> <span class='ocrx_word' id='word_1_96' title='bbox 1928 1288 2011 1321; x_wconf 90' lang='lat' dir='ltr'><strong>co-</strong></span> 
     </span>
     <span class='ocr_line' id='line_1_14' title="bbox 345 1346 2012 1415; baseline 0.004 -20"><span class='ocrx_word' id='word_1_97' title='bbox 345 1346 558 1396; x_wconf 87' lang='lat' dir='ltr'><strong>hortium</strong></span> <span class='ocrx_word' id='word_1_98' title='bbox 606 1346 806 1395; x_wconf 87' lang='lat' dir='ltr'><strong>interitu</strong></span> <span class='ocrx_word' id='word_1_99' title='bbox 853 1349 1023 1396; x_wconf 84' lang='lat' dir='ltr'><strong>eadem</strong></span> <span class='ocrx_word' id='word_1_100' title='bbox 1073 1349 1209 1410; x_wconf 88' lang='lat' dir='ltr'><strong>quasi</strong></span> <span class='ocrx_word' id='word_1_101' title='bbox 1255 1350 1418 1397; x_wconf 87' lang='lat' dir='ltr'><strong>tabula</strong></span> <span class='ocrx_word' id='word_1_102' title='bbox 1463 1351 1534 1398; x_wconf 87' lang='lat' dir='ltr'><strong>sic</strong></span> <span class='ocrx_word' id='word_1_103' title='bbox 1569 1351 1764 1415; x_wconf 87' lang='lat' dir='ltr'><strong>depicta</strong></span> <span class='ocrx_word' id='word_1_104' title='bbox 1798 1353 1921 1414; x_wconf 85' lang='lat' dir='ltr'><strong>fuit,</strong></span> <span class='ocrx_word' id='word_1_105' title='bbox 1955 1357 2012 1403; x_wconf 90' lang='lat' dir='ltr'><strong>ut</strong></span> 
     </span>
     <span class='ocr_line' id='line_1_15' title="bbox 343 1426 1830 1494; baseline 0.004 -18"><span class='ocrx_word' id='word_1_106' title='bbox 343 1426 428 1476; x_wconf 77' lang='lat' dir='ltr'><strong>illa</strong></span> <span class='ocrx_word' id='word_1_107' title='bbox 463 1442 645 1486; x_wconf 88' lang='lat' dir='ltr'><strong>coram,</strong></span> <span class='ocrx_word' id='word_1_108' title='bbox 678 1426 760 1475; x_wconf 90' lang='lat' dir='ltr'><strong>hic</strong></span> <span class='ocrx_word' id='word_1_109' title='bbox 794 1427 963 1491; x_wconf 87' lang='lat' dir='ltr'><strong>procul</strong></span> <span class='ocrx_word' id='word_1_110' title='bbox 999 1432 1050 1476; x_wconf 90' lang='lat' dir='ltr'><strong>et</strong></span> <span class='ocrx_word' id='word_1_111' title='bbox 1083 1444 1113 1477; x_wconf 93' lang='lat' dir='ltr'><strong>e</strong></span> <span class='ocrx_word' id='word_1_112' title='bbox 1146 1428 1408 1492; x_wconf 85' lang='lat' dir='ltr'><strong>longinquo</strong></span> <span class='ocrx_word' id='word_1_113' title='bbox 1443 1430 1830 1494; x_wconf 85' lang='lat' dir='ltr'><strong>conspiceretur.</strong></span> 
     </span>
    </p>
   </div>
   <div class='ocr_carea' id='block_1_3' title="bbox 1010 1623 1341 1630">
    <p class='ocr_par' dir='ltr' id='par_1_3' title="bbox 1010 1623 1341 1630">
     <span class='ocr_line' id='line_1_16' title="bbox 1010 1623 1341 1630; baseline 0.006 -2"><span class='ocrx_word' id='word_1_114' title='bbox 1010 1623 1341 1630; x_wconf 49' lang='grc' dir='ltr'><em>Ἦ</em></span> 
     </span>
    </p>
   </div>
   <div class='ocr_carea' id='block_1_4' title="bbox 737 1841 1613 1899">
    <p class='ocr_par' dir='ltr' id='par_1_4' title="bbox 737 1841 1613 1899">
     <span class='ocr_line' id='line_1_17' title="bbox 737 1841 1613 1899; baseline -0.002 -1"><span class='ocrx_word' id='word_1_115' title='bbox 737 1841 800 1898; x_wconf 88' lang='lat' dir='ltr'><strong>C.</strong></span> <span class='ocrx_word' id='word_1_116' title='bbox 884 1844 1613 1899; x_wconf 83' lang='lat' dir='ltr'><strong>Phoenissae.</strong></span> 
     </span>
    </p>
   </div>
   <div class='ocr_carea' id='block_1_5' title="bbox 337 2001 2008 3503">
    <p class='ocr_par' dir='ltr' id='par_1_5' title="bbox 337 2001 2008 3503">
     <span class='ocr_line' id='line_1_18' title="bbox 475 2001 2008 2067; baseline 0 -16"><span class='ocrx_word' id='word_1_117' title='bbox 475 2001 769 2052; x_wconf 87' lang='lat' dir='ltr'><strong>Accedimus</strong></span> <span class='ocrx_word' id='word_1_118' title='bbox 802 2003 862 2051; x_wconf 89' lang='lat' dir='ltr'><strong>ad</strong></span> <span class='ocrx_word' id='word_1_119' title='bbox 899 2018 1022 2067; x_wconf 90' lang='lat' dir='ltr'><strong>opus</strong></span> <span class='ocrx_word' id='word_1_120' title='bbox 1057 2001 1444 2061; x_wconf 76' lang='lat' dir='ltr'><strong>nobilissimum,</strong></span> <span class='ocrx_word' id='word_1_121' title='bbox 1496 2005 1597 2050; x_wconf 90' lang='lat' dir='ltr'><strong>tum</strong></span> <span class='ocrx_word' id='word_1_122' title='bbox 1646 2001 1822 2067; x_wconf 88' lang='lat' dir='ltr'><strong>plausu</strong></span> <span class='ocrx_word' id='word_1_123' title='bbox 1867 2001 2008 2052; x_wconf 88' lang='lat' dir='ltr'><strong>thea-</strong></span> 
     </span>
     <span class='ocr_line' id='line_1_19' title="bbox 342 2082 2006 2146; baseline 0.001 -15"><span class='ocrx_word' id='word_1_124' title='bbox 342 2088 545 2139; x_wconf 78' lang='lat' dir='ltr'><strong>trorum,</strong></span> <span class='ocrx_word' id='word_1_125' title='bbox 581 2090 681 2131; x_wconf 86' lang='lat' dir='ltr'><strong>tum</strong></span> <span class='ocrx_word' id='word_1_126' title='bbox 716 2098 920 2132; x_wconf 82' lang='lat' dir='ltr'><strong>assensu</strong></span> <span class='ocrx_word' id='word_1_127' title='bbox 954 2083 1253 2130; x_wconf 87' lang='lat' dir='ltr'><strong>eruditorum</strong></span> <span class='ocrx_word' id='word_1_128' title='bbox 1288 2083 1627 2146; x_wconf 85' lang='lat' dir='ltr'><strong>approbatum,</strong></span> <span class='ocrx_word' id='word_1_129' title='bbox 1663 2082 1713 2129; x_wconf 93' lang='lat' dir='ltr'><strong>id</strong></span> <span class='ocrx_word' id='word_1_130' title='bbox 1740 2082 1868 2144; x_wconf 88' lang='lat' dir='ltr'><strong>quod</strong></span> <span class='ocrx_word' id='word_1_131' title='bbox 1896 2098 2006 2132; x_wconf 89' lang='lat' dir='ltr'><strong>cum</strong></span> 
     </span>
     <span class='ocr_line' id='line_1_20' title="bbox 342 2161 2007 2227; baseline 0.001 -17"><span class='ocrx_word' id='word_1_132' title='bbox 342 2163 422 2211; x_wconf 87' lang='lat' dir='ltr'><strong>alii</strong></span> <span class='ocrx_word' id='word_1_133' title='bbox 446 2166 602 2210; x_wconf 83' lang='lat' dir='ltr'><strong>testes</strong></span> <span class='ocrx_word' id='word_1_134' title='bbox 639 2168 739 2210; x_wconf 91' lang='lat' dir='ltr'><strong>tum</strong></span> <span class='ocrx_word' id='word_1_135' title='bbox 763 2164 821 2223; x_wconf 82' lang='lat' dir='ltr'><strong>is,</strong></span> <span class='ocrx_word' id='word_1_136' title='bbox 846 2163 926 2226; x_wconf 92' lang='lat' dir='ltr'><strong>qui</strong></span> <span class='ocrx_word' id='word_1_137' title='bbox 957 2168 1097 2211; x_wconf 87' lang='lat' dir='ltr'><strong>vetus</strong></span> <span class='ocrx_word' id='word_1_138' title='bbox 1120 2169 1460 2227; x_wconf 79' lang='lat' dir='ltr'><strong>argumentum</strong></span> <span class='ocrx_word' id='word_1_139' title='bbox 1489 2162 1705 2226; x_wconf 80' lang='lat' dir='ltr'><strong>scripsit,</strong></span> <span class='ocrx_word' id='word_1_140' title='bbox 1729 2161 2007 2212; x_wconf 73' lang='lat' dir='ltr'><strong>declarantt</strong></span> 
     </span>
     <span class='ocr_line' id='line_1_21' title="bbox 342 2236 2006 2303; baseline -0.001 -12"><span class='ocrx_word' id='word_1_141' title='bbox 342 2239 449 2292; x_wconf 80' lang='grc' dir='ltr'><strong><em>ἔστι</em></strong></span> <span class='ocrx_word' id='word_1_142' title='bbox 482 2236 632 2290; x_wconf 81' lang='grc' dir='ltr'><strong>δὲτὸ</strong></span> <span class='ocrx_word' id='word_1_143' title='bbox 665 2239 838 2302; x_wconf 88' lang='grc' dir='ltr'><strong><em>παρὸν</em></strong></span> <span class='ocrx_word' id='word_1_144' title='bbox 873 2239 1048 2302; x_wconf 72' lang='grc' dir='ltr'><strong><em>δρᾶμα</em></strong></span> <span class='ocrx_word' id='word_1_145' title='bbox 1080 2241 1212 2290; x_wconf 82' lang='grc' dir='ltr'><strong>τῶν</strong></span> <span class='ocrx_word' id='word_1_146' title='bbox 1256 2241 1429 2301; x_wconf 82' lang='grc' dir='ltr'><strong>ἄγαν</strong></span> <span class='ocrx_word' id='word_1_147' title='bbox 1463 2237 1859 2303; x_wconf 81' lang='grc' dir='ltr'><strong><em>ἐξαιρέτων,</em></strong></span> <span class='ocrx_word' id='word_1_148' title='bbox 1896 2240 2006 2290; x_wconf 79' lang='grc' dir='ltr'><strong><em>δια-</em></strong></span> 
     </span>
     <span class='ocr_line' id='line_1_22' title="bbox 342 2317 2007 2386; baseline -0.001 -14"><span class='ocrx_word' id='word_1_149' title='bbox 342 2319 514 2380; x_wconf 82' lang='grc' dir='ltr'><strong><em>νοίαις</em></strong></span> <span class='ocrx_word' id='word_1_150' title='bbox 545 2317 634 2370; x_wconf 86' lang='grc' dir='ltr'><strong>καὶ</strong></span> <span class='ocrx_word' id='word_1_151' title='bbox 664 2319 894 2386; x_wconf 78' lang='grc' dir='ltr'><strong><em>γνώμαις</em></strong></span> <span class='ocrx_word' id='word_1_152' title='bbox 926 2318 1016 2370; x_wconf 81' lang='grc' dir='ltr'><strong>καὶ</strong></span> <span class='ocrx_word' id='word_1_153' title='bbox 1046 2321 1227 2378; x_wconf 79' lang='grc' dir='ltr'><strong><em>καλαῖς</em></strong></span> <span class='ocrx_word' id='word_1_154' title='bbox 1260 2317 1348 2368; x_wconf 83' lang='grc' dir='ltr'><strong>καὶ</strong></span> <span class='ocrx_word' id='word_1_155' title='bbox 1380 2317 1639 2378; x_wconf 82' lang='grc' dir='ltr'><strong><em>ποικίλαις</em></strong></span> <span class='ocrx_word' id='word_1_156' title='bbox 1673 2317 1886 2370; x_wconf 77' lang='grc' dir='ltr'><em>ἀνθοῦν</em></span> <span class='ocrx_word' id='word_1_157' title='bbox 1917 2318 2007 2371; x_wconf 81' lang='grc' dir='ltr'><strong>καὶ</strong></span> 
     </span>
     <span class='ocr_line' id='line_1_23' title="bbox 342 2396 2005 2467; baseline 0 -16"><span class='ocrx_word' id='word_1_158' title='bbox 342 2400 808 2467; x_wconf 77' lang='grc' dir='ltr'><strong><em>μεταχειρίσει</em></strong></span> <span class='ocrx_word' id='word_1_159' title='bbox 842 2399 1107 2467; x_wconf 76' lang='grc' dir='ltr'><strong><em>ἀρίστῃ,</em></strong></span> <span class='ocrx_word' id='word_1_160' title='bbox 1154 2396 1243 2451; x_wconf 85' lang='grc' dir='ltr'><strong>καὶ</strong></span> <span class='ocrx_word' id='word_1_161' title='bbox 1288 2396 1400 2449; x_wconf 79' lang='grc' dir='ltr'><strong>διὰ</strong></span> <span class='ocrx_word' id='word_1_162' title='bbox 1443 2399 1712 2450; x_wconf 80' lang='grc' dir='ltr'><em>πάντων</em></span> <span class='ocrx_word' id='word_1_163' title='bbox 1753 2399 2005 2464; x_wconf 72' lang='grc' dir='ltr'><em>ἀκμάζον,</em></span> 
     </span>
     <span class='ocr_line' id='line_1_24' title="bbox 341 2477 2004 2548; baseline -0.001 -15"><span class='ocrx_word' id='word_1_164' title='bbox 341 2481 386 2533; x_wconf 83' lang='grc' dir='ltr'><strong>εἰ</strong></span> <span class='ocrx_word' id='word_1_165' title='bbox 418 2479 506 2532; x_wconf 85' lang='grc' dir='ltr'><strong>καὶ</strong></span> <span class='ocrx_word' id='word_1_166' title='bbox 538 2480 805 2532; x_wconf 77' lang='grc' dir='ltr'><strong>ἀπίθανον</strong></span> <span class='ocrx_word' id='word_1_167' title='bbox 838 2477 938 2548; x_wconf 76' lang='grc' dir='ltr'><strong><em>ἔχει</em></strong></span> <span class='ocrx_word' id='word_1_168' title='bbox 969 2479 1066 2547; x_wconf 82' lang='grc' dir='ltr'><strong>τὴν</strong></span> <span class='ocrx_word' id='word_1_169' title='bbox 1100 2478 1172 2540; x_wconf 82' lang='grc' dir='ltr'><strong>εἰς</strong></span> <span class='ocrx_word' id='word_1_170' title='bbox 1198 2479 1376 2546; x_wconf 78' lang='grc' dir='ltr'><strong><em>Θήβας</em></strong></span> <span class='ocrx_word' id='word_1_171' title='bbox 1402 2479 1763 2541; x_wconf 82' lang='grc' dir='ltr'><em>Πολυνείκους</em></span> <span class='ocrx_word' id='word_1_172' title='bbox 1786 2481 2004 2541; x_wconf 82' lang='grc' dir='ltr'><strong><em>ε’ίςοδον.</em></strong></span> 
     </span>
     <span class='ocr_line' id='line_1_25' title="bbox 339 2553 2005 2624; baseline -0.001 -12"><span class='ocrx_word' id='word_1_173' title='bbox 339 2563 526 2613; x_wconf 81' lang='lat' dir='ltr'><strong>Harum</strong></span> <span class='ocrx_word' id='word_1_174' title='bbox 563 2562 759 2610; x_wconf 89' lang='lat' dir='ltr'><strong>laudum</strong></span> <span class='ocrx_word' id='word_1_175' title='bbox 794 2553 1034 2612; x_wconf 86' lang='lat' dir='ltr'><strong>contraria</strong></span> <span class='ocrx_word' id='word_1_176' title='bbox 1066 2563 1178 2610; x_wconf 84' lang='lat' dir='ltr'><strong>vitia</strong></span> <span class='ocrx_word' id='word_1_177' title='bbox 1213 2578 1322 2610; x_wconf 90' lang='lat' dir='ltr'><strong>cum</strong></span> <span class='ocrx_word' id='word_1_178' title='bbox 1345 2561 1653 2624; x_wconf 82' lang='lat' dir='ltr'><strong>deprendere</strong></span> <span class='ocrx_word' id='word_1_179' title='bbox 1681 2562 2005 2611; x_wconf 80' lang='lat' dir='ltr'><strong>recentissimi</strong></span> 
     </span>
     <span class='ocr_line' id='line_1_26' title="bbox 341 2640 2003 2708; baseline -0.001 -16"><span class='ocrx_word' id='word_1_180' title='bbox 341 2644 537 2708; x_wconf 84' lang='lat' dir='ltr'><strong>quidam</strong></span> <span class='ocrx_word' id='word_1_181' title='bbox 585 2644 678 2691; x_wconf 89' lang='lat' dir='ltr'><strong>sibi</strong></span> <span class='ocrx_word' id='word_1_182' title='bbox 723 2642 1059 2691; x_wconf 83' lang='lat' dir='ltr'><strong>aestimatores</strong></span> <span class='ocrx_word' id='word_1_183' title='bbox 1103 2643 1194 2690; x_wconf 86' lang='lat' dir='ltr'><strong>visi</strong></span> <span class='ocrx_word' id='word_1_184' title='bbox 1230 2641 1356 2702; x_wconf 88' lang='lat' dir='ltr'><strong>siut,</strong></span> <span class='ocrx_word' id='word_1_185' title='bbox 1406 2640 1553 2689; x_wconf 89' lang='lat' dir='ltr'><strong>facile</strong></span> <span class='ocrx_word' id='word_1_186' title='bbox 1588 2641 1872 2705; x_wconf 80' lang='lat' dir='ltr'><strong>intelligitur</strong></span> <span class='ocrx_word' id='word_1_187' title='bbox 1917 2657 2003 2706; x_wconf 86' lang='lat' dir='ltr'><strong>eos</strong></span> 
     </span>
     <span class='ocr_line' id='line_1_27' title="bbox 341 2720 2002 2786; baseline -0.002 -14"><span class='ocrx_word' id='word_1_188' title='bbox 341 2739 539 2772; x_wconf 87' lang='lat' dir='ltr'><strong>suarum</strong></span> <span class='ocrx_word' id='word_1_189' title='bbox 573 2722 851 2785; x_wconf 88' lang='lat' dir='ltr'><strong>opinionum</strong></span> <span class='ocrx_word' id='word_1_190' title='bbox 886 2722 1133 2770; x_wconf 88' lang='lat' dir='ltr'><strong>erroribus</strong></span> <span class='ocrx_word' id='word_1_191' title='bbox 1168 2720 1479 2786; x_wconf 89' lang='lat' dir='ltr'><strong>praepeditos</strong></span> <span class='ocrx_word' id='word_1_192' title='bbox 1516 2721 1673 2769; x_wconf 83' lang='lat' dir='ltr'><strong>fuisse</strong></span> <span class='ocrx_word' id='word_1_193' title='bbox 1707 2726 1758 2769; x_wconf 87' lang='lat' dir='ltr'><strong>et</strong></span> <span class='ocrx_word' id='word_1_194' title='bbox 1781 2738 1808 2768; x_wconf 87' lang='lat' dir='ltr'><strong>a</strong></span> <span class='ocrx_word' id='word_1_195' title='bbox 1835 2726 2002 2770; x_wconf 90' lang='lat' dir='ltr'><strong>mente</strong></span> 
     </span>
     <span class='ocr_line' id='line_1_28' title="bbox 338 2799 2001 2868; baseline -0.002 -17"><span class='ocrx_word' id='word_1_196' title='bbox 338 2808 517 2868; x_wconf 86' lang='lat' dir='ltr'><strong>poetae</strong></span> <span class='ocrx_word' id='word_1_197' title='bbox 566 2803 835 2851; x_wconf 84' lang='lat' dir='ltr'><strong>aberrasse.</strong></span> <span class='ocrx_word' id='word_1_198' title='bbox 904 2800 1124 2862; x_wconf 78' lang='lat' dir='ltr'><strong>Quorum</strong></span> <span class='ocrx_word' id='word_1_199' title='bbox 1172 2816 1389 2849; x_wconf 88' lang='lat' dir='ltr'><strong>errorum</strong></span> <span class='ocrx_word' id='word_1_200' title='bbox 1441 2817 1565 2849; x_wconf 88' lang='lat' dir='ltr'><strong>unus</strong></span> <span class='ocrx_word' id='word_1_201' title='bbox 1612 2800 1706 2848; x_wconf 88' lang='lat' dir='ltr'><strong>fuit</strong></span> <span class='ocrx_word' id='word_1_202' title='bbox 1747 2799 1821 2857; x_wconf 90' lang='lat' dir='ltr'><strong>is,</strong></span> <span class='ocrx_word' id='word_1_203' title='bbox 1870 2800 2001 2864; x_wconf 87' lang='lat' dir='ltr'><strong>quod</strong></span> 
     </span>
     <span class='ocr_line' id='line_1_29' title="bbox 341 2879 2002 2944; baseline -0.002 -14"><span class='ocrx_word' id='word_1_204' title='bbox 341 2882 494 2930; x_wconf 85' lang='lat' dir='ltr'><strong>solam</strong></span> <span class='ocrx_word' id='word_1_205' title='bbox 548 2881 753 2930; x_wconf 84' lang='lat' dir='ltr'><strong>fratrum</strong></span> <span class='ocrx_word' id='word_1_206' title='bbox 801 2881 1095 2929; x_wconf 87' lang='lat' dir='ltr'><strong>discordiam</strong></span> <span class='ocrx_word' id='word_1_207' title='bbox 1147 2886 1293 2944; x_wconf 88' lang='lat' dir='ltr'><strong>atque</strong></span> <span class='ocrx_word' id='word_1_208' title='bbox 1342 2887 1587 2929; x_wconf 89' lang='lat' dir='ltr'><strong>certamen</strong></span> <span class='ocrx_word' id='word_1_209' title='bbox 1636 2880 1732 2926; x_wconf 89' lang='lat' dir='ltr'><strong>hoc</strong></span> <span class='ocrx_word' id='word_1_210' title='bbox 1781 2879 2002 2927; x_wconf 85' lang='lat' dir='ltr'><strong>dramate</strong></span> 
     </span>
     <span class='ocr_line' id='line_1_30' title="bbox 340 2958 2002 3026; baseline -0.001 -17"><span class='ocrx_word' id='word_1_211' title='bbox 340 2961 534 3010; x_wconf 87' lang='lat' dir='ltr'><strong>ostendi</strong></span> <span class='ocrx_word' id='word_1_212' title='bbox 570 2966 814 3026; x_wconf 88' lang='lat' dir='ltr'><strong>putarunt.</strong></span> <span class='ocrx_word' id='word_1_213' title='bbox 882 2961 1056 3009; x_wconf 86' lang='lat' dir='ltr'><strong>Latius</strong></span> <span class='ocrx_word' id='word_1_214' title='bbox 1091 2961 1192 3007; x_wconf 88' lang='lat' dir='ltr'><strong>eius</strong></span> <span class='ocrx_word' id='word_1_215' title='bbox 1228 2966 1569 3024; x_wconf 82' lang='lat' dir='ltr'><strong>argumentum</strong></span> <span class='ocrx_word' id='word_1_216' title='bbox 1606 2963 1760 3023; x_wconf 88' lang='lat' dir='ltr'><strong>patet,</strong></span> <span class='ocrx_word' id='word_1_217' title='bbox 1792 2958 1841 3004; x_wconf 88' lang='lat' dir='ltr'><strong>id</strong></span> <span class='ocrx_word' id='word_1_218' title='bbox 1870 2959 2002 3022; x_wconf 87' lang='lat' dir='ltr'><strong>qnod</strong></span> 
     </span>
     <span class='ocr_line' id='line_1_31' title="bbox 338 3035 1998 3103; baseline -0.001 -15"><span class='ocrx_word' id='word_1_219' title='bbox 338 3040 583 3088; x_wconf 69' lang='lat' dir='ltr'><strong>intellexit</strong></span> <span class='ocrx_word' id='word_1_220' title='bbox 616 3040 838 3103; x_wconf 85' lang='lat' dir='ltr'><strong>Apollon.</strong></span> <span class='ocrx_word' id='word_1_221' title='bbox 872 3042 1011 3088; x_wconf 85' lang='lat' dir='ltr'><strong>Alex.</strong></span> <span class='ocrx_word' id='word_1_222' title='bbox 1049 3040 1110 3088; x_wconf 90' lang='lat' dir='ltr'><strong>de</strong></span> <span class='ocrx_word' id='word_1_223' title='bbox 1144 3048 1268 3102; x_wconf 82' lang='lat' dir='ltr'><strong>synt.</strong></span> <span class='ocrx_word' id='word_1_224' title='bbox 1299 3040 1335 3101; x_wconf 92' lang='lat' dir='ltr'><strong>l,</strong></span> <span class='ocrx_word' id='word_1_225' title='bbox 1372 3043 1448 3086; x_wconf 85' lang='lat'><strong>36.</strong></span> <span class='ocrx_word' id='word_1_226' title='bbox 1489 3056 1537 3102; x_wconf 88' lang='lat' dir='ltr'><strong>p.</strong></span> <span class='ocrx_word' id='word_1_227' title='bbox 1573 3040 1661 3085; x_wconf 79' lang='lat'><strong>62:</strong></span> <span class='ocrx_word' id='word_1_228' title='bbox 1698 3035 1754 3085; x_wconf 82' lang='grc' dir='ltr'><strong>αἱ</strong></span> <span class='ocrx_word' id='word_1_229' title='bbox 1787 3036 1998 3087; x_wconf 84' lang='grc' dir='ltr'><strong><em>Φοίνισ-</em></strong></span> 
     </span>
     <span class='ocr_line' id='line_1_32' title="bbox 339 3115 1998 3185; baseline -0.003 -16"><span class='ocrx_word' id='word_1_230' title='bbox 339 3128 427 3169; x_wconf 80' lang='grc' dir='ltr'><strong>σαι</strong></span> <span class='ocrx_word' id='word_1_231' title='bbox 459 3118 760 3182; x_wconf 80' lang='grc' dir='ltr'><strong><em>Εὐριπίδου</em></strong></span> <span class='ocrx_word' id='word_1_232' title='bbox 804 3117 1099 3185; x_wconf 81' lang='grc' dir='ltr'><strong><em>περιέχουσι</em></strong></span> <span class='ocrx_word' id='word_1_233' title='bbox 1140 3117 1234 3168; x_wconf 88' lang='grc' dir='ltr'><strong>τὸν</strong></span> <span class='ocrx_word' id='word_1_234' title='bbox 1273 3116 1542 3183; x_wconf 85' lang='grc' dir='ltr'><strong>Θηβαϊκὸν</strong></span> <span class='ocrx_word' id='word_1_235' title='bbox 1574 3116 1825 3180; x_wconf 77' lang='grc' dir='ltr'><em>πόλεμον.</em></span> <span class='ocrx_word' id='word_1_236' title='bbox 1903 3115 1998 3166; x_wconf 88' lang='lat' dir='ltr'><strong>Ve-</strong></span> 
     </span>
     <span class='ocr_line' id='line_1_33' title="bbox 337 3196 1996 3265; baseline -0.002 -17"><span class='ocrx_word' id='word_1_237' title='bbox 337 3201 467 3250; x_wconf 89' lang='lat' dir='ltr'><strong>riora</strong></span> <span class='ocrx_word' id='word_1_238' title='bbox 501 3216 786 3265; x_wconf 78' lang='lat' dir='ltr'><strong>cognosces,</strong></span> <span class='ocrx_word' id='word_1_239' title='bbox 821 3202 863 3249; x_wconf 89' lang='lat' dir='ltr'><strong>si</strong></span> <span class='ocrx_word' id='word_1_240' title='bbox 898 3203 1114 3265; x_wconf 86' lang='lat' dir='ltr'><strong>priorum</strong></span> <span class='ocrx_word' id='word_1_241' title='bbox 1149 3200 1294 3247; x_wconf 89' lang='lat' dir='ltr'><strong>huius</strong></span> <span class='ocrx_word' id='word_1_242' title='bbox 1331 3199 1616 3262; x_wconf 87' lang='lat' dir='ltr'><strong>tetralogiae</strong></span> <span class='ocrx_word' id='word_1_243' title='bbox 1641 3196 1996 3258; x_wconf 85' lang='lat' dir='ltr'><strong>tragoediarum</strong></span> 
     </span>
     <span class='ocr_line' id='line_1_34' title="bbox 337 3275 1994 3344; baseline -0.003 -15"><span class='ocrx_word' id='word_1_244' title='bbox 337 3286 622 3343; x_wconf 81' lang='lat' dir='ltr'><strong>argumenta</strong></span> <span class='ocrx_word' id='word_1_245' title='bbox 676 3281 870 3329; x_wconf 89' lang='lat' dir='ltr'><strong>intuens</strong></span> <span class='ocrx_word' id='word_1_246' title='bbox 928 3296 1051 3344; x_wconf 81' lang='lat' dir='ltr'><strong>quae</strong></span> <span class='ocrx_word' id='word_1_247' title='bbox 1098 3280 1371 3327; x_wconf 86' lang='lat' dir='ltr'><strong>intercedat</strong></span> <span class='ocrx_word' id='word_1_248' title='bbox 1416 3277 1682 3325; x_wconf 87' lang='lat' dir='ltr'><strong>similitudo</strong></span> <span class='ocrx_word' id='word_1_249' title='bbox 1728 3275 1994 3340; x_wconf 87' lang='lat' dir='ltr'><strong>reputabis.</strong></span> 
     </span>
     <span class='ocr_line' id='line_1_35' title="bbox 340 3356 1996 3424; baseline -0.003 -17"><span class='ocrx_word' id='word_1_250' title='bbox 340 3358 463 3407; x_wconf 83' lang='lat' dir='ltr'><strong>Nam</strong></span> <span class='ocrx_word' id='word_1_251' title='bbox 507 3363 674 3424; x_wconf 86' lang='lat' dir='ltr'><strong>partes</strong></span> <span class='ocrx_word' id='word_1_252' title='bbox 721 3360 1095 3409; x_wconf 87' lang='lat' dir='ltr'><strong>didascaliarum</strong></span> <span class='ocrx_word' id='word_1_253' title='bbox 1143 3359 1236 3406; x_wconf 86' lang='lat' dir='ltr'><strong>etsi</strong></span> <span class='ocrx_word' id='word_1_254' title='bbox 1281 3358 1493 3423; x_wconf 84' lang='lat' dir='ltr'><strong>singulas</strong></span> <span class='ocrx_word' id='word_1_255' title='bbox 1540 3364 1741 3404; x_wconf 86' lang='lat' dir='ltr'><strong>necesse</strong></span> <span class='ocrx_word' id='word_1_256' title='bbox 1784 3356 1851 3403; x_wconf 89' lang='lat' dir='ltr'><strong>sit</strong></span> <span class='ocrx_word' id='word_1_257' title='bbox 1878 3369 1996 3402; x_wconf 86' lang='lat' dir='ltr'><strong>con-</strong></span> 
     </span>
     <span class='ocr_line' id='line_1_36' title="bbox 341 3436 1995 3503; baseline -0.003 -16"><span class='ocrx_word' id='word_1_258' title='bbox 341 3445 606 3488; x_wconf 85' lang='lat' dir='ltr'><strong>summatas</strong></span> <span class='ocrx_word' id='word_1_259' title='bbox 641 3455 754 3489; x_wconf 89' lang='lat' dir='ltr'><strong>esse</strong></span> <span class='ocrx_word' id='word_1_260' title='bbox 786 3455 945 3503; x_wconf 87' lang='lat' dir='ltr'><strong>neque</strong></span> <span class='ocrx_word' id='word_1_261' title='bbox 977 3438 1252 3503; x_wconf 83' lang='lat' dir='ltr'><strong>quicquam,</strong></span> <span class='ocrx_word' id='word_1_262' title='bbox 1287 3436 1418 3501; x_wconf 88' lang='lat' dir='ltr'><strong>quod</strong></span> <span class='ocrx_word' id='word_1_263' title='bbox 1451 3436 1756 3486; x_wconf 82' lang='lat' dir='ltr'><strong>extrinsecus</strong></span> <span class='ocrx_word' id='word_1_264' title='bbox 1783 3438 1995 3498; x_wconf 84' lang='lat' dir='ltr'><strong>petatur,</strong></span> 
     </span>
    </p>
   </div>
  </div>
 </body>
</html>
