2170 3848
959 236 1078 293 121

179 403 304 447 rem,
330 384 595 436 interfecto
609 400 701 449 per
717 381 1068 434 Machaereum
1082 386 1298 446 raptore,
1324 381 1528 431 Orestes
1544 380 1679 430 illam
1699 394 1846 429 recu-

178 467 386 533 perabat
397 462 494 530 **).
561 464 673 513 Hoc
715 465 863 530 igitur
906 466 1249 529 argumentum
1293 477 1320 509 a
1363 461 1610 525 Sophocle
1652 464 1843 509 mutua-

179 552 260 596 tus
306 545 568 610 Euripides
616 544 829 593 admixta
875 543 1141 591 mulierum
1173 556 1231 589 ac
1264 540 1480 590 Menelai
1530 540 1843 590 contentione

179 626 397 675 fabulam
430 624 761 690 amplificavit.
827 622 1083 671 Praeierat
1115 619 1479 683 quodammodo
1511 620 1562 668 in
1595 620 1690 668 hac
1723 635 1845 683 quo-

181 721 280 770 que
311 711 454 770 parte
488 704 790 768 Sophocles:
836 701 1052 750 sterilem
1099 699 1232 748 enim
1265 699 1584 748 Hermionam
1616 697 1857 758 finxerat,

181 784 578 835 Andromacham
613 786 779 831 contra
812 780 963 830 trium
998 778 1261 828 liberorum
1284 779 1601 844 possessione
1636 778 1847 829 felicem.

181 863 372 914 Primas
406 870 571 929 partes
615 877 762 925 quum
797 860 1097 909 Hermionae
1144 858 1427 919 tribuisset,
1475 874 1573 907 non
1605 859 1763 925 magis
1797 861 1849 911 in

181 943 327 992 huius
374 957 586 1007 persona
633 941 880 989 cardinem
915 956 1086 989 rerum
1117 938 1345 1004 posuisse
1379 943 1573 1003 potest,
1618 956 1761 1004 quam
1797 940 1848 990 in

180 1022 554 1071 Andromachae
604 1036 817 1085 persona
863 1020 1071 1068 vertitur
1113 1019 1243 1083 apud
1278 1018 1598 1083 Euripidem,
1651 1020 1740 1068 sed
1786 1021 1850 1070 ad

179 1100 341 1149 fatum
373 1100 658 1149 Pelidarum
690 1117 786 1150 non
819 1101 978 1149 minus
1012 1098 1151 1147 illum
1186 1115 1330 1162 quam
1365 1099 1495 1148 hunc
1521 1100 1682 1148 omnia
1716 1107 1849 1150 retu-

179 1179 298 1229 lisse
331 1197 538 1230 necesse
571 1186 665 1230 est.
731 1180 1077 1244 copiosiorum
1111 1183 1506 1243 argumentorum
1538 1179 1850 1244 multiplicis-

181 1275 278 1322 que
311 1259 661 1324 implicationis
696 1277 864 1309 amans
901 1258 1164 1323 Euripides
1200 1273 1296 1306 non
1348 1275 1410 1307 ex
1444 1274 1540 1307 uno
1573 1258 1714 1308 fonte
1748 1262 1850 1309 du-

180 1339 252 1388 xit
285 1344 531 1401 eventum,
567 1342 657 1390 sed
691 1340 860 1405 plures
895 1353 1092 1388 caussas
1125 1337 1186 1387 ad
1224 1338 1431 1387 eandem
1452 1354 1620 1388 rernm
1645 1356 1850 1391 conver-

182 1418 372 1468 sionem
415 1418 536 1468 fecit
584 1421 936 1485 conspirantes
1004 1419 1113 1481 Qua
1159 1418 1209 1467 in
1256 1435 1312 1467 re
1362 1417 1556 1468 facilius
1597 1420 1851 1472 tardorum

181 1498 429 1548 hominum
463 1500 898 1564 reprehensionem
932 1497 1170 1558 vitasset,
1220 1499 1263 1546 si
1313 1499 1479 1547 statim
1526 1499 1575 1547 in
1608 1501 1852 1567 principio

181 1577 416 1628 dramatis
450 1579 683 1629 Orestem
729 1580 1006 1645 producere
1051 1584 1199 1642 atque
1234 1594 1294 1628 eo
1327 1594 1495 1638 more,
1544 1595 1642 1643 quo
1692 1582 1854 1632 solent

182 1659 339 1706 nostri
370 1666 568 1724 poetae,
601 1676 770 1710 rerum
803 1664 1053 1708 momenta
1085 1658 1401 1722 actionesque
1431 1659 1684 1709 miscendo
1711 1662 1852 1711 unius

182 1739 258 1787 rei
303 1744 528 1789 tenorem
572 1742 618 1788 ei
662 1740 975 1803 interpellare
1017 1738 1255 1787 licuisset.
1323 1737 1466 1799 Quod
1501 1738 1671 1788 facere
1703 1757 1853 1806 quum

184 1822 238 1866 et
282 1818 559 1867 destinatus
605 1834 837 1868 numerus
883 1824 1102 1866 actorum
1149 1824 1199 1865 et
1247 1833 1425 1866 scenae
1468 1818 1758 1883 simplicitas
1804 1827 1854 1871 et

184 1897 372 1961 reliqua
404 1899 740 1948 institutorum
774 1899 1034 1946 morositas
1069 1902 1285 1954 vetaret,
1341 1897 1547 1946 alteram
1583 1904 1698 1962 post
1732 1900 1853 1950 alte-

186 1993 291 2025 ram
324 1979 565 2027 actionem
597 1979 787 2027 institui
822 1993 1027 2025 necesse
1062 1977 1170 2025 fuit.
1237 1977 1346 2025 Non
1381 1978 1545 2041 potuit
1572 1979 1699 2027 enim
1728 1979 1853 2030 Ore-

186 2057 276 2104 stis
309 2062 456 2120 atque
491 2058 787 2107 Hermionae
822 2057 1136 2120 colloquium,
1170 2062 1428 2120 antequam
1464 2057 1854 2123 Andromachae,

186 2151 300 2185 arae
332 2137 612 2194 insidentis,
650 2154 757 2186 sors
785 2136 1148 2199 decerneretur,
1182 2137 1232 2184 in
1259 2152 1405 2186 scena
1426 2139 1666 2188 exhiberi.
1716 2141 1852 2191 Alio-

187 2217 302 2279 quin
340 2216 545 2266 Orestes
579 2218 882 2267 Hermionae
914 2218 1036 2265 iram
1070 2233 1249 2266 acuens
1285 2222 1337 2266 et
1372 2219 1434 2266 ad
1469 2219 1734 2269 tollendam
1769 2238 1853 2271 ae-

184 2296 367 2345 mulam
400 2297 528 2347 ultro
549 2298 824 2358 mulierem,
859 2301 1328 2362 quam'recuperare
1354 2300 1616 2364 cupiebat,
1649 2302 1854 2353 incitans

188 2375 333 2424 citius
370 2379 651 2442 certiusque
685 2379 840 2442 potuit
867 2395 944 2440 eo,
980 2394 1075 2441 quo
1100 2379 1349 2440 tendebat,
1383 2381 1654 2444 pervenire.
1705 2382 1854 2431 Com-

187 2457 472 2506 modissime
508 2459 652 2506 etiam
687 2458 999 2523 Neoptolemi
1034 2465 1181 2522 atque
1215 2458 1410 2507 Orestis
1432 2460 1734 2523 colloquium
1768 2479 1854 2512 ex-

187 2535 434 2586 hibuisset
469 2546 638 2603 poeta,
675 2539 717 2586 si
750 2539 915 2588 locum
949 2539 1153 2587 actionis
1188 2545 1382 2588 mutare
1414 2540 1652 2589 licuisset.
1719 2544 1855 2592 Nihil

187 2615 368 2664 horum
401 2623 684 2683 reputatum
718 2624 796 2667 est
830 2619 890 2666 ab
926 2619 1012 2680 iis,
1061 2619 1143 2683 qni
1178 2619 1470 2667 futilissimis
1506 2621 1854 2672 criminationi-

190 2695 281 2743 bus
316 2701 494 2760 poetae
529 2698 708 2747 famam
742 2699 960 2748 lacerare
995 2715 1239 2761 nunquam
1276 2699 1516 2748 desinunt.
1668 2706 1673 2709 “

322 2776 597 2842 Conspecto
632 2778 813 2828 Oreste
846 2796 903 2829 ac
936 2781 1001 2830 de
1035 2781 1184 2828 rebus
1218 2780 1340 2827 actis
1375 2778 1570 2842 edocto,
1607 2797 1748 2846 spem
1773 2800 1852 2832 sa·

189 2855 305 2904 lutis
356 2858 570 2922 concipit
613 2857 894 2908 Hermione.
973 2860 1140 2923 ltaque
1203 2862 1477 2908 obtestatur
1526 2863 1853 2928 obsecratque

191 2952 332 2999 eum,
368 2942 454 2994 ut,
488 2939 771 3005 priusquam
803 2939 1156 3004 Neoptolemus
1192 2939 1394 3003 Delphis
1428 2941 1668 3004 redisset,
1704 2960 1758 2991 se
1793 2959 1855 2993 ex

194 3016 289 3064 hac
324 3023 457 3066 terra
492 3016 765 3082 domoque,
817 3035 942 3083 quae
985 3020 1125 3084 quasi
1160 3036 1282 3068 voce
1313 3020 1535 3083 praedita
1570 3023 1854 3087 propellere

190 3097 349 3161 ipsam
393 3097 643 3158 videatur,
689 3115 834 3162 quam
877 3100 1160 3163 longissime
1207 3100 1417 3148 abducat
1449 3105 1532 3149 aut
1565 3103 1614 3149 in
1647 3105 1855 3166 patriam

189 3177 433 3226 restituat.
503 3177 657 3225 Simul
683 3179 869 3228 factum
890 3196 1146 3242 excusans,
1177 3180 1415 3229 malarum
1437 3181 1713 3243 mulierum,
1750 3184 1853 3246 qui-

190 3255 286 3305 bus
319 3257 515 3306 ianuam
549 3258 743 3307 aedium
776 3261 1095 3323 praecludere
1129 3261 1278 3309 satius
1323 3259 1535 3320 fuisset,
1580 3268 1854 3312 consuetu-

191 3335 307 3385 dine
366 3343 513 3402 atque
571 3339 877 3390 sermonibus
919 3356 974 3391 se
1025 3345 1307 3407 corruptam
1356 3357 1471 3392 esse
1520 3342 1853 3407 conqueritur.

219 3507 297 3563 ing)
327 3508 460 3553 Ovid.
485 3510 669 3555 Heroid.
695 3512 736 3557 8.
