2170 3866
939 275 1062 334 4⁰3

282 420 535 488 μαίνεται,
571 421 643 483 ὥς
678 420 755 473 ὅτ’
773 415 938 488 ’Ἀρης
971 419 1286 489 ἐγχέσπαλος
1317 420 1352 489 ἢ
1387 421 1551 476 ὀλοὸν
1580 428 1691 493 πῦρ

284 504 467 567 οὔρεσι
501 502 751 569 μαίνηται
787 500 988 569 βαθέης
1021 499 1101 555 ἐνὶ
1134 503 1391 568 τάρφεσιν
1422 503 1579 572 ὕλης·

283 583 584 649 ἀφλοισμὸς
619 583 677 635 δὲ
711 583 832 648 περὶ
866 584 1034 650 στόμα
1066 583 1300 650 γίγνεται
1333 603 1382 638 κ.
1406 602 1450 636 τ.
1477 588 1524 639 λ..

150 664 385 715 Ostendit
419 673 582 715 autem
617 666 932 715 nihilominus
969 667 1102 715 idem
1127 667 1176 715 in
1203 666 1447 730 Odyssea,
1485 654 1852 734 languescente·

151 761 326 808 magno
351 747 565 810 ingenio,
602 746 854 811 proprium
880 746 1124 795 senectuti
1151 763 1263 795 esse
1291 746 1584 796 fabellarum
1602 765 1836 801 amorem.

150 825 479 874 Manifestum
530 827 657 874 enim
706 831 784 873 est
819 842 880 874 ex
915 826 1083 874 multis
1120 827 1271 875 etiam
1307 828 1415 876 aliis
1451 830 1629 886 rebuS,
1667 837 1835 893 poste-

147 906 249 954 rius
283 907 379 954 hoc
413 906 473 953 ab
509 921 569 954 eo
593 910 933 970 argumentum
962 907 1286 971 compositum
1312 924 1454 969 esse;
1489 909 1621 957 idem
1651 914 1835 971 tamen,

149 985 281 1050 qnod
326 986 560 1050 reliquias
607 986 826 1035 laborum
873 986 1160 1046 Iliacorum,
1207 989 1345 1052 quasi
1392 989 1629 1053 quaedam
1666 989 1835 1039 Troici

150 1066 264 1114 belli
301 1066 536 1130 episodia‚
573 1067 782 1128 ingessit
817 1073 977 1131 poeta,
1016 1073 1067 1114 et
1100 1067 1272 1116 hercle
1307 1069 1523 1118 lamenta
1558 1086 1614 1118 ac
1648 1070 1834 1120 luctum

146 1147 347 1205 ibidem,
383 1148 521 1209 quasi
558 1147 747 1211 pridem
785 1147 1040 1195 decretum
1074 1147 1312 1197 heroibus
1350 1149 1607 1210 bonorem,
1642 1150 1836 1215 persol-

147 1227 235 1288 vit,
270 1241 441 1274 revera
479 1227 640 1275 iliadis
677 1227 928 1290 peroratio
965 1232 1071 1275 est:

278 1303 412 1355 ἔνθα
446 1303 544 1368 μὲν
580 1304 714 1364 Αἴας
748 1308 913 1355 κεῖται
947 1303 1147 1371 ἀρήϊος,
1185 1305 1321 1356 ἔνθα
1355 1305 1402 1357 δ’
1432 1300 1708 1374 Ἀχιλλεύς,

275 1383 412 1436 ἔνθα
447 1383 504 1434 δὲ
541 1385 869 1449 Πάτροκλος,
903 1384 1101 1451 θεόφιν
1135 1386 1351 1454 μήστωρ
1387 1387 1696 1451 ἀτάλαντος,

273 1462 408 1517 ἔνθα
443 1464 491 1515 δ’
529 1463 654 1529 ἐμὸς
688 1466 844 1532 φίλος
877 1466 1008 1526 υἱός.

141 1547 265 1595 Eam
302 1553 484 1607 autem,
523 1553 661 1612 puto,
696 1551 757 1597 ob
793 1564 1017 1596 caussam
1054 1547 1218 1596 Iliadis
1255 1548 1471 1611 quidem,
1507 1565 1654 1612 quam
1689 1548 1739 1597 in
1762 1549 1834 1598 vi-

140 1643 261 1691 gore
297 1627 499 1675 afflatus
534 1628 686 1676 divini
721 1629 989 1687 scribebat,
1038 1628 1323 1676 universum
1362 1644 1541 1694 corpus
1576 1634 1834 1678 actuosum

142 1714 291 1771 atque
339 1708 705 1756 contentiosum
754 1708 1007 1771 concepit,
1067 1706 1327 1770 Odysseae
1374 1714 1545 1757 contra
1594 1709 1832 1758 maiorem

142 1794 333 1852 partem
369 1788 420 1835 in
455 1788 700 1835 narrando
735 1792 1057 1850 occupatam,
1092 1786 1144 1834 id
1179 1787 1308 1850 quod
1346 1788 1604 1853 proprium
1638 1793 1716 1837 est
1750 1804 1831 1837 se-

141 1868 375 1916 nectutis.
445 1867 498 1914 In
536 1867 763 1931 Odyssea
796 1867 950 1931 igitur
983 1867 1232 1915 occidenti
1264 1866 1539 1917 Homerum
1574 1868 1668 1917 soli
1695 1884 1830 1917 com-

143 1963 316 2011 pares,
366 1947 506 1996 cuius
556 1947 679 1995 citra
715 1947 1079 1995 vehementiam
1115 1953 1311 1995 maneat
1344 1947 1650 2012 magnitudo.
1719 1948 1830 1997 Non

142 2027 272 2076 enim
309 2028 519 2092 amplius
556 2026 714 2074 Iliacis
765 2027 862 2074 illis
900 2027 1197 2076 carminibus
1245 2044 1414 2092 parem
1451 2031 1620 2077 servat
1653 2043 1829 2076 sonum

139 2123 302 2169 neque
335 2113 593 2170 aequatam
631 2108 1002 2167 sublimitatem,
1040 2122 1284 2171 nunquam
1315 2109 1635 2168 residentem,
1671 2123 1831 2170 neque

137 2187 321 2235 flumen
357 2187 519 2234 simile
566 2187 909 2235 continuorum
958 2188 1257 2248 affectuum,
1322 2203 1483 2251 neque
1528 2203 1734 2235 acumen
1781 2192 1832 2236 et

136 2266 452 2333 prudentiam
502 2283 612 2315 cum
659 2267 924 2328 imaginum
975 2283 1036 2314 ex
1083 2266 1290 2315 veritate
1334 2282 1682 2330 expressarum
1726 2267 1829 2315 fre—

138 2347 363 2411 quentia3
422 2347 542 2406 sed,
602 2346 744 2410 quasi
800 2347 1096 2394 resorbeute
1158 2362 1212 2393 se
1269 2362 1453 2395 oceano
1512 2362 1569 2394 ac
1627 2347 1828 2411 propria

138 2427 296 2492 spatia
341 2428 637 2485 deserente,
698 2425 933 2488 reliquias
979 2426 1218 2488 ⁴quasdam
1265 2427 1483 2474 ostendit
1527 2426 1828 2488 magnitudi-

137 2506 241 2565 nis,
278 2506 531 2554 recedenti
565 2506 722 2554 aestui
758 2505 972 2564 similes,
1013 2505 1158 2551 etiam
1195 2505 1245 2552 in
1278 2505 1513 2554 fabulosis
1549 2521 1823 2568 parumque

137 2585 522 2634 verisimilibus
570 2585 835 2634 erroribuS.
923 2584 1155 2631 Ceterum
1206 2585 1330 2632 haec
1378 2585 1549 2631 dicens
1585 2600 1681 2632 non
1717 2601 1827 2632 sum

137 2664 323 2714 oblitus
371 2669 721 2728 tempestatum
768 2680 930 2729 neque
977 2663 1210 2727 Cyclopis
1262 2680 1422 2726 neque
1468 2664 1671 2712 aliarum
1709 2680 1826 2728 qua-

137 2745 345 2794 rundam
380 2760 579 2792 rerum:
615 2751 919 2793 senectutem
956 2743 1096 2802 dico,
1146 2748 1197 2791 at
1246 2748 1552 2792 senectutem
1601 2744 1826 2793 Homeri.

137 2823 325 2875 Verum
362 2824 411 2872 in
458 2824 539 2871 his
583 2825 806 2871 omnibus
852 2830 1053 2872 strenua
1085 2822 1324 2870 fabulosis
1361 2830 1668 2887 superantur.
1739 2823 1827 2872 Di-

135 2919 335 2970 gressus
372 2908 535 2951 autem
571 2902 618 2950 iu
653 2903 777 2950 haec
813 2919 921 2951 sum
958 2920 1016 2952 ea
1055 2917 1252 2961 caussa,
1302 2906 1357 2950 ut
1391 2903 1739 2963 ostenderem,
1779 2904 1827 2952 in

135 2999 289 3047 nugas
327 2983 564 3031 facillime
614 2982 898 3045 magnifica,
954 2999 1105 3046 quum
1141 2981 1445 3042 deficerent,
1496 2982 1821 3048 degenerare,

139 3064 275 3113 velut
310 3063 394 3110 illa
429 3063 491 3110 de
528 3062 704 3122 culeo,
758 3066 811 3110 et
861 3062 933 3110 illi
979 3063 1062 3126 qui
1099 3078 1188 3126 pro
1224 3061 1370 3109 suillo
1416 3078 1568 3125 grege
1613 3079 1642 3111 a
1679 3062 1828 3112 Circe

138 3149 438 3209 pascuntur,
487 3158 610 3206 quos
660 3155 837 3205 porcos
882 3142 1195 3190 lacrimantes
1231 3141 1407 3190 Zoilus
1445 3142 1730 3207 appellavit,
1775 3146 1827 3190 et

137 3223 362 3287 luppiter
394 3223 478 3271 ille
514 3221 678 3269 infans
713 3239 742 3270 a
776 3221 1014 3272 columbis
1042 3221 1273 3279 nutritus,
1310 3222 1429 3269 etin
1454 3221 1708 3285 naufragio
1738 3221 1825 3268 de-

140 3319 248 3351 cem
285 3304 462 3353 diebus
498 3302 608 3350 cibo
644 3316 815 3349 carens
859 3301 1098 3365 Ulysses,
1149 3300 1362 3362 denique
1403 3316 1668 3365 procorum
1713 3314 1826 3347 cae—

138 3382 213 3430 dis
259 3382 343 3430 illa
388 3380 725 3431 incredibilia:
774 3396 899 3445 quae
944 3381 1060 3444 quid
1112 3379 1242 3427 aliud
1286 3380 1411 3428 haec
1460 3395 1573 3428 esse
1607 3379 1825 3426 dicamus

137 3476 281 3525 quam
316 3477 490 3512 revera
523 3461 651 3510 Iovis
687 3460 911 3510 somnia‘3
943 3461 1039 3511 Est
1066 3460 1216 3508 etiam
1239 3459 1553 3518 aliacaussa,
1589 3473 1677 3506 cur
1699 3456 1826 3505 haec

1369 3540 1434 3586 26
1456 3536 1483 3567 *
