<?xml version="1.0" encoding="UTF-8"?>
<!DOCTYPE html PUBLIC "-//W3C//DTD XHTML 1.0 Transitional//EN"
    "http://www.w3.org/TR/xhtml1/DTD/xhtml1-transitional.dtd">
<html xmlns="http://www.w3.org/1999/xhtml" xml:lang="en" lang="en">
 <head>
  <title>
</title>
<meta http-equiv="Content-Type" content="text/html;charset=utf-8" />
  <meta name='ocr-system' content='tesseract 3.04.00' />
  <meta name='ocr-capabilities' content='ocr_page ocr_carea ocr_par ocr_line ocrx_word'/>
</head>
<body>
  <div class='ocr_page' id='page_1' title='image "./euripidesrestitu02hartuoft_0028.png"; bbox 0 0 2170 3848; ppageno 0'>
   <div class='ocr_carea' id='block_1_1' title="bbox 1150 273 1230 329">
    <p class='ocr_par' dir='ltr' id='par_1_1' title="bbox 1150 273 1230 329">
     <span class='ocr_line' id='line_1_1' title="bbox 1150 273 1230 329; baseline 0 0"><span class='ocrx_word' id='word_1_1' title='bbox 1150 273 1230 329; x_wconf 79' lang='lat'><strong>16</strong></span> 
     </span>
    </p>
   </div>
   <div class='ocr_carea' id='block_1_2' title="bbox 353 416 2022 3255">
    <p class='ocr_par' dir='ltr' id='par_1_2' title="bbox 353 416 2022 3255">
     <span class='ocr_line' id='line_1_2' title="bbox 363 416 2018 488; baseline -0.002 -18"><span class='ocrx_word' id='word_1_2' title='bbox 363 419 640 488; x_wconf 85' lang='lat' dir='ltr'><strong>perniciosa</strong></span> <span class='ocrx_word' id='word_1_3' title='bbox 662 417 858 468; x_wconf 73' lang='lat' dir='ltr'><strong>libidine</strong></span> <span class='ocrx_word' id='word_1_4' title='bbox 875 418 1124 483; x_wconf 82' lang='lat' dir='ltr'><strong>paulisper</strong></span> <span class='ocrx_word' id='word_1_5' title='bbox 1155 433 1292 481; x_wconf 90' lang='lat' dir='ltr'><strong>usus,</strong></span> <span class='ocrx_word' id='word_1_6' title='bbox 1325 417 1406 466; x_wconf 91' lang='lat' dir='ltr'><strong>ubi</strong></span> <span class='ocrx_word' id='word_1_7' title='bbox 1438 431 1528 482; x_wconf 88' lang='lat' dir='ltr'><strong>per</strong></span> <span class='ocrx_word' id='word_1_8' title='bbox 1560 417 1835 468; x_wconf 80' lang='lat' dir='ltr'><strong>socordiam</strong></span> <span class='ocrx_word' id='word_1_9' title='bbox 1867 416 2018 476; x_wconf 62' lang='lat' dir='ltr'><strong>virm,</strong></span> 
     </span>
     <span class='ocr_line' id='line_1_3' title="bbox 362 496 2019 563; baseline -0.003 -13"><span class='ocrx_word' id='word_1_10' title='bbox 362 506 589 563; x_wconf 80' lang='lat' dir='ltr'><strong>tempuS,</strong></span> <span class='ocrx_word' id='word_1_11' title='bbox 633 498 878 563; x_wconf 83' lang='lat' dir='ltr'><strong>ingenium</strong></span> <span class='ocrx_word' id='word_1_12' title='bbox 913 498 1188 558; x_wconf 83' lang='lat' dir='ltr'><strong>defluxere,</strong></span> <span class='ocrx_word' id='word_1_13' title='bbox 1225 504 1426 546; x_wconf 88' lang='lat' dir='ltr'><strong>naturae</strong></span> <span class='ocrx_word' id='word_1_14' title='bbox 1458 496 1711 545; x_wconf 84' lang='lat' dir='ltr'><strong>infirmitas</strong></span> <span class='ocrx_word' id='word_1_15' title='bbox 1743 501 2019 558; x_wconf 85' lang='lat' dir='ltr'><strong>accusatur,</strong></span> 
     </span>
     <span class='ocr_line' id='line_1_4' title="bbox 363 575 2019 641; baseline -0.003 -13"><span class='ocrx_word' id='word_1_16' title='bbox 363 594 535 628; x_wconf 88' lang='lat' dir='ltr'><strong>suam</strong></span> <span class='ocrx_word' id='word_1_17' title='bbox 572 577 1120 641; x_wconf 85' lang='lat' dir='ltr'><strong>quisqueculpam</strong></span> <span class='ocrx_word' id='word_1_18' title='bbox 1155 583 1466 626; x_wconf 78' lang='lat' dir='ltr'><strong>auctores</strong></span> <span class='ocrx_word' id='word_1_19' title='bbox 1501 575 1573 623; x_wconf 81' lang='lat' dir='ltr'><strong>ad</strong></span> <span class='ocrx_word' id='word_1_20' title='bbox 1607 578 1858 640; x_wconf 80' lang='lat' dir='ltr'><strong>negotia</strong></span> <span class='ocrx_word' id='word_1_21' title='bbox 1892 576 2019 636; x_wconf 84' lang='lat' dir='ltr'><strong>(sive</strong></span> 
     </span>
     <span class='ocr_line' id='line_1_5' title="bbox 362 655 2020 719; baseline -0.001 -14"><span class='ocrx_word' id='word_1_22' title='bbox 362 658 424 705; x_wconf 89' lang='lat' dir='ltr'><strong>ad</strong></span> <span class='ocrx_word' id='word_1_23' title='bbox 470 656 612 718; x_wconf 89' lang='lat' dir='ltr'><strong>deos)</strong></span> <span class='ocrx_word' id='word_1_24' title='bbox 661 655 1094 705; x_wconf 85' lang='lat' dir='ltr'><strong>transferunt.</strong></span> <span class='ocrx_word' id='word_1_25' title='bbox 1170 657 1355 719; x_wconf 81' lang='lat' dir='ltr'><strong>Quodsi</strong></span> <span class='ocrx_word' id='word_1_26' title='bbox 1402 658 1637 705; x_wconf 92' lang='lat' dir='ltr'><strong>bonarum</strong></span> <span class='ocrx_word' id='word_1_27' title='bbox 1682 671 1846 704; x_wconf 89' lang='lat' dir='ltr'><strong>rerum</strong></span> <span class='ocrx_word' id='word_1_28' title='bbox 1887 660 2020 704; x_wconf 78' lang='lat' dir='ltr'><strong>tanta</strong></span> 
     </span>
     <span class='ocr_line' id='line_1_6' title="bbox 361 733 2020 799; baseline -0.001 -15"><span class='ocrx_word' id='word_1_29' title='bbox 361 751 481 784; x_wconf 81' lang='lat' dir='ltr'><strong>cura</strong></span> <span class='ocrx_word' id='word_1_30' title='bbox 504 742 652 794; x_wconf 86' lang='lat' dir='ltr'><strong>esset,</strong></span> <span class='ocrx_word' id='word_1_31' title='bbox 682 741 858 798; x_wconf 87' lang='lat' dir='ltr'><strong>quanto</strong></span> <span class='ocrx_word' id='word_1_32' title='bbox 887 735 1231 784; x_wconf 57' lang='lat' dir='ltr'><strong>studio‘aliena</strong></span> <span class='ocrx_word' id='word_1_33' title='bbox 1259 751 1316 783; x_wconf 91' lang='lat' dir='ltr'><strong>ac</strong></span> <span class='ocrx_word' id='word_1_34' title='bbox 1348 735 1469 783; x_wconf 84' lang='lat' dir='ltr'><strong>nihil</strong></span> <span class='ocrx_word' id='word_1_35' title='bbox 1501 733 1758 799; x_wconf 79' lang='lat' dir='ltr'><strong>profutura</strong></span> <span class='ocrx_word' id='word_1_36' title='bbox 1789 734 2020 783; x_wconf 90' lang='lat' dir='ltr'><strong>multum-</strong></span> 
     </span>
     <span class='ocr_line' id='line_1_7' title="bbox 359 812 2021 879; baseline 0 -18"><span class='ocrx_word' id='word_1_37' title='bbox 359 829 457 877; x_wconf 87' lang='lat' dir='ltr'><strong>que</strong></span> <span class='ocrx_word' id='word_1_38' title='bbox 483 815 627 862; x_wconf 87' lang='lat' dir='ltr'><strong>etiam</strong></span> <span class='ocrx_word' id='word_1_39' title='bbox 652 814 924 878; x_wconf 86' lang='lat' dir='ltr'><strong>periculosa</strong></span> <span class='ocrx_word' id='word_1_40' title='bbox 954 818 1141 878; x_wconf 87' lang='lat' dir='ltr'><strong>petunt,</strong></span> <span class='ocrx_word' id='word_1_41' title='bbox 1177 830 1335 877; x_wconf 90' lang='lat' dir='ltr'><strong>neque</strong></span> <span class='ocrx_word' id='word_1_42' title='bbox 1368 819 1654 879; x_wconf 85' lang='lat' dir='ltr'><strong>regerentur</strong></span> <span class='ocrx_word' id='word_1_43' title='bbox 1686 812 1841 878; x_wconf 80' lang='lat' dir='ltr'><strong>magis</strong></span> <span class='ocrx_word' id='word_1_44' title='bbox 1875 827 2021 876; x_wconf 83' lang='lat' dir='ltr'><strong>quam</strong></span> 
     </span>
     <span class='ocr_line' id='line_1_8' title="bbox 360 891 2019 959; baseline -0.002 -18"><span class='ocrx_word' id='word_1_45' title='bbox 360 899 588 956; x_wconf 83' lang='lat' dir='ltr'><strong>regerent</strong></span> <span class='ocrx_word' id='word_1_46' title='bbox 622 909 791 953; x_wconf 87' lang='lat' dir='ltr'><strong>casus,</strong></span> <span class='ocrx_word' id='word_1_47' title='bbox 830 897 882 940; x_wconf 93' lang='lat' dir='ltr'><strong>et</strong></span> <span class='ocrx_word' id='word_1_48' title='bbox 915 893 1349 959; x_wconf 22' lang='lat' dir='ltr'><strong>eotmagnitudinis</strong></span> <span class='ocrx_word' id='word_1_49' title='bbox 1382 893 1742 958; x_wconf 85' lang='lat' dir='ltr'><strong>procederent,</strong></span> <span class='ocrx_word' id='word_1_50' title='bbox 1776 891 1870 940; x_wconf 87' lang='lat' dir='ltr'><strong>uti</strong></span> <span class='ocrx_word' id='word_1_51' title='bbox 1904 903 2019 954; x_wconf 87' lang='lat' dir='ltr'><strong>pro</strong></span> 
     </span>
     <span class='ocr_line' id='line_1_9' title="bbox 359 970 2022 1035; baseline -0.002 -15"><span class='ocrx_word' id='word_1_52' title='bbox 359 971 759 1020; x_wconf 79' lang='lat' dir='ltr'><strong>mortalibus</strong></span> <span class='ocrx_word' id='word_1_53' title='bbox 792 972 1006 1035; x_wconf 85' lang='lat' dir='ltr'><strong>gloria</strong></span> <span class='ocrx_word' id='word_1_54' title='bbox 1039 972 1294 1020; x_wconf 87' lang='lat' dir='ltr'><strong>aeterni</strong></span> <span class='ocrx_word' id='word_1_55' title='bbox 1327 972 1623 1021; x_wconf 85' lang='lat' dir='ltr'><strong>fierent.&#39;’</strong></span> <span class='ocrx_word' id='word_1_56' title='bbox 1692 970 1875 1020; x_wconf 81' lang='lat' dir='ltr'><strong>Confer</strong></span> <span class='ocrx_word' id='word_1_57' title='bbox 1909 983 2022 1017; x_wconf 86' lang='lat' dir='ltr'><strong>cum</strong></span> 
     </span>
     <span class='ocr_line' id='line_1_10' title="bbox 360 1049 2020 1117; baseline -0.001 -18"><span class='ocrx_word' id='word_1_58' title='bbox 360 1051 439 1100; x_wconf 90' lang='lat' dir='ltr'><strong>his</strong></span> <span class='ocrx_word' id='word_1_59' title='bbox 463 1049 680 1098; x_wconf 76' lang='lat' dir='ltr'><strong>Sallustii</strong></span> <span class='ocrx_word' id='word_1_60' title='bbox 712 1067 835 1114; x_wconf 89' lang='lat' dir='ltr'><strong>quae</strong></span> <span class='ocrx_word' id='word_1_61' title='bbox 859 1051 1118 1115; x_wconf 78' lang='lat' dir='ltr'><strong>Euripides</strong></span> <span class='ocrx_word' id='word_1_62' title='bbox 1157 1052 1412 1117; x_wconf 83' lang='lat' dir='ltr'><strong>professus</strong></span> <span class='ocrx_word' id='word_1_63' title='bbox 1455 1056 1533 1100; x_wconf 89' lang='lat' dir='ltr'><strong>est</strong></span> <span class='ocrx_word' id='word_1_64' title='bbox 1571 1052 1618 1099; x_wconf 93' lang='lat' dir='ltr'><strong>in</strong></span> <span class='ocrx_word' id='word_1_65' title='bbox 1647 1049 1818 1115; x_wconf 89' lang='lat' dir='ltr'><strong>Suppl.</strong></span> <span class='ocrx_word' id='word_1_66' title='bbox 1847 1051 2020 1098; x_wconf 80' lang='lat'>196—</span> 
     </span>
     <span class='ocr_line' id='line_1_11' title="bbox 358 1128 2019 1194; baseline -0.004 -14"><span class='ocrx_word' id='word_1_67' title='bbox 358 1132 470 1180; x_wconf 79' lang='lat'>218.</span> <span class='ocrx_word' id='word_1_68' title='bbox 517 1128 710 1193; x_wconf 82' lang='lat' dir='ltr'><strong>Polyid.</strong></span> <span class='ocrx_word' id='word_1_69' title='bbox 735 1130 799 1179; x_wconf 80' lang='lat' dir='ltr'><strong>fr.</strong></span> <span class='ocrx_word' id='word_1_70' title='bbox 820 1134 865 1179; x_wconf 76' lang='lat'><strong>⁷.</strong></span> <span class='ocrx_word' id='word_1_71' title='bbox 887 1130 1050 1178; x_wconf 78' lang='lat' dir='ltr'><strong>Phrixi</strong></span> <span class='ocrx_word' id='word_1_72' title='bbox 1083 1131 1143 1180; x_wconf 82' lang='lat' dir='ltr'><strong>fr.</strong></span> <span class='ocrx_word' id='word_1_73' title='bbox 1175 1133 1271 1188; x_wconf 81' lang='lat'><strong>14.,</strong></span> <span class='ocrx_word' id='word_1_74' title='bbox 1307 1131 1483 1194; x_wconf 88' lang='lat' dir='ltr'><strong>quibus</strong></span> <span class='ocrx_word' id='word_1_75' title='bbox 1518 1130 1644 1178; x_wconf 90' lang='lat' dir='ltr'><strong>adde</strong></span> <span class='ocrx_word' id='word_1_76' title='bbox 1668 1131 1828 1178; x_wconf 87' lang='lat' dir='ltr'><strong>Hasse</strong></span> <span class='ocrx_word' id='word_1_77' title='bbox 1861 1146 1909 1193; x_wconf 89' lang='lat' dir='ltr'><strong>p.</strong></span> <span class='ocrx_word' id='word_1_78' title='bbox 1939 1129 2019 1175; x_wconf 81' lang='lat'><strong>38.</strong></span> 
     </span>
     <span class='ocr_line' id='line_1_12' title="bbox 360 1206 2021 1272; baseline -0.002 -15"><span class='ocrx_word' id='word_1_79' title='bbox 360 1216 413 1258; x_wconf 89' lang='lat' dir='ltr'><strong>et</strong></span> <span class='ocrx_word' id='word_1_80' title='bbox 436 1211 516 1260; x_wconf 84' lang='lat'><strong>31.</strong></span> <span class='ocrx_word' id='word_1_81' title='bbox 578 1209 805 1257; x_wconf 87' lang='lat' dir='ltr'><strong>Animum</strong></span> <span class='ocrx_word' id='word_1_82' title='bbox 839 1209 987 1272; x_wconf 85' lang='lat' dir='ltr'><strong>igitur</strong></span> <span class='ocrx_word' id='word_1_83' title='bbox 1007 1210 1221 1259; x_wconf 88' lang='lat' dir='ltr'><strong>divinum</strong></span> <span class='ocrx_word' id='word_1_84' title='bbox 1255 1211 1330 1258; x_wconf 82' lang='lat' dir='ltr'><strong>vel</strong></span> <span class='ocrx_word' id='word_1_85' title='bbox 1356 1210 1500 1258; x_wconf 88' lang='lat' dir='ltr'><strong>etiam</strong></span> <span class='ocrx_word' id='word_1_86' title='bbox 1534 1210 1680 1258; x_wconf 91' lang='lat' dir='ltr'><strong>deum</strong></span> <span class='ocrx_word' id='word_1_87' title='bbox 1709 1223 1821 1257; x_wconf 91' lang='lat' dir='ltr'><strong>esse</strong></span> <span class='ocrx_word' id='word_1_88' title='bbox 1854 1206 2021 1254; x_wconf 88' lang='lat' dir='ltr'><strong>dicere</strong></span> 
     </span>
     <span class='ocr_line' id='line_1_13' title="bbox 359 1284 2019 1353; baseline -0.004 -15"><span class='ocrx_word' id='word_1_89' title='bbox 359 1303 508 1338; x_wconf 81' lang='lat' dir='ltr'><strong>ausus</strong></span> <span class='ocrx_word' id='word_1_90' title='bbox 552 1293 630 1336; x_wconf 91' lang='lat' dir='ltr'><strong>est</strong></span> <span class='ocrx_word' id='word_1_91' title='bbox 663 1292 855 1348; x_wconf 89' lang='lat' dir='ltr'><strong>noster,</strong></span> <span class='ocrx_word' id='word_1_92' title='bbox 902 1290 1115 1352; x_wconf 77' lang='lat' dir='ltr'><strong>itemque</strong></span> <span class='ocrx_word' id='word_1_93' title='bbox 1150 1290 1304 1338; x_wconf 74' lang='lat' dir='ltr'><strong>divina</strong></span> <span class='ocrx_word' id='word_1_94' title='bbox 1339 1306 1462 1353; x_wconf 86' lang='lat' dir='ltr'><strong>quae</strong></span> <span class='ocrx_word' id='word_1_95' title='bbox 1497 1289 1644 1336; x_wconf 90' lang='lat' dir='ltr'><strong>animi</strong></span> <span class='ocrx_word' id='word_1_96' title='bbox 1681 1288 1784 1335; x_wconf 86' lang='lat' dir='ltr'><strong>sive</strong></span> <span class='ocrx_word' id='word_1_97' title='bbox 1817 1284 2019 1335; x_wconf 80' lang='lat' dir='ltr'><strong>rationis</strong></span> 
     </span>
     <span class='ocr_line' id='line_1_14' title="bbox 356 1363 2019 1433; baseline -0.003 -16"><span class='ocrx_word' id='word_1_98' title='bbox 356 1368 404 1417; x_wconf 76' lang='lat' dir='ltr'><strong>vi</strong></span> <span class='ocrx_word' id='word_1_99' title='bbox 427 1367 648 1416; x_wconf 87' lang='lat' dir='ltr'><strong>instituta</strong></span> <span class='ocrx_word' id='word_1_100' title='bbox 677 1374 869 1427; x_wconf 87' lang='lat' dir='ltr'><strong>essent;</strong></span> <span class='ocrx_word' id='word_1_101' title='bbox 901 1369 1010 1416; x_wconf 82' lang='lat' dir='ltr'><strong>vide</strong></span> <span class='ocrx_word' id='word_1_102' title='bbox 1043 1385 1167 1431; x_wconf 90' lang='lat' dir='ltr'><strong>quae</strong></span> <span class='ocrx_word' id='word_1_103' title='bbox 1199 1367 1258 1420; x_wconf 87' lang='grc' dir='ltr'><strong>Τ.</strong></span> <span class='ocrx_word' id='word_1_104' title='bbox 1285 1370 1317 1419; x_wconf 88' lang='lat'><strong>1.</strong></span> <span class='ocrx_word' id='word_1_105' title='bbox 1354 1386 1402 1433; x_wconf 90' lang='lat' dir='ltr'><strong>p.</strong></span> <span class='ocrx_word' id='word_1_106' title='bbox 1428 1371 1508 1417; x_wconf 86' lang='grc'><strong>98.</strong></span> <span class='ocrx_word' id='word_1_107' title='bbox 1546 1366 1878 1432; x_wconf 73' lang='lat' dir='ltr'><strong>exposuimus.</strong></span> <span class='ocrx_word' id='word_1_108' title='bbox 1922 1363 2019 1412; x_wconf 88' lang='lat' dir='ltr'><strong>Ra-</strong></span> 
     </span>
     <span class='ocr_line' id='line_1_15' title="bbox 356 1443 2018 1510; baseline -0.002 -15"><span class='ocrx_word' id='word_1_109' title='bbox 356 1447 488 1495; x_wconf 85' lang='lat' dir='ltr'><strong>tione</strong></span> <span class='ocrx_word' id='word_1_110' title='bbox 520 1446 745 1506; x_wconf 89' lang='lat' dir='ltr'><strong>humana,</strong></span> <span class='ocrx_word' id='word_1_111' title='bbox 778 1451 1007 1510; x_wconf 89' lang='lat' dir='ltr'><strong>tanquam</strong></span> <span class='ocrx_word' id='word_1_112' title='bbox 1042 1448 1195 1496; x_wconf 88' lang='lat' dir='ltr'><strong>altera</strong></span> <span class='ocrx_word' id='word_1_113' title='bbox 1228 1454 1434 1497; x_wconf 83' lang='lat' dir='ltr'><strong>naturae</strong></span> <span class='ocrx_word' id='word_1_114' title='bbox 1467 1448 1778 1504; x_wconf 74' lang='lat' dir='ltr'><strong>necessitate,</strong></span> <span class='ocrx_word' id='word_1_115' title='bbox 1810 1459 1892 1493; x_wconf 77' lang='lat' dir='ltr'><strong>res</strong></span> <span class='ocrx_word' id='word_1_116' title='bbox 1923 1443 2018 1492; x_wconf 89' lang='lat' dir='ltr'><strong>hu-</strong></span> 
     </span>
     <span class='ocr_line' id='line_1_16' title="bbox 356 1522 2019 1592; baseline -0.003 -17"><span class='ocrx_word' id='word_1_117' title='bbox 356 1541 528 1575; x_wconf 81' lang='lat' dir='ltr'><strong>manae</strong></span> <span class='ocrx_word' id='word_1_118' title='bbox 561 1527 988 1583; x_wconf 83' lang='lat' dir='ltr'><strong>administrantur,</strong></span> <span class='ocrx_word' id='word_1_119' title='bbox 1022 1529 1285 1592; x_wconf 90' lang='lat' dir='ltr'><strong>puniuntur</strong></span> <span class='ocrx_word' id='word_1_120' title='bbox 1317 1529 1504 1576; x_wconf 80' lang='lat' dir='ltr'><strong>scelera</strong></span> <span class='ocrx_word' id='word_1_121' title='bbox 1538 1533 1589 1575; x_wconf 91' lang='lat' dir='ltr'><strong>et</strong></span> <span class='ocrx_word' id='word_1_122' title='bbox 1623 1524 1902 1575; x_wconf 85' lang='lat' dir='ltr'><strong>defenditur</strong></span> <span class='ocrx_word' id='word_1_123' title='bbox 1934 1522 2019 1571; x_wconf 88' lang='lat' dir='ltr'><strong>iu·</strong></span> 
     </span>
     <span class='ocr_line' id='line_1_17' title="bbox 356 1603 2016 1670; baseline -0.002 -15"><span class='ocrx_word' id='word_1_124' title='bbox 356 1604 559 1668; x_wconf 81' lang='lat' dir='ltr'><strong>stitia*)</strong></span> <span class='ocrx_word' id='word_1_125' title='bbox 594 1605 698 1654; x_wconf 87' lang='lat' dir='ltr'><strong>sive</strong></span> <span class='ocrx_word' id='word_1_126' title='bbox 731 1603 886 1670; x_wconf 81' lang='grc' dir='ltr'><em>Δίκη,</em></span> <span class='ocrx_word' id='word_1_127' title='bbox 937 1608 1114 1654; x_wconf 89' lang='lat' dir='ltr'><strong>summi</strong></span> <span class='ocrx_word' id='word_1_128' title='bbox 1154 1606 1279 1655; x_wconf 83' lang='lat' dir='ltr'><strong>lovis</strong></span> <span class='ocrx_word' id='word_1_129' title='bbox 1315 1608 1440 1663; x_wconf 85' lang='lat' dir='ltr'><strong>filia,</strong></span> <span class='ocrx_word' id='word_1_130' title='bbox 1475 1622 1619 1670; x_wconf 92' lang='lat' dir='ltr'><strong>quam</strong></span> <span class='ocrx_word' id='word_1_131' title='bbox 1653 1606 1700 1653; x_wconf 90' lang='lat' dir='ltr'><strong>in</strong></span> <span class='ocrx_word' id='word_1_132' title='bbox 1733 1604 1822 1653; x_wconf 80' lang='lat' dir='ltr'><strong>fati</strong></span> <span class='ocrx_word' id='word_1_133' title='bbox 1856 1603 2016 1652; x_wconf 87' lang='lat' dir='ltr'><strong>locum</strong></span> 
     </span>
     <span class='ocr_line' id='line_1_18' title="bbox 356 1683 2016 1749; baseline 0.001 -18"><span class='ocrx_word' id='word_1_134' title='bbox 356 1699 387 1732; x_wconf 87' lang='lat' dir='ltr'><strong>a</strong></span> <span class='ocrx_word' id='word_1_135' title='bbox 434 1689 602 1732; x_wconf 91' lang='lat' dir='ltr'><strong>nostro</strong></span> <span class='ocrx_word' id='word_1_136' title='bbox 654 1686 965 1734; x_wconf 83' lang='lat' dir='ltr'><strong>substitutam</strong></span> <span class='ocrx_word' id='word_1_137' title='bbox 1010 1702 1122 1734; x_wconf 90' lang='lat' dir='ltr'><strong>esse</strong></span> <span class='ocrx_word' id='word_1_138' title='bbox 1156 1687 1373 1735; x_wconf 86' lang='lat' dir='ltr'><strong>videmus</strong></span> <span class='ocrx_word' id='word_1_139' title='bbox 1422 1685 1675 1749; x_wconf 86' lang='lat' dir='ltr'><strong>(Androm.</strong></span> <span class='ocrx_word' id='word_1_140' title='bbox 1724 1683 1900 1747; x_wconf 83' lang='lat' dir='ltr'><strong>fragm.</strong></span> <span class='ocrx_word' id='word_1_141' title='bbox 1936 1684 2016 1733; x_wconf 82' lang='lat'><strong>32.</strong></span> 
     </span>
     <span class='ocr_line' id='line_1_19' title="bbox 354 1762 2018 1827; baseline -0.001 -15"><span class='ocrx_word' id='word_1_142' title='bbox 354 1762 524 1812; x_wconf 83' lang='lat' dir='ltr'><strong>Phrix.</strong></span> <span class='ocrx_word' id='word_1_143' title='bbox 558 1763 621 1811; x_wconf 84' lang='lat' dir='ltr'><strong>fr.</strong></span> <span class='ocrx_word' id='word_1_144' title='bbox 657 1766 744 1827; x_wconf 85' lang='grc'><strong>8.).</strong></span> <span class='ocrx_word' id='word_1_145' title='bbox 815 1764 892 1811; x_wconf 84' lang='lat' dir='ltr'><strong>Ex</strong></span> <span class='ocrx_word' id='word_1_146' title='bbox 926 1770 1088 1812; x_wconf 89' lang='lat' dir='ltr'><strong>mente</strong></span> <span class='ocrx_word' id='word_1_147' title='bbox 1123 1766 1252 1813; x_wconf 88' lang='lat' dir='ltr'><strong>enim</strong></span> <span class='ocrx_word' id='word_1_148' title='bbox 1286 1765 1495 1814; x_wconf 90' lang='lat' dir='ltr'><strong>numinis</strong></span> <span class='ocrx_word' id='word_1_149' title='bbox 1531 1764 1675 1811; x_wconf 80' lang='lat' dir='ltr'><strong>divini</strong></span> <span class='ocrx_word' id='word_1_150' title='bbox 1707 1763 1812 1811; x_wconf 89' lang='lat' dir='ltr'><strong>sive</strong></span> <span class='ocrx_word' id='word_1_151' title='bbox 1844 1762 2018 1810; x_wconf 84' lang='lat' dir='ltr'><strong>aethe-</strong></span> 
     </span>
     <span class='ocr_line' id='line_1_20' title="bbox 355 1841 2017 1907; baseline -0.001 -15"><span class='ocrx_word' id='word_1_152' title='bbox 355 1843 426 1892; x_wconf 88' lang='lat' dir='ltr'><strong>ris</strong></span> <span class='ocrx_word' id='word_1_153' title='bbox 462 1843 566 1905; x_wconf 91' lang='lat' dir='ltr'><strong>(qui</strong></span> <span class='ocrx_word' id='word_1_154' title='bbox 598 1843 821 1907; x_wconf 87' lang='lat' dir='ltr'><strong>Iuppiter</strong></span> <span class='ocrx_word' id='word_1_155' title='bbox 853 1843 1149 1907; x_wconf 84' lang='lat' dir='ltr'><strong>appellatur)</strong></span> <span class='ocrx_word' id='word_1_156' title='bbox 1186 1846 1422 1893; x_wconf 84' lang='lat' dir='ltr'><strong>emanavit</strong></span> <span class='ocrx_word' id='word_1_157' title='bbox 1456 1859 1591 1892; x_wconf 89' lang='lat' dir='ltr'><strong>mens</strong></span> <span class='ocrx_word' id='word_1_158' title='bbox 1626 1843 1854 1902; x_wconf 89' lang='lat' dir='ltr'><strong>humana,</strong></span> <span class='ocrx_word' id='word_1_159' title='bbox 1887 1841 2017 1890; x_wconf 86' lang='lat' dir='ltr'><strong>illius</strong></span> 
     </span>
     <span class='ocr_line' id='line_1_21' title="bbox 356 1918 2016 1986; baseline -0.001 -16"><span class='ocrx_word' id='word_1_160' title='bbox 356 1926 409 1971; x_wconf 88' lang='lat' dir='ltr'><strong>et</strong></span> <span class='ocrx_word' id='word_1_161' title='bbox 454 1937 570 1986; x_wconf 87' lang='lat' dir='ltr'><strong>pars</strong></span> <span class='ocrx_word' id='word_1_162' title='bbox 619 1930 670 1969; x_wconf 92' lang='lat' dir='ltr'><strong>et</strong></span> <span class='ocrx_word' id='word_1_163' title='bbox 702 1923 887 1983; x_wconf 84' lang='lat' dir='ltr'><strong>imago,</strong></span> <span class='ocrx_word' id='word_1_164' title='bbox 934 1922 1071 1970; x_wconf 89' lang='lat' dir='ltr'><strong>cuius</strong></span> <span class='ocrx_word' id='word_1_165' title='bbox 1100 1938 1298 1970; x_wconf 89' lang='lat' dir='ltr'><strong>memor·</strong></span> <span class='ocrx_word' id='word_1_166' title='bbox 1322 1923 1517 1986; x_wconf 87' lang='lat' dir='ltr'><strong>originis</strong></span> <span class='ocrx_word' id='word_1_167' title='bbox 1551 1923 1671 1970; x_wconf 90' lang='lat' dir='ltr'><strong>nihil</strong></span> <span class='ocrx_word' id='word_1_168' title='bbox 1703 1921 1855 1969; x_wconf 85' lang='lat' dir='ltr'><strong>habet</strong></span> <span class='ocrx_word' id='word_1_169' title='bbox 1887 1918 2016 1968; x_wconf 85' lang='lat' dir='ltr'><strong>anti-</strong></span> 
     </span>
     <span class='ocr_line' id='line_1_22' title="bbox 355 1999 2016 2066; baseline -0.002 -16"><span class='ocrx_word' id='word_1_170' title='bbox 355 2001 516 2066; x_wconf 89' lang='lat' dir='ltr'><strong>quius,</strong></span> <span class='ocrx_word' id='word_1_171' title='bbox 551 2016 694 2063; x_wconf 90' lang='lat' dir='ltr'><strong>quam</strong></span> <span class='ocrx_word' id='word_1_172' title='bbox 728 2000 957 2048; x_wconf 88' lang='lat' dir='ltr'><strong>virtutem</strong></span> <span class='ocrx_word' id='word_1_173' title='bbox 994 2000 1175 2059; x_wconf 88' lang='lat' dir='ltr'><strong>colere,</strong></span> <span class='ocrx_word' id='word_1_174' title='bbox 1208 2001 1443 2049; x_wconf 88' lang='lat' dir='ltr'><strong>iustitiam</strong></span> <span class='ocrx_word' id='word_1_175' title='bbox 1477 2001 1621 2060; x_wconf 89' lang='lat' dir='ltr'><strong>tueri,</strong></span> <span class='ocrx_word' id='word_1_176' title='bbox 1656 2001 1824 2048; x_wconf 91' lang='lat' dir='ltr'><strong>ulcisci</strong></span> <span class='ocrx_word' id='word_1_177' title='bbox 1858 1999 2016 2047; x_wconf 88' lang='lat' dir='ltr'><strong>scele-</strong></span> 
     </span>
     <span class='ocr_line' id='line_1_23' title="bbox 354 2078 2018 2143; baseline -0.003 -13"><span class='ocrx_word' id='word_1_178' title='bbox 354 2085 520 2141; x_wconf 78' lang='lat' dir='ltr'><strong>ratos,</strong></span> <span class='ocrx_word' id='word_1_179' title='bbox 554 2080 687 2142; x_wconf 86' lang='lat' dir='ltr'><strong>leges</strong></span> <span class='ocrx_word' id='word_1_180' title='bbox 722 2080 966 2128; x_wconf 87' lang='lat' dir='ltr'><strong>civitatum</strong></span> <span class='ocrx_word' id='word_1_181' title='bbox 999 2079 1311 2143; x_wconf 90' lang='lat' dir='ltr'><strong>incorruptas</strong></span> <span class='ocrx_word' id='word_1_182' title='bbox 1344 2096 1566 2139; x_wconf 87' lang='lat' dir='ltr'><strong>servare;</strong></span> <span class='ocrx_word' id='word_1_183' title='bbox 1602 2079 1667 2126; x_wconf 84' lang='lat' dir='ltr'><strong>cf.</strong></span> <span class='ocrx_word' id='word_1_184' title='bbox 1704 2078 1887 2126; x_wconf 86' lang='lat' dir='ltr'><strong>Troad.</strong></span> <span class='ocrx_word' id='word_1_185' title='bbox 1919 2079 2018 2125; x_wconf 79' lang='lat'><strong>890</strong></span> 
     </span>
     <span class='ocr_line' id='line_1_24' title="bbox 355 2158 2015 2223; baseline -0.002 -14"><span class='ocrx_word' id='word_1_186' title='bbox 355 2175 494 2223; x_wconf 86' lang='lat' dir='ltr'><strong>seqq.</strong></span> <span class='ocrx_word' id='word_1_187' title='bbox 529 2159 652 2207; x_wconf 87' lang='lat' dir='ltr'><strong>Hec.</strong></span> <span class='ocrx_word' id='word_1_188' title='bbox 689 2161 800 2207; x_wconf 83' lang='lat'>834.</span> <span class='ocrx_word' id='word_1_189' title='bbox 836 2162 946 2213; x_wconf 66' lang='lat'><em>⁸189.</em></span> <span class='ocrx_word' id='word_1_190' title='bbox 981 2159 1168 2210; x_wconf 82' lang='lat' dir='ltr'><strong>Electr.</strong></span> <span class='ocrx_word' id='word_1_191' title='bbox 1202 2162 1312 2207; x_wconf 88' lang='grc'><strong>890.</strong></span> <span class='ocrx_word' id='word_1_192' title='bbox 1378 2160 1515 2207; x_wconf 86' lang='lat' dir='ltr'><strong>Haec</strong></span> <span class='ocrx_word' id='word_1_193' title='bbox 1549 2159 1630 2222; x_wconf 91' lang='lat' dir='ltr'><strong>qui</strong></span> <span class='ocrx_word' id='word_1_194' title='bbox 1664 2158 1859 2218; x_wconf 88' lang='lat' dir='ltr'><strong>statuit,</strong></span> <span class='ocrx_word' id='word_1_195' title='bbox 1903 2172 2015 2206; x_wconf 88' lang='lat' dir='ltr'><strong>eum</strong></span> 
     </span>
     <span class='ocr_line' id='line_1_25' title="bbox 353 2238 2016 2301; baseline -0.002 -12"><span class='ocrx_word' id='word_1_196' title='bbox 353 2253 562 2290; x_wconf 88' lang='lat' dir='ltr'><strong>necesse</strong></span> <span class='ocrx_word' id='word_1_197' title='bbox 606 2243 683 2287; x_wconf 89' lang='lat' dir='ltr'><strong>est</strong></span> <span class='ocrx_word' id='word_1_198' title='bbox 716 2239 941 2286; x_wconf 88' lang='lat' dir='ltr'><strong>instituta</strong></span> <span class='ocrx_word' id='word_1_199' title='bbox 973 2254 1001 2285; x_wconf 88' lang='lat' dir='ltr'><strong>a</strong></span> <span class='ocrx_word' id='word_1_200' title='bbox 1034 2239 1296 2287; x_wconf 89' lang='lat' dir='ltr'><strong>maioribus</strong></span> <span class='ocrx_word' id='word_1_201' title='bbox 1332 2239 1513 2287; x_wconf 88' lang='lat' dir='ltr'><strong>tradita</strong></span> <span class='ocrx_word' id='word_1_202' title='bbox 1548 2254 1657 2285; x_wconf 92' lang='lat' dir='ltr'><strong>cum</strong></span> <span class='ocrx_word' id='word_1_203' title='bbox 1691 2238 1892 2286; x_wconf 88' lang='lat' dir='ltr'><strong>deorum</strong></span> <span class='ocrx_word' id='word_1_204' title='bbox 1928 2252 2016 2301; x_wconf 90' lang='lat' dir='ltr'><strong>po-</strong></span> 
     </span>
     <span class='ocr_line' id='line_1_26' title="bbox 354 2317 2015 2384; baseline -0.001 -18"><span class='ocrx_word' id='word_1_205' title='bbox 354 2318 597 2384; x_wconf 89' lang='lat' dir='ltr'><strong>pularium</strong></span> <span class='ocrx_word' id='word_1_206' title='bbox 639 2317 773 2366; x_wconf 90' lang='lat' dir='ltr'><strong>cultu</strong></span> <span class='ocrx_word' id='word_1_207' title='bbox 809 2320 859 2366; x_wconf 91' lang='lat' dir='ltr'><strong>et</strong></span> <span class='ocrx_word' id='word_1_208' title='bbox 905 2317 1221 2382; x_wconf 76' lang='lat' dir='ltr'><strong>religionibus</strong></span> <span class='ocrx_word' id='word_1_209' title='bbox 1257 2318 1674 2380; x_wconf 85' lang='lat' dir='ltr'><strong>caeremoniisque</strong></span> <span class='ocrx_word' id='word_1_210' title='bbox 1724 2323 1890 2364; x_wconf 88' lang='lat' dir='ltr'><strong>sancta</strong></span> <span class='ocrx_word' id='word_1_211' title='bbox 1925 2317 2015 2365; x_wconf 88' lang='lat' dir='ltr'><strong>ha-</strong></span> 
     </span>
     <span class='ocr_line' id='line_1_27' title="bbox 354 2396 2018 2461; baseline -0.001 -14"><span class='ocrx_word' id='word_1_212' title='bbox 354 2399 490 2447; x_wconf 89' lang='lat' dir='ltr'><strong>bere.</strong></span> <span class='ocrx_word' id='word_1_213' title='bbox 543 2396 609 2444; x_wconf 84' lang='lat' dir='ltr'><strong>Et</strong></span> <span class='ocrx_word' id='word_1_214' title='bbox 642 2397 929 2460; x_wconf 88' lang='lat' dir='ltr'><strong>planissima</strong></span> <span class='ocrx_word' id='word_1_215' title='bbox 962 2397 1205 2445; x_wconf 88' lang='lat' dir='ltr'><strong>eiusmodi</strong></span> <span class='ocrx_word' id='word_1_216' title='bbox 1238 2397 1355 2445; x_wconf 85' lang='lat' dir='ltr'><strong>fidei</strong></span> <span class='ocrx_word' id='word_1_217' title='bbox 1391 2396 1688 2461; x_wconf 85' lang='lat' dir='ltr'><strong>pietatisque</strong></span> <span class='ocrx_word' id='word_1_218' title='bbox 1722 2397 2018 2445; x_wconf 87' lang='lat' dir='ltr'><strong>documenta</strong></span> 
     </span>
     <span class='ocr_line' id='line_1_28' title="bbox 356 2475 2016 2540; baseline -0.002 -14"><span class='ocrx_word' id='word_1_219' title='bbox 356 2476 621 2540; x_wconf 84' lang='lat' dir='ltr'><strong>Euripides</strong></span> <span class='ocrx_word' id='word_1_220' title='bbox 670 2492 780 2525; x_wconf 93' lang='lat' dir='ltr'><strong>cum</strong></span> <span class='ocrx_word' id='word_1_221' title='bbox 825 2477 1050 2525; x_wconf 88' lang='lat' dir='ltr'><strong>omnibus</strong></span> <span class='ocrx_word' id='word_1_222' title='bbox 1094 2476 1274 2525; x_wconf 82' lang='lat' dir='ltr'><strong>fabulis</strong></span> <span class='ocrx_word' id='word_1_223' title='bbox 1324 2482 1429 2524; x_wconf 88' lang='lat' dir='ltr'><strong>tum</strong></span> <span class='ocrx_word' id='word_1_224' title='bbox 1466 2475 1768 2524; x_wconf 87' lang='lat' dir='ltr'><strong>Baccharum</strong></span> <span class='ocrx_word' id='word_1_225' title='bbox 1804 2482 1858 2524; x_wconf 91' lang='lat' dir='ltr'><strong>et</strong></span> <span class='ocrx_word' id='word_1_226' title='bbox 1888 2477 2016 2540; x_wconf 90' lang='lat' dir='ltr'><strong>Hip-</strong></span> 
     </span>
     <span class='ocr_line' id='line_1_29' title="bbox 355 2554 2017 2620; baseline 0.001 -18"><span class='ocrx_word' id='word_1_227' title='bbox 355 2556 513 2620; x_wconf 81' lang='lat' dir='ltr'><strong>polyti</strong></span> <span class='ocrx_word' id='word_1_228' title='bbox 547 2554 718 2605; x_wconf 86' lang='lat' dir='ltr'><strong>edidit.</strong></span> <span class='ocrx_word' id='word_1_229' title='bbox 793 2555 923 2604; x_wconf 89' lang='lat' dir='ltr'><strong>Fere</strong></span> <span class='ocrx_word' id='word_1_230' title='bbox 956 2556 1158 2615; x_wconf 89' lang='lat' dir='ltr'><strong>eadem,</strong></span> <span class='ocrx_word' id='word_1_231' title='bbox 1203 2571 1329 2619; x_wconf 87' lang='lat' dir='ltr'><strong>quae</strong></span> <span class='ocrx_word' id='word_1_232' title='bbox 1363 2555 1626 2612; x_wconf 87' lang='lat' dir='ltr'><strong>Socrates,</strong></span> <span class='ocrx_word' id='word_1_233' title='bbox 1661 2556 1724 2603; x_wconf 89' lang='lat' dir='ltr'><strong>de</strong></span> <span class='ocrx_word' id='word_1_234' title='bbox 1759 2555 1836 2602; x_wconf 89' lang='lat' dir='ltr'><strong>his</strong></span> <span class='ocrx_word' id='word_1_235' title='bbox 1870 2555 2017 2604; x_wconf 87' lang='lat' dir='ltr'><strong>rebus</strong></span> 
     </span>
     <span class='ocr_line' id='line_1_30' title="bbox 355 2633 2016 2698; baseline -0.001 -14"><span class='ocrx_word' id='word_1_236' title='bbox 355 2635 615 2695; x_wconf 87' lang='lat' dir='ltr'><strong>sentiebat,</strong></span> <span class='ocrx_word' id='word_1_237' title='bbox 650 2642 703 2682; x_wconf 95' lang='lat' dir='ltr'><strong>ut</strong></span> <span class='ocrx_word' id='word_1_238' title='bbox 729 2633 1004 2698; x_wconf 88' lang='lat' dir='ltr'><strong>Xenophon</strong></span> <span class='ocrx_word' id='word_1_239' title='bbox 1037 2635 1171 2683; x_wconf 92' lang='lat' dir='ltr'><strong>illum</strong></span> <span class='ocrx_word' id='word_1_240' title='bbox 1210 2634 1479 2683; x_wconf 86' lang='lat' dir='ltr'><strong>defendens</strong></span> <span class='ocrx_word' id='word_1_241' title='bbox 1513 2640 1734 2683; x_wconf 88' lang='lat' dir='ltr'><strong>nostrum</strong></span> <span class='ocrx_word' id='word_1_242' title='bbox 1770 2649 1865 2680; x_wconf 87' lang='lat' dir='ltr'><strong>una</strong></span> <span class='ocrx_word' id='word_1_243' title='bbox 1898 2650 2016 2698; x_wconf 88' lang='lat' dir='ltr'><strong>pur-</strong></span> 
     </span>
     <span class='ocr_line' id='line_1_31' title="bbox 355 2712 2015 2780; baseline 0 -18"><span class='ocrx_word' id='word_1_244' title='bbox 355 2730 473 2780; x_wconf 86' lang='lat' dir='ltr'><strong>gare</strong></span> <span class='ocrx_word' id='word_1_245' title='bbox 516 2715 753 2763; x_wconf 79' lang='lat' dir='ltr'><strong>videatur.</strong></span> <span class='ocrx_word' id='word_1_246' title='bbox 832 2715 1052 2777; x_wconf 90' lang='lat' dir='ltr'><strong>Uterque</strong></span> <span class='ocrx_word' id='word_1_247' title='bbox 1102 2731 1250 2778; x_wconf 91' lang='lat' dir='ltr'><strong>quum</strong></span> <span class='ocrx_word' id='word_1_248' title='bbox 1297 2712 1568 2777; x_wconf 77' lang='lat' dir='ltr'><strong>opinionem</strong></span> <span class='ocrx_word' id='word_1_249' title='bbox 1619 2713 1680 2760; x_wconf 89' lang='lat' dir='ltr'><strong>de</strong></span> <span class='ocrx_word' id='word_1_250' title='bbox 1729 2713 1824 2761; x_wconf 91' lang='lat' dir='ltr'><strong>diis</strong></span> <span class='ocrx_word' id='word_1_251' title='bbox 1871 2714 2015 2779; x_wconf 86' lang='lat' dir='ltr'><strong>vulgo</strong></span> 
     </span>
     <span class='ocr_line' id='line_1_32' title="bbox 355 2793 2018 2856; baseline 0 -14"><span class='ocrx_word' id='word_1_252' title='bbox 355 2799 647 2855; x_wconf 90' lang='lat' dir='ltr'><strong>conceptam</strong></span> <span class='ocrx_word' id='word_1_253' title='bbox 667 2795 982 2856; x_wconf 85' lang='lat' dir='ltr'><strong>improbaret,</strong></span> <span class='ocrx_word' id='word_1_254' title='bbox 1007 2802 1167 2842; x_wconf 86' lang='lat' dir='ltr'><strong>tamen</strong></span> <span class='ocrx_word' id='word_1_255' title='bbox 1196 2794 1397 2843; x_wconf 88' lang='lat' dir='ltr'><strong>usitatas</strong></span> <span class='ocrx_word' id='word_1_256' title='bbox 1423 2797 1781 2856; x_wconf 87' lang='lat' dir='ltr'><strong>perceptasque</strong></span> <span class='ocrx_word' id='word_1_257' title='bbox 1815 2793 2018 2842; x_wconf 89' lang='lat' dir='ltr'><strong>deorum</strong></span> 
     </span>
     <span class='ocr_line' id='line_1_33' title="bbox 354 2871 2016 2938; baseline -0.002 -16"><span class='ocrx_word' id='word_1_258' title='bbox 354 2873 653 2938; x_wconf 85' lang='lat' dir='ltr'><strong>cognitiones</strong></span> <span class='ocrx_word' id='word_1_259' title='bbox 687 2874 890 2921; x_wconf 88' lang='lat' dir='ltr'><strong>minime</strong></span> <span class='ocrx_word' id='word_1_260' title='bbox 923 2873 1139 2922; x_wconf 86' lang='lat' dir='ltr'><strong>tollebat.</strong></span> <span class='ocrx_word' id='word_1_261' title='bbox 1204 2874 1248 2922; x_wconf 91' lang='lat' dir='ltr'><strong>A</strong></span> <span class='ocrx_word' id='word_1_262' title='bbox 1282 2871 1645 2920; x_wconf 86' lang='lat' dir='ltr'><strong>contemnendis</strong></span> <span class='ocrx_word' id='word_1_263' title='bbox 1677 2887 1795 2919; x_wconf 86' lang='lat' dir='ltr'><strong>vero</strong></span> <span class='ocrx_word' id='word_1_264' title='bbox 1828 2872 2016 2935; x_wconf 90' lang='lat' dir='ltr'><strong>religio·</strong></span> 
     </span>
     <span class='ocr_line' id='line_1_34' title="bbox 355 2950 2016 3018; baseline -0.002 -17"><span class='ocrx_word' id='word_1_265' title='bbox 355 2952 499 3002; x_wconf 91' lang='lat' dir='ltr'><strong>nibus</strong></span> <span class='ocrx_word' id='word_1_266' title='bbox 543 2956 710 3000; x_wconf 90' lang='lat' dir='ltr'><strong>noster</strong></span> <span class='ocrx_word' id='word_1_267' title='bbox 742 2959 843 3000; x_wconf 87' lang='lat' dir='ltr'><strong>tam</strong></span> <span class='ocrx_word' id='word_1_268' title='bbox 876 2953 1023 3018; x_wconf 87' lang='lat' dir='ltr'><strong>longe</strong></span> <span class='ocrx_word' id='word_1_269' title='bbox 1057 2953 1243 3013; x_wconf 88' lang='lat' dir='ltr'><strong>aberat,</strong></span> <span class='ocrx_word' id='word_1_270' title='bbox 1277 2957 1334 2999; x_wconf 90' lang='lat' dir='ltr'><strong>ut</strong></span> <span class='ocrx_word' id='word_1_271' title='bbox 1365 2954 1463 2999; x_wconf 81' lang='lat' dir='ltr'><strong>non</strong></span> <span class='ocrx_word' id='word_1_272' title='bbox 1495 2950 1762 2999; x_wconf 88' lang='lat' dir='ltr'><strong>tollendam</strong></span> <span class='ocrx_word' id='word_1_273' title='bbox 1796 2966 1907 2999; x_wconf 72' lang='lat' dir='ltr'><strong>esse</strong></span> <span class='ocrx_word' id='word_1_274' title='bbox 1941 2950 2016 2998; x_wconf 90' lang='lat' dir='ltr'><strong>di-</strong></span> 
     </span>
     <span class='ocr_line' id='line_1_35' title="bbox 353 3030 2016 3096; baseline 0 -17"><span class='ocrx_word' id='word_1_275' title='bbox 353 3030 682 3087; x_wconf 84' lang='lat' dir='ltr'><strong>vinationem,</strong></span> <span class='ocrx_word' id='word_1_276' title='bbox 718 3031 928 3094; x_wconf 87' lang='lat' dir='ltr'><strong>cultum,</strong></span> <span class='ocrx_word' id='word_1_277' title='bbox 964 3033 1204 3089; x_wconf 91' lang='lat' dir='ltr'><strong>honores,</strong></span> <span class='ocrx_word' id='word_1_278' title='bbox 1239 3045 1444 3096; x_wconf 79' lang='lat' dir='ltr'><strong>preceS,</strong></span> <span class='ocrx_word' id='word_1_279' title='bbox 1481 3045 1604 3092; x_wconf 88' lang='lat' dir='ltr'><strong>quae</strong></span> <span class='ocrx_word' id='word_1_280' title='bbox 1637 3031 1730 3078; x_wconf 89' lang='lat' dir='ltr'><strong>diis</strong></span> <span class='ocrx_word' id='word_1_281' title='bbox 1763 3031 2016 3079; x_wconf 86' lang='lat' dir='ltr'><strong>immorta-</strong></span> 
     </span>
     <span class='ocr_line' id='line_1_36' title="bbox 356 3109 2014 3172; baseline -0.001 -13"><span class='ocrx_word' id='word_1_282' title='bbox 356 3110 486 3160; x_wconf 88' lang='lat' dir='ltr'><strong>libus</strong></span> <span class='ocrx_word' id='word_1_283' title='bbox 522 3110 903 3172; x_wconf 88' lang='lat' dir='ltr'><strong>adhiberentur,</strong></span> <span class='ocrx_word' id='word_1_284' title='bbox 938 3112 1281 3171; x_wconf 83' lang='lat' dir='ltr'><strong>arbitraretur,</strong></span> <span class='ocrx_word' id='word_1_285' title='bbox 1331 3110 1420 3158; x_wconf 88' lang='lat' dir='ltr'><strong>sed</strong></span> <span class='ocrx_word' id='word_1_286' title='bbox 1454 3109 1748 3172; x_wconf 89' lang='lat' dir='ltr'><strong>puritatem,</strong></span> <span class='ocrx_word' id='word_1_287' title='bbox 1784 3109 2014 3158; x_wconf 85' lang='lat' dir='ltr'><strong>sanctita-</strong></span> 
     </span>
     <span class='ocr_line' id='line_1_37' title="bbox 356 3187 2016 3255; baseline -0.001 -16"><span class='ocrx_word' id='word_1_288' title='bbox 356 3195 486 3249; x_wconf 87' lang='lat' dir='ltr'><strong>tem,</strong></span> <span class='ocrx_word' id='word_1_289' title='bbox 522 3191 761 3254; x_wconf 85' lang='lat' dir='ltr'><strong>pietatem</strong></span> <span class='ocrx_word' id='word_1_290' title='bbox 795 3207 994 3255; x_wconf 80' lang='lat' dir='ltr'><strong>eorum,</strong></span> <span class='ocrx_word' id='word_1_291' title='bbox 1028 3191 1111 3255; x_wconf 91' lang='lat' dir='ltr'><strong>qui</strong></span> <span class='ocrx_word' id='word_1_292' title='bbox 1144 3189 1452 3247; x_wconf 88' lang='lat' dir='ltr'><strong>adhiberent,</strong></span> <span class='ocrx_word' id='word_1_293' title='bbox 1487 3191 1774 3253; x_wconf 85' lang='lat' dir='ltr'><strong>augendam.</strong></span> <span class='ocrx_word' id='word_1_294' title='bbox 1841 3187 2016 3251; x_wconf 86' lang='lat' dir='ltr'><strong>Neque</strong></span> 
     </span>
    </p>
   </div>
   <div class='ocr_carea' id='block_1_3' title="bbox 413 3332 2013 3483">
    <p class='ocr_par' dir='ltr' id='par_1_3' title="bbox 413 3332 2013 3483">
     <span class='ocr_line' id='line_1_38' title="bbox 413 3332 2013 3412; baseline -0.002 -13"><span class='ocrx_word' id='word_1_295' title='bbox 413 3356 466 3411; x_wconf 60' lang='grc' dir='ltr'><strong>Ὅ</strong></span> <span class='ocrx_word' id='word_1_296' title='bbox 504 3356 678 3399; x_wconf 85' lang='lat' dir='ltr'><strong>Hecub.</strong></span> <span class='ocrx_word' id='word_1_297' title='bbox 707 3332 965 3401; x_wconf 74' lang='lat'><strong>952-958.</strong></span> <span class='ocrx_word' id='word_1_298' title='bbox 1008 3356 1174 3403; x_wconf 81' lang='lat' dir='ltr'><strong>Troad.</strong></span> <span class='ocrx_word' id='word_1_299' title='bbox 1201 3355 1287 3400; x_wconf 80' lang='lat'><strong>890</strong></span> <span class='ocrx_word' id='word_1_300' title='bbox 1311 3370 1433 3412; x_wconf 83' lang='lat' dir='ltr'><strong>seqq.</strong></span> <span class='ocrx_word' id='word_1_301' title='bbox 1475 3356 1533 3400; x_wconf 81' lang='lat' dir='ltr'><strong>cf.</strong></span> <span class='ocrx_word' id='word_1_302' title='bbox 1563 3367 1676 3411; x_wconf 84' lang='lat' dir='ltr'><strong>quae</strong></span> <span class='ocrx_word' id='word_1_303' title='bbox 1701 3354 1847 3398; x_wconf 81' lang='lat' dir='ltr'><strong>Hasse</strong></span> <span class='ocrx_word' id='word_1_304' title='bbox 1877 3354 2013 3397; x_wconf 86' lang='lat' dir='ltr'><strong>colle-</strong></span> 
     </span>
     <span class='ocr_line' id='line_1_39' title="bbox 504 3425 740 3483; baseline 0 -13"><span class='ocrx_word' id='word_1_305' title='bbox 504 3427 572 3483; x_wconf 88' lang='lat' dir='ltr'><strong>git</strong></span> <span class='ocrx_word' id='word_1_306' title='bbox 599 3441 642 3482; x_wconf 84' lang='lat' dir='ltr'><strong>p·</strong></span> <span class='ocrx_word' id='word_1_307' title='bbox 670 3425 740 3470; x_wconf 76' lang='lat'><strong>37.</strong></span> 
     </span>
    </p>
   </div>
  </div>
 </body>
</html>
