<?xml version="1.0" encoding="UTF-8"?>
<!DOCTYPE html PUBLIC "-//W3C//DTD XHTML 1.0 Transitional//EN"
    "http://www.w3.org/TR/xhtml1/DTD/xhtml1-transitional.dtd">
<html xmlns="http://www.w3.org/1999/xhtml" xml:lang="en" lang="en">
 <head>
  <title>
</title>
<meta http-equiv="Content-Type" content="text/html;charset=utf-8" />
  <meta name='ocr-system' content='tesseract 3.04.00' />
  <meta name='ocr-capabilities' content='ocr_page ocr_carea ocr_par ocr_line ocrx_word'/>
</head>
<body>
  <div class='ocr_page' id='page_1' title='image "./euripidesrestitu02hartuoft_0106.png"; bbox 0 0 2170 3848; ppageno 0'>
   <div class='ocr_carea' id='block_1_1' title="bbox 1207 243 1290 299">
    <p class='ocr_par' dir='ltr' id='par_1_1' title="bbox 1207 243 1290 299">
     <span class='ocr_line' id='line_1_1' title="bbox 1207 243 1290 299; baseline 0 0"><span class='ocrx_word' id='word_1_1' title='bbox 1207 243 1290 299; x_wconf 79' lang='lat'><strong>94</strong></span> 
     </span>
    </p>
   </div>
   <div class='ocr_carea' id='block_1_2' title="bbox 386 387 2140 3406">
    <p class='ocr_par' dir='ltr' id='par_1_2' title="bbox 386 387 2140 3406">
     <span class='ocr_line' id='line_1_2' title="bbox 415 387 2079 455; baseline 0.001 -14"><span class='ocrx_word' id='word_1_2' title='bbox 415 391 547 441; x_wconf 87' lang='lat' dir='ltr'><strong>dicta</strong></span> <span class='ocrx_word' id='word_1_3' title='bbox 577 387 866 452; x_wconf 83' lang='lat' dir='ltr'><strong>interierint,</strong></span> <span class='ocrx_word' id='word_1_4' title='bbox 901 389 1010 438; x_wconf 86' lang='lat' dir='ltr'><strong>iure</strong></span> <span class='ocrx_word' id='word_1_5' title='bbox 1043 390 1318 453; x_wconf 91' lang='lat' dir='ltr'><strong>meritoque</strong></span> <span class='ocrx_word' id='word_1_6' title='bbox 1352 389 1607 453; x_wconf 76' lang='lat' dir='ltr'><strong>sepultura</strong></span> <span class='ocrx_word' id='word_1_7' title='bbox 1639 396 1858 442; x_wconf 87' lang='lat' dir='ltr'><strong>mortuos</strong></span> <span class='ocrx_word' id='word_1_8' title='bbox 1883 392 2079 455; x_wconf 85' lang='lat' dir='ltr'><strong>privari.</strong></span> 
     </span>
     <span class='ocr_line' id='line_1_3' title="bbox 415 469 2081 536; baseline 0.002 -18"><span class='ocrx_word' id='word_1_9' title='bbox 415 470 667 533; x_wconf 80' lang='lat' dir='ltr'><strong>Quidquid</strong></span> <span class='ocrx_word' id='word_1_10' title='bbox 712 469 840 517; x_wconf 90' lang='lat' dir='ltr'><strong>enim</strong></span> <span class='ocrx_word' id='word_1_11' title='bbox 888 471 1223 534; x_wconf 77' lang='lat' dir='ltr'><strong>peccaverint,</strong></span> <span class='ocrx_word' id='word_1_12' title='bbox 1273 469 1426 517; x_wconf 86' lang='lat' dir='ltr'><strong>caede</strong></span> <span class='ocrx_word' id='word_1_13' title='bbox 1475 483 1641 519; x_wconf 89' lang='lat' dir='ltr'><strong>eorum</strong></span> <span class='ocrx_word' id='word_1_14' title='bbox 1684 472 1932 536; x_wconf 80' lang='lat' dir='ltr'><strong>expiatum</strong></span> <span class='ocrx_word' id='word_1_15' title='bbox 1967 488 2081 522; x_wconf 81' lang='lat' dir='ltr'><strong>esse</strong></span> 
     </span>
     <span class='ocr_line' id='line_1_4' title="bbox 414 549 2081 616; baseline 0.002 -18"><span class='ocrx_word' id='word_1_16' title='bbox 414 551 587 609; x_wconf 89' lang='lat' dir='ltr'><strong>docet,</strong></span> <span class='ocrx_word' id='word_1_17' title='bbox 637 564 797 612; x_wconf 90' lang='lat' dir='ltr'><strong>neque</strong></span> <span class='ocrx_word' id='word_1_18' title='bbox 830 550 959 598; x_wconf 88' lang='lat' dir='ltr'><strong>ultra</strong></span> <span class='ocrx_word' id='word_1_19' title='bbox 993 556 1206 598; x_wconf 88' lang='lat' dir='ltr'><strong>mortem</strong></span> <span class='ocrx_word' id='word_1_20' title='bbox 1250 549 1486 613; x_wconf 91' lang='lat' dir='ltr'><strong>puniendi</strong></span> <span class='ocrx_word' id='word_1_21' title='bbox 1522 550 1772 599; x_wconf 83' lang='lat' dir='ltr'><strong>saevitiam</strong></span> <span class='ocrx_word' id='word_1_22' title='bbox 1809 552 2081 616; x_wconf 84' lang='lat' dir='ltr'><strong>procedere</strong></span> 
     </span>
     <span class='ocr_line' id='line_1_5' title="bbox 411 629 2082 697; baseline 0.003 -21"><span class='ocrx_word' id='word_1_23' title='bbox 411 629 621 689; x_wconf 84' lang='lat' dir='ltr'><strong>debere3</strong></span> <span class='ocrx_word' id='word_1_24' title='bbox 650 644 773 681; x_wconf 76' lang='lat' dir='ltr'><strong>,esse</strong></span> <span class='ocrx_word' id='word_1_25' title='bbox 807 645 1018 693; x_wconf 86' lang='lat' dir='ltr'><strong>corpora</strong></span> <span class='ocrx_word' id='word_1_26' title='bbox 1050 635 1242 688; x_wconf 88' lang='lat' dir='ltr'><strong>terrae,</strong></span> <span class='ocrx_word' id='word_1_27' title='bbox 1279 629 1462 676; x_wconf 86' lang='lat' dir='ltr'><strong>animas</strong></span> <span class='ocrx_word' id='word_1_28' title='bbox 1496 629 1714 692; x_wconf 78' lang='lat' dir='ltr'><strong>aetheri,</strong></span> <span class='ocrx_word' id='word_1_29' title='bbox 1770 631 1958 697; x_wconf 86' lang='lat' dir='ltr'><strong>singula</strong></span> <span class='ocrx_word' id='word_1_30' title='bbox 1992 633 2082 681; x_wconf 89' lang='lat' dir='ltr'><strong>do-</strong></span> 
     </span>
     <span class='ocr_line' id='line_1_6' title="bbox 411 708 2082 773; baseline 0.004 -18"><span class='ocrx_word' id='word_1_31' title='bbox 411 708 578 768; x_wconf 91' lang='lat' dir='ltr'><strong>minis,</strong></span> <span class='ocrx_word' id='word_1_32' title='bbox 615 708 700 771; x_wconf 92' lang='lat' dir='ltr'><strong>qui</strong></span> <span class='ocrx_word' id='word_1_33' title='bbox 734 710 871 773; x_wconf 86' lang='lat' dir='ltr'><strong>quasi</strong></span> <span class='ocrx_word' id='word_1_34' title='bbox 906 708 1353 769; x_wconf 74' lang='lat' dir='ltr'><strong>commodaverint,</strong></span> <span class='ocrx_word' id='word_1_35' title='bbox 1399 709 1683 770; x_wconf 88' lang='lat' dir='ltr'><strong>reddenda;</strong></span> <span class='ocrx_word' id='word_1_36' title='bbox 1738 715 1791 759; x_wconf 90' lang='lat' dir='ltr'><strong>et</strong></span> <span class='ocrx_word' id='word_1_37' title='bbox 1822 711 2082 762; x_wconf 86' lang='lat' dir='ltr'><strong>universae</strong></span> 
     </span>
     <span class='ocr_line' id='line_1_7' title="bbox 411 787 2079 853; baseline 0.002 -16"><span class='ocrx_word' id='word_1_38' title='bbox 411 787 671 844; x_wconf 76' lang='lat' dir='ltr'><strong>Graeciae,</strong></span> <span class='ocrx_word' id='word_1_39' title='bbox 706 794 763 836; x_wconf 92' lang='lat' dir='ltr'><strong>ut</strong></span> <span class='ocrx_word' id='word_1_40' title='bbox 795 805 903 838; x_wconf 91' lang='lat' dir='ltr'><strong>mos</strong></span> <span class='ocrx_word' id='word_1_41' title='bbox 937 789 1334 853; x_wconf 87' lang='lat' dir='ltr'><strong>sepeliendorum</strong></span> <span class='ocrx_word' id='word_1_42' title='bbox 1368 795 1680 838; x_wconf 90' lang='lat' dir='ltr'><strong>mortuorum</strong></span> <span class='ocrx_word' id='word_1_43' title='bbox 1715 795 1970 852; x_wconf 82' lang='lat' dir='ltr'><strong>servetur,</strong></span> <span class='ocrx_word' id='word_1_44' title='bbox 2002 791 2079 840; x_wconf 89' lang='lat' dir='ltr'><strong>in-</strong></span> 
     </span>
     <span class='ocr_line' id='line_1_8' title="bbox 409 867 2079 931; baseline 0.002 -16"><span class='ocrx_word' id='word_1_45' title='bbox 409 873 626 916; x_wconf 85' lang='lat' dir='ltr'><strong>teresse:</strong></span> <span class='ocrx_word' id='word_1_46' title='bbox 673 867 872 931; x_wconf 82' lang='lat' dir='ltr'><strong>infringi</strong></span> <span class='ocrx_word' id='word_1_47' title='bbox 907 870 1034 917; x_wconf 91' lang='lat' dir='ltr'><strong>enim</strong></span> <span class='ocrx_word' id='word_1_48' title='bbox 1070 870 1328 928; x_wconf 89' lang='lat' dir='ltr'><strong>virtutem,</strong></span> <span class='ocrx_word' id='word_1_49' title='bbox 1373 869 1416 917; x_wconf 91' lang='lat' dir='ltr'><strong>si</strong></span> <span class='ocrx_word' id='word_1_50' title='bbox 1450 868 1594 917; x_wconf 90' lang='lat' dir='ltr'><strong>aliter</strong></span> <span class='ocrx_word' id='word_1_51' title='bbox 1628 869 1730 918; x_wconf 83' lang='lat' dir='ltr'><strong>fiat.</strong></span> <span class='ocrx_word' id='word_1_52' title='bbox 1797 869 2079 919; x_wconf 88' lang='lat' dir='ltr'><strong>Absurdum</strong></span> 
     </span>
     <span class='ocr_line' id='line_1_9' title="bbox 408 947 2079 1012; baseline 0.001 -16"><span class='ocrx_word' id='word_1_53' title='bbox 408 954 576 996; x_wconf 91' lang='lat' dir='ltr'><strong>autem</strong></span> <span class='ocrx_word' id='word_1_54' title='bbox 625 963 738 995; x_wconf 91' lang='lat' dir='ltr'><strong>esse</strong></span> <span class='ocrx_word' id='word_1_55' title='bbox 782 947 991 996; x_wconf 88' lang='lat' dir='ltr'><strong>eundem</strong></span> <span class='ocrx_word' id='word_1_56' title='bbox 1038 948 1266 1012; x_wconf 89' lang='lat' dir='ltr'><strong>sepulcra</strong></span> <span class='ocrx_word' id='word_1_57' title='bbox 1301 952 1605 997; x_wconf 90' lang='lat' dir='ltr'><strong>mortuorum</strong></span> <span class='ocrx_word' id='word_1_58' title='bbox 1649 950 1826 999; x_wconf 84' lang='lat' dir='ltr'><strong>timere</strong></span> <span class='ocrx_word' id='word_1_59' title='bbox 1860 954 1910 998; x_wconf 92' lang='lat' dir='ltr'><strong>et</strong></span> <span class='ocrx_word' id='word_1_60' title='bbox 1943 949 2079 999; x_wconf 88' lang='lat' dir='ltr'><strong>fero-</strong></span> 
     </span>
     <span class='ocr_line' id='line_1_10' title="bbox 408 1027 2079 1093; baseline 0.002 -18"><span class='ocrx_word' id='word_1_61' title='bbox 408 1028 512 1076; x_wconf 88' lang='lat' dir='ltr'><strong>cire</strong></span> <span class='ocrx_word' id='word_1_62' title='bbox 544 1028 593 1075; x_wconf 90' lang='lat' dir='ltr'><strong>in</strong></span> <span class='ocrx_word' id='word_1_63' title='bbox 629 1027 942 1091; x_wconf 81' lang='lat' dir='ltr'><strong>superstites,</strong></span> <span class='ocrx_word' id='word_1_64' title='bbox 995 1045 1154 1092; x_wconf 90' lang='lat' dir='ltr'><strong>neque</strong></span> <span class='ocrx_word' id='word_1_65' title='bbox 1188 1028 1465 1093; x_wconf 88' lang='lat' dir='ltr'><strong>intelligere</strong></span> <span class='ocrx_word' id='word_1_66' title='bbox 1510 1029 1650 1092; x_wconf 89' lang='lat' dir='ltr'><strong>quasi</strong></span> <span class='ocrx_word' id='word_1_67' title='bbox 1684 1029 1929 1078; x_wconf 89' lang='lat' dir='ltr'><strong>luctamen</strong></span> <span class='ocrx_word' id='word_1_68' title='bbox 1965 1045 2079 1079; x_wconf 85' lang='lat' dir='ltr'><strong>esse</strong></span> 
     </span>
     <span class='ocr_line' id='line_1_11' title="bbox 404 1107 2080 1174; baseline 0.002 -18"><span class='ocrx_word' id='word_1_69' title='bbox 404 1109 552 1156; x_wconf 82' lang='lat' dir='ltr'><strong>vitam</strong></span> <span class='ocrx_word' id='word_1_70' title='bbox 586 1107 864 1166; x_wconf 76' lang='lat' dir='ltr'><strong>humanam,</strong></span> <span class='ocrx_word' id='word_1_71' title='bbox 899 1108 1138 1157; x_wconf 82' lang='lat' dir='ltr'><strong>illudente</strong></span> <span class='ocrx_word' id='word_1_72' title='bbox 1171 1108 1311 1158; x_wconf 89' lang='lat' dir='ltr'><strong>nobis</strong></span> <span class='ocrx_word' id='word_1_73' title='bbox 1346 1107 1560 1169; x_wconf 85' lang='lat' dir='ltr'><strong>fortuna,</strong></span> <span class='ocrx_word' id='word_1_74' title='bbox 1596 1124 1691 1172; x_wconf 92' lang='lat' dir='ltr'><strong>quo</strong></span> <span class='ocrx_word' id='word_1_75' title='bbox 1724 1109 1991 1174; x_wconf 67' lang='lat' dir='ltr'><strong>impensius</strong></span> <span class='ocrx_word' id='word_1_76' title='bbox 2026 1114 2080 1159; x_wconf 86' lang='lat' dir='ltr'><strong>et</strong></span> 
     </span>
     <span class='ocr_line' id='line_1_12' title="bbox 405 1187 2075 1253; baseline 0.001 -16"><span class='ocrx_word' id='word_1_77' title='bbox 405 1205 434 1237; x_wconf 89' lang='lat' dir='ltr'><strong>a</strong></span> <span class='ocrx_word' id='word_1_78' title='bbox 479 1187 670 1236; x_wconf 84' lang='lat' dir='ltr'><strong>miseris</strong></span> <span class='ocrx_word' id='word_1_79' title='bbox 730 1190 783 1235; x_wconf 92' lang='lat' dir='ltr'><strong>et</strong></span> <span class='ocrx_word' id='word_1_80' title='bbox 828 1204 855 1235; x_wconf 89' lang='lat' dir='ltr'><strong>a</strong></span> <span class='ocrx_word' id='word_1_81' title='bbox 902 1188 1059 1236; x_wconf 90' lang='lat' dir='ltr'><strong>beatis</strong></span> <span class='ocrx_word' id='word_1_82' title='bbox 1111 1188 1315 1236; x_wconf 91' lang='lat' dir='ltr'><strong>colatur.</strong></span> <span class='ocrx_word' id='word_1_83' title='bbox 1394 1187 1502 1235; x_wconf 90' lang='lat' dir='ltr'><strong>Hoc</strong></span> <span class='ocrx_word' id='word_1_84' title='bbox 1550 1188 1679 1236; x_wconf 91' lang='lat' dir='ltr'><strong>enim</strong></span> <span class='ocrx_word' id='word_1_85' title='bbox 1706 1189 1810 1252; x_wconf 28' lang='lat' dir='ltr'><strong>*qui</strong></span> <span class='ocrx_word' id='word_1_86' title='bbox 1860 1193 2075 1253; x_wconf 87' lang='lat' dir='ltr'><strong>reputat,</strong></span> 
     </span>
     <span class='ocr_line' id='line_1_13' title="bbox 404 1266 2075 1332; baseline 0 -15"><span class='ocrx_word' id='word_1_87' title='bbox 404 1284 518 1317; x_wconf 84' lang='lat' dir='ltr'><strong>eum</strong></span> <span class='ocrx_word' id='word_1_88' title='bbox 553 1266 778 1314; x_wconf 89' lang='lat' dir='ltr'><strong>convenit</strong></span> <span class='ocrx_word' id='word_1_89' title='bbox 813 1271 863 1314; x_wconf 90' lang='lat' dir='ltr'><strong>et</strong></span> <span class='ocrx_word' id='word_1_90' title='bbox 895 1267 1090 1315; x_wconf 91' lang='lat' dir='ltr'><strong>modice</strong></span> <span class='ocrx_word' id='word_1_91' title='bbox 1123 1266 1287 1326; x_wconf 83' lang='lat' dir='ltr'><strong>irasci,</strong></span> <span class='ocrx_word' id='word_1_92' title='bbox 1322 1266 1496 1315; x_wconf 89' lang='lat' dir='ltr'><strong>iniuria</strong></span> <span class='ocrx_word' id='word_1_93' title='bbox 1531 1266 1796 1326; x_wconf 83' lang='lat' dir='ltr'><strong>affectum,</strong></span> <span class='ocrx_word' id='word_1_94' title='bbox 1831 1273 1882 1316; x_wconf 90' lang='lat' dir='ltr'><strong>et</strong></span> <span class='ocrx_word' id='word_1_95' title='bbox 1914 1269 2075 1332; x_wconf 90' lang='lat' dir='ltr'><strong>ipsum</strong></span> 
     </span>
     <span class='ocr_line' id='line_1_14' title="bbox 402 1344 2072 1397; baseline -0.001 0"><span class='ocrx_word' id='word_1_96' title='bbox 402 1349 463 1397; x_wconf 91' lang='lat' dir='ltr'><strong>ab</strong></span> <span class='ocrx_word' id='word_1_97' title='bbox 498 1346 687 1395; x_wconf 86' lang='lat' dir='ltr'><strong>iniuriis</strong></span> <span class='ocrx_word' id='word_1_98' title='bbox 721 1345 960 1395; x_wconf 84' lang='lat' dir='ltr'><strong>faciendis</strong></span> <span class='ocrx_word' id='word_1_99' title='bbox 995 1347 1259 1397; x_wconf 89' lang='lat' dir='ltr'><strong>abstinere.</strong></span> <span class='ocrx_word' id='word_1_100' title='bbox 1329 1344 1603 1395; x_wconf 88' lang='lat' dir='ltr'><strong>Stultorum</strong></span> <span class='ocrx_word' id='word_1_101' title='bbox 1651 1353 1728 1396; x_wconf 89' lang='lat' dir='ltr'><strong>est</strong></span> <span class='ocrx_word' id='word_1_102' title='bbox 1784 1347 1912 1397; x_wconf 85' lang='lat' dir='ltr'><strong>velle</strong></span> <span class='ocrx_word' id='word_1_103' title='bbox 1964 1362 2072 1397; x_wconf 89' lang='lat' dir='ltr'><strong>cor-</strong></span> 
     </span>
     <span class='ocr_line' id='line_1_15' title="bbox 401 1425 2074 1493; baseline 0.001 -18"><span class='ocrx_word' id='word_1_104' title='bbox 401 1427 603 1493; x_wconf 86' lang='lat' dir='ltr'><strong>poribus</strong></span> <span class='ocrx_word' id='word_1_105' title='bbox 631 1431 954 1483; x_wconf 89' lang='lat' dir='ltr'><strong>mortuorum,</strong></span> <span class='ocrx_word' id='word_1_106' title='bbox 989 1426 1039 1474; x_wconf 90' lang='lat' dir='ltr'><strong>in</strong></span> <span class='ocrx_word' id='word_1_107' title='bbox 1074 1426 1250 1489; x_wconf 88' lang='lat' dir='ltr'><strong>quibus</strong></span> <span class='ocrx_word' id='word_1_108' title='bbox 1284 1425 1449 1474; x_wconf 86' lang='lat' dir='ltr'><strong>nullus</strong></span> <span class='ocrx_word' id='word_1_109' title='bbox 1485 1427 1673 1476; x_wconf 87' lang='lat' dir='ltr'><strong>residet</strong></span> <span class='ocrx_word' id='word_1_110' title='bbox 1697 1442 1921 1484; x_wconf 77' lang='lat' dir='ltr'><strong>sensuS,</strong></span> <span class='ocrx_word' id='word_1_111' title='bbox 1945 1426 2074 1476; x_wconf 89' lang='lat' dir='ltr'><strong>male</strong></span> 
     </span>
     <span class='ocr_line' id='line_1_16' title="bbox 401 1504 2073 1570; baseline 0.001 -15"><span class='ocrx_word' id='word_1_112' title='bbox 401 1504 675 1555; x_wconf 85' lang='lat' dir='ltr'><strong>tractandis</strong></span> <span class='ocrx_word' id='word_1_113' title='bbox 709 1505 832 1553; x_wconf 89' lang='lat' dir='ltr'><strong>iram</strong></span> <span class='ocrx_word' id='word_1_114' title='bbox 869 1506 1086 1570; x_wconf 84' lang='lat' dir='ltr'><strong>explere,</strong></span> <span class='ocrx_word' id='word_1_115' title='bbox 1124 1505 1202 1553; x_wconf 79' lang='lat' dir='ltr'><strong>vel</strong></span> <span class='ocrx_word' id='word_1_116' title='bbox 1238 1505 1444 1553; x_wconf 88' lang='lat' dir='ltr'><strong>credere</strong></span> <span class='ocrx_word' id='word_1_117' title='bbox 1468 1505 1805 1555; x_wconf 84' lang='lat' dir='ltr'><strong>humationem</strong></span> <span class='ocrx_word' id='word_1_118' title='bbox 1841 1506 1904 1554; x_wconf 90' lang='lat' dir='ltr'><strong>ad</strong></span> <span class='ocrx_word' id='word_1_119' title='bbox 1938 1505 2073 1556; x_wconf 88' lang='lat' dir='ltr'><strong>aliud</strong></span> 
     </span>
     <span class='ocr_line' id='line_1_17' title="bbox 401 1584 2070 1650; baseline 0.001 -15"><span class='ocrx_word' id='word_1_120' title='bbox 401 1586 663 1650; x_wconf 88' lang='lat' dir='ltr'><strong>quicquam</strong></span> <span class='ocrx_word' id='word_1_121' title='bbox 709 1591 910 1647; x_wconf 88' lang='lat' dir='ltr'><strong>praeter</strong></span> <span class='ocrx_word' id='word_1_122' title='bbox 960 1600 1139 1649; x_wconf 90' lang='lat' dir='ltr'><strong>corpus</strong></span> <span class='ocrx_word' id='word_1_123' title='bbox 1184 1585 1452 1648; x_wconf 87' lang='lat' dir='ltr'><strong>pertinere.</strong></span> <span class='ocrx_word' id='word_1_124' title='bbox 1521 1584 1683 1633; x_wconf 90' lang='lat' dir='ltr'><strong>Huius</strong></span> <span class='ocrx_word' id='word_1_125' title='bbox 1727 1602 1922 1650; x_wconf 88' lang='lat' dir='ltr'><strong>quoque</strong></span> <span class='ocrx_word' id='word_1_126' title='bbox 1955 1602 2070 1636; x_wconf 87' lang='lat' dir='ltr'><strong>sen-</strong></span> 
     </span>
     <span class='ocr_line' id='line_1_18' title="bbox 399 1664 2070 1730; baseline -0.001 -15"><span class='ocrx_word' id='word_1_127' title='bbox 399 1666 586 1715; x_wconf 90' lang='lat' dir='ltr'><strong>tentiae</strong></span> <span class='ocrx_word' id='word_1_128' title='bbox 619 1669 795 1712; x_wconf 90' lang='lat' dir='ltr'><strong>auctor</strong></span> <span class='ocrx_word' id='word_1_129' title='bbox 828 1664 1141 1729; x_wconf 84' lang='lat' dir='ltr'><strong>Anaxagoras</strong></span> <span class='ocrx_word' id='word_1_130' title='bbox 1191 1664 1319 1725; x_wconf 86' lang='lat' dir='ltr'><strong>fuit,</strong></span> <span class='ocrx_word' id='word_1_131' title='bbox 1367 1664 1451 1727; x_wconf 89' lang='lat' dir='ltr'><strong>qui</strong></span> <span class='ocrx_word' id='word_1_132' title='bbox 1485 1681 1634 1729; x_wconf 91' lang='lat' dir='ltr'><strong>quum</strong></span> <span class='ocrx_word' id='word_1_133' title='bbox 1670 1665 1932 1730; x_wconf 87' lang='lat' dir='ltr'><strong>Lampsaci</strong></span> <span class='ocrx_word' id='word_1_134' title='bbox 1963 1681 2070 1714; x_wconf 86' lang='lat' dir='ltr'><strong>mo-</strong></span> 
     </span>
     <span class='ocr_line' id='line_1_19' title="bbox 398 1743 2069 1811; baseline 0 -16"><span class='ocrx_word' id='word_1_135' title='bbox 398 1750 621 1806; x_wconf 90' lang='lat' dir='ltr'><strong>reretur,</strong></span> <span class='ocrx_word' id='word_1_136' title='bbox 670 1744 1020 1807; x_wconf 88' lang='lat' dir='ltr'><strong>quaerentibus</strong></span> <span class='ocrx_word' id='word_1_137' title='bbox 1063 1744 1248 1804; x_wconf 89' lang='lat' dir='ltr'><strong>amicis,</strong></span> <span class='ocrx_word' id='word_1_138' title='bbox 1283 1743 1498 1792; x_wconf 85' lang='lat' dir='ltr'><strong>velletne</strong></span> <span class='ocrx_word' id='word_1_139' title='bbox 1533 1744 1851 1794; x_wconf 88' lang='lat' dir='ltr'><strong>Clazomenas</strong></span> <span class='ocrx_word' id='word_1_140' title='bbox 1896 1745 1949 1795; x_wconf 91' lang='lat' dir='ltr'><strong>in</strong></span> <span class='ocrx_word' id='word_1_141' title='bbox 1979 1761 2069 1811; x_wconf 90' lang='lat' dir='ltr'><strong>pa-</strong></span> 
     </span>
     <span class='ocr_line' id='line_1_20' title="bbox 397 1822 2067 1888; baseline 0.001 -15"><span class='ocrx_word' id='word_1_142' title='bbox 397 1825 572 1886; x_wconf 89' lang='lat' dir='ltr'><strong>triam,</strong></span> <span class='ocrx_word' id='word_1_143' title='bbox 619 1823 661 1872; x_wconf 93' lang='lat' dir='ltr'><strong>si</strong></span> <span class='ocrx_word' id='word_1_144' title='bbox 696 1822 815 1886; x_wconf 91' lang='lat' dir='ltr'><strong>quid</strong></span> <span class='ocrx_word' id='word_1_145' title='bbox 848 1823 1137 1884; x_wconf 89' lang='lat' dir='ltr'><strong>accidisset,</strong></span> <span class='ocrx_word' id='word_1_146' title='bbox 1183 1823 1397 1884; x_wconf 85' lang='lat' dir='ltr'><strong>auferri,</strong></span> <span class='ocrx_word' id='word_1_147' title='bbox 1443 1823 1580 1874; x_wconf 88' lang='lat' dir='ltr'><strong>Nihil</strong></span> <span class='ocrx_word' id='word_1_148' title='bbox 1613 1840 1819 1874; x_wconf 87' lang='lat' dir='ltr'><strong>necesse</strong></span> <span class='ocrx_word' id='word_1_149' title='bbox 1854 1830 1957 1888; x_wconf 87' lang='lat' dir='ltr'><strong>est,</strong></span> <span class='ocrx_word' id='word_1_150' title='bbox 1991 1825 2067 1874; x_wconf 92' lang='lat' dir='ltr'><strong>in-</strong></span> 
     </span>
     <span class='ocr_line' id='line_1_21' title="bbox 398 1902 2069 1969; baseline 0.001 -16"><span class='ocrx_word' id='word_1_151' title='bbox 398 1905 532 1969; x_wconf 87' lang='lat' dir='ltr'><strong>quit:</strong></span> <span class='ocrx_word' id='word_1_152' title='bbox 580 1903 796 1966; x_wconf 90' lang='lat' dir='ltr'><strong>undique</strong></span> <span class='ocrx_word' id='word_1_153' title='bbox 847 1904 975 1952; x_wconf 88' lang='lat' dir='ltr'><strong>enim</strong></span> <span class='ocrx_word' id='word_1_154' title='bbox 1021 1904 1083 1951; x_wconf 88' lang='lat' dir='ltr'><strong>ad</strong></span> <span class='ocrx_word' id='word_1_155' title='bbox 1128 1902 1315 1951; x_wconf 85' lang='lat' dir='ltr'><strong>inferos</strong></span> <span class='ocrx_word' id='word_1_156' title='bbox 1360 1903 1666 1953; x_wconf 89' lang='lat' dir='ltr'><strong>tantumdem</strong></span> <span class='ocrx_word' id='word_1_157' title='bbox 1700 1905 1808 1953; x_wconf 90' lang='lat' dir='ltr'><strong>viae</strong></span> <span class='ocrx_word' id='word_1_158' title='bbox 1841 1909 1934 1954; x_wconf 87' lang='lat' dir='ltr'><strong>est.</strong></span> <span class='ocrx_word' id='word_1_159' title='bbox 2000 1904 2069 1955; x_wconf 79' lang='lat' dir='ltr'><strong>Et</strong></span> 
     </span>
     <span class='ocr_line' id='line_1_22' title="bbox 398 1983 2065 2047; baseline 0.001 -14"><span class='ocrx_word' id='word_1_160' title='bbox 398 1984 608 2034; x_wconf 88' lang='lat' dir='ltr'><strong>eandem</strong></span> <span class='ocrx_word' id='word_1_161' title='bbox 643 1983 872 2031; x_wconf 87' lang='lat' dir='ltr'><strong>Socrates</strong></span> <span class='ocrx_word' id='word_1_162' title='bbox 922 1983 1178 2046; x_wconf 82' lang='lat' dir='ltr'><strong>amplexus</strong></span> <span class='ocrx_word' id='word_1_163' title='bbox 1228 1988 1334 2040; x_wconf 90' lang='lat' dir='ltr'><strong>est,</strong></span> <span class='ocrx_word' id='word_1_164' title='bbox 1389 1984 1472 2046; x_wconf 91' lang='lat' dir='ltr'><strong>qui</strong></span> <span class='ocrx_word' id='word_1_165' title='bbox 1505 1985 1720 2032; x_wconf 87' lang='lat' dir='ltr'><strong>moriens</strong></span> <span class='ocrx_word' id='word_1_166' title='bbox 1754 2000 1903 2047; x_wconf 83' lang='lat' dir='ltr'><strong>aegre</strong></span> <span class='ocrx_word' id='word_1_167' title='bbox 1935 1985 2065 2046; x_wconf 89' lang='lat' dir='ltr'><strong>tulit,</strong></span> 
     </span>
     <span class='ocr_line' id='line_1_23' title="bbox 397 2062 2065 2128; baseline 0 -15"><span class='ocrx_word' id='word_1_168' title='bbox 397 2064 528 2128; x_wconf 92' lang='lat' dir='ltr'><strong>quod</strong></span> <span class='ocrx_word' id='word_1_169' title='bbox 562 2064 729 2112; x_wconf 58' lang='lat' dir='ltr'><strong>‘multa</strong></span> <span class='ocrx_word' id='word_1_170' title='bbox 775 2078 926 2127; x_wconf 87' lang='lat' dir='ltr'><strong>opera</strong></span> <span class='ocrx_word' id='word_1_171' title='bbox 972 2068 1259 2125; x_wconf 89' lang='lat' dir='ltr'><strong>consumpta</strong></span> <span class='ocrx_word' id='word_1_172' title='bbox 1303 2078 1399 2111; x_wconf 90' lang='lat' dir='ltr'><strong>non</strong></span> <span class='ocrx_word' id='word_1_173' title='bbox 1444 2062 1691 2126; x_wconf 88' lang='lat' dir='ltr'><strong>potuisset</strong></span> <span class='ocrx_word' id='word_1_174' title='bbox 1726 2062 1917 2112; x_wconf 88' lang='lat' dir='ltr'><strong>Critoni</strong></span> <span class='ocrx_word' id='word_1_175' title='bbox 1948 2080 2065 2128; x_wconf 89' lang='lat' dir='ltr'><strong>per-</strong></span> 
     </span>
     <span class='ocr_line' id='line_1_24' title="bbox 397 2142 2064 2206; baseline -0.001 -13"><span class='ocrx_word' id='word_1_176' title='bbox 397 2145 610 2193; x_wconf 91' lang='lat' dir='ltr'><strong>suadere</strong></span> <span class='ocrx_word' id='word_1_177' title='bbox 672 2159 727 2192; x_wconf 92' lang='lat' dir='ltr'><strong>se</strong></span> <span class='ocrx_word' id='word_1_178' title='bbox 775 2143 890 2192; x_wconf 92' lang='lat' dir='ltr'><strong>hinc</strong></span> <span class='ocrx_word' id='word_1_179' title='bbox 938 2143 1266 2200; x_wconf 83' lang='lat' dir='ltr'><strong>avolaturum,</strong></span> <span class='ocrx_word' id='word_1_180' title='bbox 1312 2157 1519 2206; x_wconf 87' lang='lat' dir='ltr'><strong>neque</strong></span> <span class='ocrx_word' id='word_1_181' title='bbox 1569 2142 1909 2205; x_wconf 88' lang='lat' dir='ltr'><strong>quicquam</strong></span> <span class='ocrx_word' id='word_1_182' title='bbox 1965 2143 2064 2192; x_wconf 92' lang='lat' dir='ltr'><strong>sui</strong></span> 
     </span>
     <span class='ocr_line' id='line_1_25' title="bbox 396 2221 2064 2285; baseline -0.001 -12"><span class='ocrx_word' id='word_1_183' title='bbox 396 2224 795 2273; x_wconf 89' lang='lat' dir='ltr'><strong>relicturum.</strong></span> <span class='ocrx_word' id='word_1_184' title='bbox 866 2222 1004 2270; x_wconf 88' lang='lat' dir='ltr'><strong>Haec</strong></span> <span class='ocrx_word' id='word_1_185' title='bbox 1038 2222 1188 2284; x_wconf 86' lang='lat' dir='ltr'><strong>igitur</strong></span> <span class='ocrx_word' id='word_1_186' title='bbox 1220 2223 1436 2269; x_wconf 87' lang='lat' dir='ltr'><strong>sentiens</strong></span> <span class='ocrx_word' id='word_1_187' title='bbox 1471 2221 1760 2285; x_wconf 80' lang='lat' dir='ltr'><strong>Euripides,</strong></span> <span class='ocrx_word' id='word_1_188' title='bbox 1796 2238 1945 2285; x_wconf 90' lang='lat' dir='ltr'><strong>quum</strong></span> <span class='ocrx_word' id='word_1_189' title='bbox 1980 2238 2064 2271; x_wconf 86' lang='lat' dir='ltr'><strong>su-</strong></span> 
     </span>
     <span class='ocr_line' id='line_1_26' title="bbox 397 2301 2064 2369; baseline -0.001 -16"><span class='ocrx_word' id='word_1_190' title='bbox 397 2305 716 2369; x_wconf 89' lang='lat' dir='ltr'><strong>perstitiosae</strong></span> <span class='ocrx_word' id='word_1_191' title='bbox 762 2302 1042 2351; x_wconf 88' lang='lat' dir='ltr'><strong>credulitati</strong></span> <span class='ocrx_word' id='word_1_192' title='bbox 1090 2306 1142 2349; x_wconf 91' lang='lat' dir='ltr'><strong>et</strong></span> <span class='ocrx_word' id='word_1_193' title='bbox 1198 2301 1440 2350; x_wconf 89' lang='lat' dir='ltr'><strong>lemurum</strong></span> <span class='ocrx_word' id='word_1_194' title='bbox 1484 2301 1646 2349; x_wconf 83' lang='lat' dir='ltr'><strong>timori</strong></span> <span class='ocrx_word' id='word_1_195' title='bbox 1698 2303 2064 2363; x_wconf 87' lang='lat' dir='ltr'><strong>adversaretur,</strong></span> 
     </span>
     <span class='ocr_line' id='line_1_27' title="bbox 397 2380 2065 2448; baseline -0.001 -14"><span class='ocrx_word' id='word_1_196' title='bbox 397 2391 505 2434; x_wconf 91' lang='lat' dir='ltr'><strong>tum</strong></span> <span class='ocrx_word' id='word_1_197' title='bbox 555 2384 700 2448; x_wconf 84' lang='lat' dir='ltr'><strong>longe</strong></span> <span class='ocrx_word' id='word_1_198' title='bbox 746 2381 905 2430; x_wconf 88' lang='lat' dir='ltr'><strong>abfuit</strong></span> <span class='ocrx_word' id='word_1_199' title='bbox 950 2397 979 2428; x_wconf 87' lang='lat' dir='ltr'><strong>a</strong></span> <span class='ocrx_word' id='word_1_200' title='bbox 1024 2380 1321 2444; x_wconf 85' lang='lat' dir='ltr'><strong>Cynicorum</strong></span> <span class='ocrx_word' id='word_1_201' title='bbox 1367 2381 1698 2443; x_wconf 72' lang='lat' dir='ltr'><strong>turpitudine,</strong></span> <span class='ocrx_word' id='word_1_202' title='bbox 1766 2387 1822 2431; x_wconf 91' lang='lat' dir='ltr'><strong>ut</strong></span> <span class='ocrx_word' id='word_1_203' title='bbox 1873 2381 2065 2436; x_wconf 86' lang='lat' dir='ltr'><strong>referre</strong></span> 
     </span>
     <span class='ocr_line' id='line_1_28' title="bbox 396 2459 2065 2529; baseline 0 -18"><span class='ocrx_word' id='word_1_204' title='bbox 396 2465 654 2529; x_wconf 90' lang='lat' dir='ltr'><strong>quicquam</strong></span> <span class='ocrx_word' id='word_1_205' title='bbox 691 2467 918 2527; x_wconf 80' lang='lat' dir='ltr'><strong>negaret,</strong></span> <span class='ocrx_word' id='word_1_206' title='bbox 966 2462 1288 2526; x_wconf 87' lang='lat' dir='ltr'><strong>sepelirentur</strong></span> <span class='ocrx_word' id='word_1_207' title='bbox 1334 2462 1514 2510; x_wconf 90' lang='lat' dir='ltr'><strong>mortui</strong></span> <span class='ocrx_word' id='word_1_208' title='bbox 1559 2476 1619 2509; x_wconf 89' lang='lat' dir='ltr'><strong>an</strong></span> <span class='ocrx_word' id='word_1_209' title='bbox 1654 2459 1871 2510; x_wconf 80' lang='lat' dir='ltr'><strong>ferarum</strong></span> <span class='ocrx_word' id='word_1_210' title='bbox 1905 2462 2065 2511; x_wconf 87' lang='lat' dir='ltr'><strong>lania-</strong></span> 
     </span>
     <span class='ocr_line' id='line_1_29' title="bbox 394 2540 2064 2598; baseline -0.002 -4"><span class='ocrx_word' id='word_1_211' title='bbox 394 2545 530 2594; x_wconf 85' lang='lat' dir='ltr'><strong>tibus</strong></span> <span class='ocrx_word' id='word_1_212' title='bbox 564 2542 907 2598; x_wconf 87' lang='lat' dir='ltr'><strong>obiicerentur‚</strong></span> <span class='ocrx_word' id='word_1_213' title='bbox 943 2541 1030 2589; x_wconf 88' lang='lat' dir='ltr'><strong>sed</strong></span> <span class='ocrx_word' id='word_1_214' title='bbox 1064 2548 1246 2590; x_wconf 86' lang='lat' dir='ltr'><strong>terram</strong></span> <span class='ocrx_word' id='word_1_215' title='bbox 1278 2546 1442 2589; x_wconf 86' lang='lat' dir='ltr'><strong>terrae</strong></span> <span class='ocrx_word' id='word_1_216' title='bbox 1475 2540 1777 2589; x_wconf 85' lang='lat' dir='ltr'><strong>reddendam</strong></span> <span class='ocrx_word' id='word_1_217' title='bbox 1804 2557 1918 2590; x_wconf 83' lang='lat' dir='ltr'><strong>esse</strong></span> <span class='ocrx_word' id='word_1_218' title='bbox 1941 2557 2064 2591; x_wconf 89' lang='lat' dir='ltr'><strong>cen-</strong></span> 
     </span>
     <span class='ocr_line' id='line_1_30' title="bbox 395 2620 2140 2686; baseline -0.002 -13"><span class='ocrx_word' id='word_1_219' title='bbox 395 2625 511 2673; x_wconf 89' lang='lat' dir='ltr'><strong>suit.</strong></span> <span class='ocrx_word' id='word_1_220' title='bbox 571 2622 717 2681; x_wconf 61' lang='lat' dir='ltr'><strong>Idem}</strong></span> <span class='ocrx_word' id='word_1_221' title='bbox 746 2623 1070 2686; x_wconf 88' lang='lat' dir='ltr'><strong>comprobans</strong></span> <span class='ocrx_word' id='word_1_222' title='bbox 1103 2620 1232 2686; x_wconf 85' lang='lat' dir='ltr'><strong>vulgi</strong></span> <span class='ocrx_word' id='word_1_223' title='bbox 1265 2621 1539 2684; x_wconf 88' lang='lat' dir='ltr'><strong>opinionem</strong></span> <span class='ocrx_word' id='word_1_224' title='bbox 1567 2620 1866 2669; x_wconf 89' lang='lat' dir='ltr'><strong>consortium</strong></span> <span class='ocrx_word' id='word_1_225' title='bbox 1907 2622 2063 2685; x_wconf 86' lang='lat' dir='ltr'><strong>quod·</strong></span> <span class='ocrx_word' id='word_1_226' title='bbox 2131 2646 2140 2659; x_wconf 68' lang='grc' dir='ltr'>ι</span> 
     </span>
     <span class='ocr_line' id='line_1_31' title="bbox 394 2700 2061 2765; baseline -0.002 -13"><span class='ocrx_word' id='word_1_227' title='bbox 394 2705 506 2752; x_wconf 89' lang='lat' dir='ltr'><strong>dam</strong></span> <span class='ocrx_word' id='word_1_228' title='bbox 542 2702 760 2751; x_wconf 90' lang='lat' dir='ltr'><strong>manium</strong></span> <span class='ocrx_word' id='word_1_229' title='bbox 795 2718 905 2750; x_wconf 90' lang='lat' dir='ltr'><strong>cum</strong></span> <span class='ocrx_word' id='word_1_230' title='bbox 941 2701 1180 2765; x_wconf 86' lang='lat' dir='ltr'><strong>sepulcris</strong></span> <span class='ocrx_word' id='word_1_231' title='bbox 1214 2716 1325 2749; x_wconf 90' lang='lat' dir='ltr'><strong>esse</strong></span> <span class='ocrx_word' id='word_1_232' title='bbox 1359 2701 1624 2759; x_wconf 89' lang='lat' dir='ltr'><strong>statuebat,</strong></span> <span class='ocrx_word' id='word_1_233' title='bbox 1660 2700 1820 2749; x_wconf 89' lang='lat' dir='ltr'><strong>simile</strong></span> <span class='ocrx_word' id='word_1_234' title='bbox 1854 2701 2061 2750; x_wconf 88' lang='lat' dir='ltr'><strong>deorum</strong></span> 
     </span>
     <span class='ocr_line' id='line_1_32' title="bbox 395 2779 2083 2843; baseline -0.001 -12"><span class='ocrx_word' id='word_1_235' title='bbox 395 2781 770 2832; x_wconf 91' lang='lat' dir='ltr'><strong>commorationi</strong></span> <span class='ocrx_word' id='word_1_236' title='bbox 802 2783 851 2830; x_wconf 90' lang='lat' dir='ltr'><strong>in</strong></span> <span class='ocrx_word' id='word_1_237' title='bbox 885 2780 1121 2840; x_wconf 88' lang='lat' dir='ltr'><strong>delubris,</strong></span> <span class='ocrx_word' id='word_1_238' title='bbox 1156 2782 1204 2829; x_wconf 92' lang='lat' dir='ltr'><strong>in</strong></span> <span class='ocrx_word' id='word_1_239' title='bbox 1239 2781 1413 2843; x_wconf 90' lang='lat' dir='ltr'><strong>quibus</strong></span> <span class='ocrx_word' id='word_1_240' title='bbox 1449 2779 1747 2829; x_wconf 87' lang='lat' dir='ltr'><strong>colerentur.</strong></span> <span class='ocrx_word' id='word_1_241' title='bbox 1815 2779 2083 2839; x_wconf 48' lang='lat' dir='ltr'><strong>Memoria,</strong></span> 
     </span>
     <span class='ocr_line' id='line_1_33' title="bbox 392 2859 2060 2926; baseline -0.002 -16"><span class='ocrx_word' id='word_1_242' title='bbox 392 2863 540 2922; x_wconf 91' lang='lat' dir='ltr'><strong>enim,</strong></span> <span class='ocrx_word' id='word_1_243' title='bbox 577 2879 670 2926; x_wconf 90' lang='lat' dir='ltr'><strong>qua</strong></span> <span class='ocrx_word' id='word_1_244' title='bbox 704 2865 922 2910; x_wconf 82' lang='lat' dir='ltr'><strong>mortuos</strong></span> <span class='ocrx_word' id='word_1_245' title='bbox 955 2861 1327 2925; x_wconf 84' lang='lat' dir='ltr'><strong>prosequimur,</strong></span> <span class='ocrx_word' id='word_1_246' title='bbox 1362 2875 1472 2908; x_wconf 91' lang='lat' dir='ltr'><strong>cum</strong></span> <span class='ocrx_word' id='word_1_247' title='bbox 1508 2859 1721 2923; x_wconf 89' lang='lat' dir='ltr'><strong>sepulcri</strong></span> <span class='ocrx_word' id='word_1_248' title='bbox 1752 2859 2060 2909; x_wconf 86' lang='lat' dir='ltr'><strong>veneratione</strong></span> 
     </span>
     <span class='ocr_line' id='line_1_34' title="bbox 394 2924 2057 3006; baseline -0.004 -14"><span class='ocrx_word' id='word_1_249' title='bbox 394 2943 652 2992; x_wconf 82' lang='lat' dir='ltr'><strong>coniuncta</strong></span> <span class='ocrx_word' id='word_1_250' title='bbox 687 2948 780 3003; x_wconf 86' lang='lat' dir='ltr'><strong>est,</strong></span> <span class='ocrx_word' id='word_1_251' title='bbox 816 2956 913 3006; x_wconf 89' lang='lat' dir='ltr'><strong>quo</strong></span> <span class='ocrx_word' id='word_1_252' title='bbox 933 2956 988 2989; x_wconf 88' lang='lat' dir='ltr'><strong>se</strong></span> <span class='ocrx_word' id='word_1_253' title='bbox 1011 2941 1201 2989; x_wconf 88' lang='lat' dir='ltr'><strong>honore</strong></span> <span class='ocrx_word' id='word_1_254' title='bbox 1223 2940 1422 2989; x_wconf 84' lang='lat' dir='ltr'><strong>destitui</strong></span> <span class='ocrx_word' id='word_1_255' title='bbox 1442 2955 1589 3005; x_wconf 82' lang='lat' dir='ltr'><strong>aegre</strong></span> <span class='ocrx_word' id='word_1_256' title='bbox 1617 2938 1786 2988; x_wconf 89' lang='lat' dir='ltr'><strong>ferunt</strong></span> <span class='ocrx_word' id='word_1_257' title='bbox 1810 2924 2057 2988; x_wconf 79' lang='lat' dir='ltr'><strong>defuncti:</strong></span> 
     </span>
     <span class='ocr_line' id='line_1_35' title="bbox 391 3019 2058 3085; baseline -0.004 -14"><span class='ocrx_word' id='word_1_258' title='bbox 391 3023 542 3072; x_wconf 89' lang='lat' dir='ltr'><strong>iidem</strong></span> <span class='ocrx_word' id='word_1_259' title='bbox 589 3024 795 3085; x_wconf 86' lang='lat' dir='ltr'><strong>gratiam</strong></span> <span class='ocrx_word' id='word_1_260' title='bbox 840 3022 923 3085; x_wconf 89' lang='lat' dir='ltr'><strong>pie</strong></span> <span class='ocrx_word' id='word_1_261' title='bbox 971 3020 1244 3069; x_wconf 88' lang='lat' dir='ltr'><strong>colentibus</strong></span> <span class='ocrx_word' id='word_1_262' title='bbox 1298 3020 1538 3068; x_wconf 87' lang='lat' dir='ltr'><strong>referunt.</strong></span> <span class='ocrx_word' id='word_1_263' title='bbox 1618 3019 1743 3068; x_wconf 88' lang='lat' dir='ltr'><strong>Nam</strong></span> <span class='ocrx_word' id='word_1_264' title='bbox 1798 3033 1947 3082; x_wconf 89' lang='lat' dir='ltr'><strong>quum</strong></span> <span class='ocrx_word' id='word_1_265' title='bbox 1993 3032 2058 3066; x_wconf 89' lang='lat' dir='ltr'><strong>ne</strong></span> 
     </span>
     <span class='ocr_line' id='line_1_36' title="bbox 391 3097 2056 3166; baseline -0.005 -15"><span class='ocrx_word' id='word_1_266' title='bbox 391 3102 664 3166; x_wconf 82' lang='lat' dir='ltr'><strong>vulgarium</strong></span> <span class='ocrx_word' id='word_1_267' title='bbox 711 3101 907 3166; x_wconf 90' lang='lat' dir='ltr'><strong>quidem</strong></span> <span class='ocrx_word' id='word_1_268' title='bbox 951 3100 1200 3148; x_wconf 91' lang='lat' dir='ltr'><strong>hominum</strong></span> <span class='ocrx_word' id='word_1_269' title='bbox 1245 3100 1432 3148; x_wconf 91' lang='lat' dir='ltr'><strong>animae</strong></span> <span class='ocrx_word' id='word_1_270' title='bbox 1476 3100 1746 3158; x_wconf 86' lang='lat' dir='ltr'><strong>intereant,</strong></span> <span class='ocrx_word' id='word_1_271' title='bbox 1799 3102 1904 3145; x_wconf 89' lang='lat' dir='ltr'><strong>tum</strong></span> <span class='ocrx_word' id='word_1_272' title='bbox 1955 3097 2056 3159; x_wconf 91' lang='lat' dir='ltr'><strong>qui,</strong></span> 
     </span>
     <span class='ocr_line' id='line_1_37' title="bbox 389 3176 2055 3246; baseline -0.004 -16"><span class='ocrx_word' id='word_1_273' title='bbox 389 3183 553 3246; x_wconf 88' lang='lat' dir='ltr'><strong>quoad</strong></span> <span class='ocrx_word' id='word_1_274' title='bbox 587 3183 838 3241; x_wconf 85' lang='lat' dir='ltr'><strong>vixerunt,</strong></span> <span class='ocrx_word' id='word_1_275' title='bbox 883 3180 1063 3228; x_wconf 83' lang='lat' dir='ltr'><strong>virtute</strong></span> <span class='ocrx_word' id='word_1_276' title='bbox 1097 3185 1146 3228; x_wconf 92' lang='lat' dir='ltr'><strong>et</strong></span> <span class='ocrx_word' id='word_1_277' title='bbox 1178 3179 1387 3244; x_wconf 86' lang='lat' dir='ltr'><strong>egregiis</strong></span> <span class='ocrx_word' id='word_1_278' title='bbox 1435 3178 1732 3228; x_wconf 84' lang='lat' dir='ltr'><strong>facinoribus</strong></span> <span class='ocrx_word' id='word_1_279' title='bbox 1766 3176 1936 3240; x_wconf 86' lang='lat' dir='ltr'><strong>vulgus</strong></span> <span class='ocrx_word' id='word_1_280' title='bbox 1971 3191 2055 3224; x_wconf 90' lang='lat' dir='ltr'><strong>su-</strong></span> 
     </span>
     <span class='ocr_line' id='line_1_38' title="bbox 390 3255 2055 3326; baseline -0.004 -16"><span class='ocrx_word' id='word_1_281' title='bbox 390 3266 656 3326; x_wconf 87' lang='lat' dir='ltr'><strong>perarunt,</strong></span> <span class='ocrx_word' id='word_1_282' title='bbox 720 3261 926 3309; x_wconf 89' lang='lat' dir='ltr'><strong>eandem</strong></span> <span class='ocrx_word' id='word_1_283' title='bbox 966 3260 1311 3324; x_wconf 83' lang='lat' dir='ltr'><strong>praestantiam</strong></span> <span class='ocrx_word' id='word_1_284' title='bbox 1363 3266 1557 3308; x_wconf 86' lang='lat' dir='ltr'><strong>servant</strong></span> <span class='ocrx_word' id='word_1_285' title='bbox 1602 3256 1785 3307; x_wconf 88' lang='lat' dir='ltr'><strong>mortui</strong></span> <span class='ocrx_word' id='word_1_286' title='bbox 1828 3261 1878 3304; x_wconf 89' lang='lat' dir='ltr'><strong>et</strong></span> <span class='ocrx_word' id='word_1_287' title='bbox 1923 3255 2055 3321; x_wconf 89' lang='lat' dir='ltr'><strong>genii</strong></span> 
     </span>
     <span class='ocr_line' id='line_1_39' title="bbox 386 3333 2053 3406; baseline -0.005 -16"><span class='ocrx_word' id='word_1_288' title='bbox 386 3342 624 3406; x_wconf 88' lang='lat' dir='ltr'><strong>appellati</strong></span> <span class='ocrx_word' id='word_1_289' title='bbox 670 3341 873 3389; x_wconf 88' lang='lat' dir='ltr'><strong>deorum</strong></span> <span class='ocrx_word' id='word_1_290' title='bbox 908 3341 1148 3404; x_wconf 89' lang='lat' dir='ltr'><strong>quandam</strong></span> <span class='ocrx_word' id='word_1_291' title='bbox 1180 3339 1390 3389; x_wconf 89' lang='lat' dir='ltr'><strong>iuduunt</strong></span> <span class='ocrx_word' id='word_1_292' title='bbox 1424 3337 1820 3396; x_wconf 88' lang='lat' dir='ltr'><strong>similitudinem;</strong></span> <span class='ocrx_word' id='word_1_293' title='bbox 1868 3333 1934 3384; x_wconf 89' lang='lat' dir='ltr'><strong>cf.</strong></span> <span class='ocrx_word' id='word_1_294' title='bbox 1969 3334 2053 3383; x_wconf 86' lang='lat' dir='ltr'><strong>Al-</strong></span> 
     </span>
    </p>
   </div>
   <div class='ocr_carea' id='block_1_3' title="bbox 386 3420 1157 3484">
    <p class='ocr_par' dir='ltr' id='par_1_3' title="bbox 386 3420 1157 3484">
     <span class='ocr_line' id='line_1_40' title="bbox 386 3420 1157 3484; baseline -0.005 -13"><span class='ocrx_word' id='word_1_295' title='bbox 386 3428 513 3473; x_wconf 89' lang='lat' dir='ltr'><strong>cest.</strong></span> <span class='ocrx_word' id='word_1_296' title='bbox 548 3425 662 3475; x_wconf 84' lang='lat'><strong>995.</strong></span> <span class='ocrx_word' id='word_1_297' title='bbox 700 3420 854 3471; x_wconf 83' lang='lat' dir='ltr'><strong>Rhes.</strong></span> <span class='ocrx_word' id='word_1_298' title='bbox 889 3422 988 3470; x_wconf 83' lang='lat'><strong>962</strong></span> <span class='ocrx_word' id='word_1_299' title='bbox 1022 3435 1157 3484; x_wconf 89' lang='lat' dir='ltr'><strong>seqq.</strong></span> 
     </span>
    </p>
   </div>
  </div>
 </body>
</html>
