2170 3848
1211 273 1292 330 52

413 418 472 472 δὲ
502 416 592 470 καὶ
622 415 721 484 τὴν
754 415 814 470 έν
846 421 911 484 τῇ
946 413 1212 482 τραγῳδίᾳ
1234 415 1500 484 Μερόπην
1532 417 1616 471 ἐπὶ
1633 420 1729 472 τὸν
1751 419 1876 472 υἱὸν
1902 419 2082 490 αὐτῆς,

412 499 483 561 ὥς
516 497 685 565 φονέα
716 503 815 551 τοῦ
849 498 994 559 υἱοῦ,
1031 495 1254 548 πέλεκυν
1287 496 1560 564 ἀραμένην
1580 496 1681 552 ’καὶ
1711 498 2006 569 λέγουσαν·

541 578 830 646 ὁσιωτέραν
865 577 930 646 δὴ
965 577 1109 629 τόνδ’
1144 574 1246 644 ἐγὼ
1281 577 1473 643 δίδωμί
1507 591 1594 631 σοι

539 661 766 727 πιληγήν,

411 738 541 792 ὅσον
587 738 646 792 ἐν
678 745 750 806 τῷ
783 739 992 806 θεάτρῳ
1026 735 1223 805 κίνημα
1255 742 1417 803 ποιεῖ,
1469 739 1952 807 συνεξορθιάζουσα
1986 741 2086 807 φό-

412 822 492 888 βῳ
526 819 614 874 καὶ
662 818 788 882 δέει,
843 818 913 886 μὴ
960 818 1145 886 φθάσῃ
1192 819 1286 871 τὸν
1331 818 1821 888 ἐπιλαμβανόμενον
1860 818 2087 886 γέροντα

409 899 500 954 καὶ
543 901 717 968 τρώσῃ
763 899 822 951 τὸ
869 900 1158 964 μειράκιον.
1226 902 1302 950 Εο
1348 903 1457 967 ipso
1503 903 1652 966 igitur
1697 903 1936 966 temporis
1978 919 2086 951 mo-

410 993 605 1042 mento,
657 999 751 1047 quo
798 989 957 1029 mater
1000 982 1047 1028 in
1098 988 1244 1046 caput
1289 983 1376 1030 filii
1411 986 1625 1031 securim
1659 983 1932 1031 demissum
1966 988 2088 1044 erat,

411 1079 587 1126 senex,
624 1063 782 1126 agnito
818 1061 1159 1124 Cresphonte,
1211 1078 1407 1110 manum
1442 1062 1664 1110 ferientis
1698 1078 1930 1126 prensam
1964 1063 2087 1111 reti-

409 1145 528 1193 nuit.
595 1143 733 1191 Haec
768 1141 940 1188 eadem
975 1142 1135 1189 omnia
1170 1141 1254 1201 ita,
1288 1149 1343 1190 ut
1378 1142 1498 1189 dixit
1531 1141 1854 1198 Plutarchus,
1891 1142 1940 1190 in
1972 1158 2087 1191 vase

390 1224 609 1287 depicta
658 1227 799 1280 sunt,
845 1220 975 1283 quod
1021 1221 1237 1268 reddidit
1271 1220 1448 1270 Millin.
1484 1220 1545 1270 Τ.
1580 1221 1639 1271 ΙΙ.
1672 1222 1772 1269 tab.
1808 1222 1890 1270 24.
1956 1221 2086 1270 Lau-

410 1303 543 1352 davit
575 1309 738 1348 autem
776 1301 901 1348 hanc
937 1300 1180 1347 actionem
1215 1309 1413 1364 praeter
1441 1301 1758 1349 Plutarchum
1789 1302 1939 1349 etiam
1974 1302 2086 1350 Ari-

411 1382 616 1431 stoteles
651 1380 792 1428 Poet.
829 1396 871 1431 c.
910 1382 989 1438 14,
1026 1382 1104 1436 9.‚
1154 1396 1250 1443 quo
1287 1380 1415 1437 loco,
1451 1397 1598 1445 quum
1636 1387 1871 1444 quattuor
1903 1397 2087 1444 genera

409 1461 637 1510 movendi
672 1459 862 1507 timoris
898 1465 950 1507 et
982 1459 1307 1508 miserationis
1343 1461 1607 1523 posuisset,
1643 1460 1882 1524 optimum
1908 1460 2085 1509 horum

412 1557 567 1606 genus
615 1555 728 1587 esse
775 1539 997 1595 censuit,
1046 1540 1089 1585 si
1142 1540 1250 1602 quis
1298 1546 1557 1600 cognatum
1611 1545 1843 1601 tanquam
1890 1539 2084 1589 hostem

411 1623 608 1683 ignarus
645 1617 815 1666 ulcisci
851 1625 1112 1665 conaretur
1147 1625 1213 1673 et,
1250 1623 1506 1681 antequam
1542 1619 1731 1668 facinus
1755 1626 2084 1682 perpetraret,

413 1714 633 1749 errorem
670 1704 1018 1759 cognosceret:
1067 1695 1349 1758 κράτιστον
1384 1694 1441 1748 δὲ
1474 1697 1534 1748 τὸ
1568 1700 1896 1758 τελευταῖον,
1948 1695 2083 1763 λέγω

414 1776 471 1829 δὲ
495 1768 612 1828 οἷον
636 1772 692 1826 ἐν
720 1774 1037 1840 Κρεσφόντῃ
1071 1775 1106 1841 ἦ
1132 1776 1361 1841 Μερόπη
1394 1774 1565 1842 μέλλει
1589 1778 1684 1829 τὸν
1707 1777 1831 1829 υἱὸν
1849 1777 2084 1829 ἀποκτεί-

412 1874 540 1919 νειν,
576 1855 868 1906 ἀποκτείνει
890 1853 946 1906 δὲ
965 1858 1058 1916 οὔ,
1095 1856 1206 1906 ἀλλ’
1235 1857 1570 1923 ἀνεγνώρισε,
1607 1856 1696 1910 καὶ
1727 1857 1784 1910 ἐν
1812 1853 2085 1927 Ἰφιγενείᾳ

412 1937 448 2006 ἦ
468 1933 668 2001 ἀδελφὴ
694 1931 788 1985 τὸν
812 1934 1060 1998 ἀδελφόν,
1094 1934 1182 1986 καὶ
1202 1934 1260 1986 έν
1277 1931 1538 2006 ’Τψιπύλῃ
1561 1938 1593 1990 ὁ
1619 1939 1737 1999 υἱὸς
1766 1936 1864 2005 τὴν
1889 1940 2086 2007 μητέρα

415 2016 682 2071 ἐκδιδόναι
711 2012 914 2081 μέλλων
937 2014 1291 2081 ἀνεγνώρισεν
1308 2018 1376 2082 *),
1439 2020 1596 2068 Pudet
1623 2021 1802 2069 furoris
1821 2021 2084 2086 Meropen,

413 2106 675 2167 postquam
714 2113 932 2146 errorem
968 2099 1206 2160 cognovit,
1243 2099 1582 2162 misceturque
1618 2099 1758 2148 dolor
1792 2101 2035 2150 laetitiae:

546 2175 707 2237 αἰδὼς
739 2173 797 2226 ἐν
830 2174 1158 2240 ὀφθαλμοῖσι
1189 2175 1437 2242 γίγνεται,
1472 2174 1676 2230 τέκνον.

415 2259 605 2308 Deinde
650 2258 812 2307 statim
858 2258 1183 2306 interficiendi
1220 2258 1540 2322 Polyphontis
1589 2260 1792 2307 consilia
1823 2261 2086 2320 ineuntur;

415 2339 482 2390 cf.
500 2339 752 2402 Hyginus:
788 2336 1049 2401 ,‚Merope,
1085 2346 1343 2401 postquam
1377 2340 1501 2387 vidit
1537 2340 1844 2388 occasionem
1873 2339 1967 2387 sihi
1996 2340 2085 2388 da-

413 2425 515 2469 tam
551 2434 665 2465 esse
698 2418 758 2464 ab
793 2418 989 2464 inimico
1023 2433 1079 2464 se
1113 2417 1407 2476 ulciscendi,
1453 2418 1585 2467 redit
1631 2434 1740 2466 cum
1777 2419 2088 2483 Polyphonte

412 2499 461 2547 in
494 2498 711 2561 gratiam.
779 2496 885 2544 Rex
922 2496 1078 2544 laetus
1114 2513 1222 2544 cum
1258 2513 1363 2544 rem
1398 2498 1606 2546 divinam
1643 2499 1857 2557 faceret,
1902 2499 2085 2562 hospes

416 2576 543 2626 falso
570 2577 810 2625 simulavit
834 2592 889 2624 se
911 2576 1117 2624 hostiam
1137 2578 1442 2641 percussisse
1462 2576 1833 2640 (percussurum
1847 2578 1910 2636 2),
1945 2593 2084 2625 eum-

415 2673 512 2722 que
545 2656 799 2715 interfecit
833 2657 1140 2721 patriumque
1174 2672 1375 2716 regnum
1411 2657 1619 2720 adeptus
1654 2653 1779 2706 est.”
1841 2656 1980 2718 Quae
1999 2671 2086 2704 an-

413 2742 613 2800 tequam
648 2743 896 2799 gerantur,
932 2736 1164 2800 Merope,
1199 2751 1296 2798 quo
1332 2737 1519 2785 cautius
1553 2737 1682 2785 filins
1718 2737 1933 2785 hostium
1964 2735 2085 2784 insi-

416 2816 522 2863 dias
558 2817 690 2875 vitet‚
727 2816 1003 2864 salubribus
1039 2816 1317 2879 praeceptis
1353 2832 1493 2876 eum,
1531 2821 1584 2862 ut
1619 2817 1794 2865 mulier
1827 2817 1954 2864 ultra
1979 2830 2084 2863 mo-

414 2895 530 2943 dum
548 2894 794 2959 vulgarem
811 2896 1023 2959 sapiens,
1055 2895 1290 2952 instituit3
1326 2894 1390 2941 cf.
1419 2894 1814 2946 Plutarch.'r.1L
1840 2896 2083 2960 p.63.A.=

415 2970 547 3024 ὅθεν
578 2971 614 3039 ἦ
647 2969 743 3036 μὲν
773 2971 992 3039 τραγικὴ
1029 2972 1252 3037 Μερόπη
1285 2976 1553 3035 παραινεῖ·

541 3051 732 3117 φίλους
765 3051 821 3104 δὲ
856 3047 982 3113 τοὺς
1016 3051 1112 3117 μὲν
1145 3051 1215 3119 μὴ
1248 3055 1518 3119 χαλῶντας
1551 3049 1608 3103 έν
1641 3053 1818 3119 λόγοις
1863 3071 1872 3078 ·

545 3130 781 3198 κέκτησο,
817 3126 945 3194 τοὺς
979 3131 1035 3184 δὲ
1067 3130 1199 3197 πρὸς
1233 3133 1385 3199 χάριν
1419 3128 1520 3185 σὺν
1552 3134 1722 3200 ἡδονῇ

543 3217 610 3278 τῇ
645 3219 713 3279 σῇ
748 3207 1019 3280 πονηροὺς
1052 3216 1300 3276 κλεῖθρον
1335 3213 1545 3280 εἰργέτω
1579 3213 1778 3279 στέγης.
1806 3270 1808 3272 ¹

412 3290 634 3342 Reverso
669 3296 846 3344 deinde
881 3298 929 3345 in
965 3311 1159 3344 scenam
1197 3294 1518 3359 Polyphonte,
1557 3297 1764 3359 Merope
1798 3308 1853 3341 se
1886 3292 1935 3341 in
1970 3307 2084 3357 gra-

412 3372 526 3420 tiam
563 3389 672 3422 cum
709 3390 768 3423 eo
803 3376 967 3424 redire
1001 3375 1198 3423 simulat
1229 3391 1321 3422 nec
1366 3377 1522 3434 velle,
1569 3375 1787 3440 quamvis
1821 3372 1885 3422 de
1919 3371 2086 3437 priore

467 3526 514 3582 ²⁰¹)
544 3528 613 3572 cf.
642 3528 844 3586 Lessing.'
871 3530 1070 3572 Dramat.
1099 3527 1263 3571 Hamb.
1293 3542 1335 3571 n.
1364 3529 1434 3572 37.
