2170 3866
1092 271 1214 326 394

330 417 557 469 omittant
602 430 767 480 neque
809 414 1067 479 quicquam
1110 416 1318 481 perinde
1350 415 1575 479 doleant,
1621 419 1714 468 nisi
1747 421 1878 484 qnod
1911 435 1992 468 vo-

329 496 598 561 luptatibus
643 495 804 544 minus
851 496 901 544 in
946 496 1095 544 rebus
1129 496 1349 560 angustis
1384 495 1639 562 indulgere
1670 499 1829 552 liceat.
1898 500 1995 562 Qui

330 576 374 625 si
406 574 587 638 Oedipi
620 575 833 624 fuissent
863 575 989 634 loco,
1028 592 1189 640 neque
1222 576 1473 625 oculorum
1508 577 1690 627 lumine
1723 593 1779 628 se
1811 580 1995 644 privas-

330 661 440 705 sent
474 656 668 719 cognito
704 671 890 717 errore,
926 671 1085 718 neque
1118 656 1348 704 libidines
1384 657 1531 705 etiam
1569 663 1691 716 tum,
1725 675 1872 722 quum
1908 675 1993 707 oc-

331 736 515 785 caecati
559 734 796 795 fuissent,
842 736 1022 783 sectari
1068 736 1351 787 desiissent.
1419 736 1552 785 Mala
1586 739 1711 786 enim
1749 738 1914 786 omnia
1944 739 1995 787 in

328 832 425 865 una
459 815 713 864 dumtaxat
746 831 818 874 re,
855 815 1019 863 studio
1042 817 1254 873 virtutiS‚
1291 817 1450 879 posita
1478 833 1589 866 esse
1625 823 1845 875 censent,
1883 832 1996 866 sen·-

329 895 533 945 tentiam
567 894 822 943 doctrinae
854 895 1118 943 stoicorum
1155 896 1450 945 contrariam
1483 903 1693 946 tuentes.
1761 896 1891 946 Nihil
1915 913 1998 945 au-

328 979 429 1024 tem
460 974 620 1038 magni
653 973 907 1022 infortunii
929 975 1154 1023 accidere
1180 982 1346 1039 potest
1369 977 1435 1024 nil
1457 978 1616 1041 magni
1637 976 1998 1041 appetentibus,

327 1069 489 1119 neque
522 1053 734 1118 improbi
768 1054 1041 1118 nefariique
1077 1063 1192 1103 sunt
1223 1055 1322 1117 illi,
1368 1056 1455 1104 sed
1491 1061 1678 1105 tantum
1714 1062 1886 1120 turpes
1921 1061 1997 1104 at-

326 1150 424 1198 que
456 1133 705 1182 socordeS.
774 1133 886 1181 Huc
919 1135 1048 1182 redit
1083 1135 1212 1198 quod
1239 1136 1532 1185 Aristoteles
1567 1135 1871 1184 comoediam
1909 1149 1997 1183 ne-

327 1217 413 1276 gat
438 1214 594 1260 omnis
612 1213 939 1276 improbitatis
962 1214 1278 1262 imitatricem
1303 1232 1432 1273 esse,
1453 1216 1680 1279 quoniam
1708 1215 1870 1278 turpia
1893 1213 1998 1262 sola

328 1292 534 1341 ridicula
560 1292 684 1340 sint:
721 1308 833 1340 esse
861 1293 1027 1357 igitur,
1058 1294 1143 1354 ait,
1170 1295 1372 1342 ridicula
1398 1295 1444 1341 in
1467 1296 1596 1342 vitiis
1618 1311 1675 1342 ac
1693 1294 2000 1359 turpitudine

328 1388 425 1422 nou
459 1371 765 1421 laedentibus
801 1387 959 1435 neque
997 1373 1286 1437 perniciosis
1320 1374 1494 1436 posita,
1530 1375 1803 1422 cuiusmodi
1833 1374 1998 1421 statim

330 1467 542 1517 persona
575 1452 684 1516 ipsa
719 1451 907 1499 comica
953 1452 1042 1510 sit,
1089 1452 1247 1516 turpis
1294 1452 1377 1500 illa
1424 1453 1622 1516 quidem
1669 1469 1726 1501 ac
1770 1453 1996 1511 distorta,

329 1532 421 1581 sed
465 1546 645 1595 expers
689 1531 892 1579 doloris.
970 1529 1237 1595 Magnifica
1294 1531 1423 1579 enim
1472 1532 1581 1595 ipsa
1627 1538 1743 1581 sunt
1787 1531 1997 1591 scelera,

330 1626 458 1675 quae
493 1611 678 1676 magnis
711 1610 896 1659 viribus
933 1616 983 1658 et
1017 1627 1191 1673 magna
1223 1611 1539 1659 consiliorum
1576 1612 1777 1660 audacia
1816 1627 1997 1675 perpe-

328 1697 538 1740 trantur.
619 1690 661 1738 A
707 1690 885 1753 quibus
932 1692 1142 1754 perinde
1189 1698 1337 1754 atque
1383 1707 1410 1738 a
1458 1691 1652 1738 virtutis
1686 1692 1998 1740 contentione

330 1785 582 1820 servorum
629 1770 844 1834 turpium
890 1769 1109 1833 nequitia
1144 1770 1301 1818 aliena
1337 1776 1437 1830 est,
1487 1771 1605 1819 nulli
1651 1770 1724 1819 rei
1758 1771 1852 1819 nisi
1887 1786 1998 1820 cor-

328 1851 465 1914 poris
512 1849 702 1898 libidini
747 1847 1131 1914 studentium*).
1211 1850 1380 1912 ltaque
1429 1851 1478 1899 in
1526 1850 1769 1899 vafritiam
1801 1854 2000 1900 vertunt

330 1929 649 1994 sapientiam,
695 1925 785 1993 pro
834 1930 1126 1977 verecundia
1175 1930 1559 1993 impudentiam,
1607 1946 1698 1994 pro
1740 1932 2000 1979 honestate

330 2009 680 2073 turpitudinem
718 2009 915 2067 colunt,
952 2008 1165 2072 denique
1199 2026 1393 2069 rerum,
1442 2025 1762 2074 quaecunque
1796 2025 2000 2075 magnae

329 2089 588 2149 habentur,
623 2090 837 2137 omnium
871 2105 1041 2136 eversa
1075 2089 1311 2152 dignitate
1345 2089 1615 2137 belluarum
1650 2097 1871 2138 naturam
1908 2105 1999 2153 pro

330 2169 534 2217 deorum
582 2168 861 2216 hominibus
909 2168 1246 2215 aemulandam
1295 2170 1664 2230 commendant,
1715 2174 1773 2217 ut
1805 2168 1998 2232 adeptis

330 2247 462 2296 illam
498 2246 743 2310 egregiam
781 2246 1135 2294 beatitudinem
1171 2262 1348 2293 canere
1379 2248 1546 2294 liceat:

461 2326 567 2375 Uus
588 2308 668 2372 'ist
699 2341 821 2388 ganz
855 2324 1191 2373 kannibalisch
1227 2324 1357 2372 wohl

460 2401 547 2455 Als
581 2405 676 2453 wie
709 2404 1036 2453 ffinfhundert
1062 2403 1239 2452 Siiuen.

331 2485 702 2548 Philosophiam
737 2484 1008 2548 quandam,
1042 2483 1311 2531 belluarum
1350 2482 1624 2547 dumtaxat,
1660 2484 1776 2532 huic
1802 2487 1999 2532 senteu-

334 2567 430 2614 tiae
473 2566 638 2613 inesse
687 2570 826 2612 recte
878 2564 1108 2612 iudicavit
1148 2563 1410 2626 Dionysius
1445 2563 1557 2611 Hal.
1594 2563 1740 2612 Rhet.
1776 2564 1839 2612 de
1872 2568 1997 2611 orat.

333 2646 417 2709 fig.
451 2645 487 2707 1,
525 2646 628 2704 11.,
675 2660 817 2707 quam
854 2643 1218 2708 philosophiam
1251 2658 1550 2705 cognoscere
1597 2659 1693 2692 non
1739 2645 1847 2693 sine
1890 2642 1999 2691 fru-

336 2729 421 2773 ctu
469 2740 580 2772 esse
625 2724 774 2772 facile
817 2723 1010 2771 Platoni
1045 2722 1193 2784 (legg.
1232 2720 1334 2770 Vll.
1372 2738 1417 2784 p.
1456 2726 1566 2772 816.
1602 2723 1689 2783 Ε.)
1729 2723 1996 2772 credimus.

334 2804 556 2852 Eandem
591 2803 699 2851 fere
732 2804 1018 2851 sententiam
1053 2810 1221 2849 auctor
1256 2802 1510 2862 carminiS,
1561 2804 1692 2865 quod
1741 2801 1998 2850 Renardus

333 2885 504 2948 vulpes
539 2883 838 2940 inscribitur,
875 2899 983 2930 cum
1019 2881 1327 2930 simulatione
1366 2883 1573 2944 quadam
1609 2882 1900 2946 profitetur:

467 2962 826 3027 „Hochgeehrt
858 2963 922 3010 ist
956 2961 1177 3029 Reinpke
1210 2962 1332 3008 nun!
1370 2963 1474 3010 Zur
1501 2962 1748 3010 Weisheit
1781 2960 2002 3012 bekehre

465 3043 588 3091 Bald
636 3042 742 3090 sich
775 3043 926 3090 Jeder
971 3040 1067 3088 und
1114 3040 1277 3088 meide
1325 3041 1410 3088 das
1459 3042 1620 3098 Biise,
1665 3040 1874 3088 verehre
1918 3037 1999 3085 die

1188 3118 1424 3182 Tugend!

353 3255 360 3263 '
392 3216 702 3305 >ljgummam
726 3246 1019 3303 turpitudinis,
1051 3258 1181 3300 quam
1205 3243 1435 3286 comoedia
1452 3243 1660 3296 imitatur,
1683 3241 2001 3296 perfectionem

478 3318 550 3361 his
577 3319 728 3360 verbis
767 3318 946 3372 quidam
986 3315 1213 3370 professus
1249 3319 1335 3355 est:
1387 3314 1547 3368 „Quod
1588 3316 1691 3367 poto
1730 3326 1816 3352 non
1850 3309 2001 3352 sitiens

480 3389 681 3444 quodque
714 3387 840 3432 futuo
880 3386 1036 3443 quovis
1077 3383 1179 3428 anni
1216 3388 1439 3439 tempore,
1478 3383 1568 3426 hac
1605 3384 1701 3425 sola.
1734 3396 1785 3423 re
1822 3382 2000 3436 praesto

476 3457 679 3502 belluis.'’
