2170 3848
1168 241 1247 297 10

376 384 562 434 nissimi
595 384 727 432 sint.-
781 383 969 433 Paridis
1016 384 1145 434 illius
1194 385 1348 450 ipsius
1396 387 1619 451 exemplo
1663 388 1759 437 hoc
1793 387 2031 451 cognitum

376 468 479 522 est,
530 464 613 526 qui
647 468 786 527 rapta
818 464 1024 528 hospitis
1058 480 1243 521 uxore,
1294 482 1437 528 quam
1471 465 1639 515 Venus
1673 473 1725 516 et
1756 468 2035 516 ostenderat

375 543 424 590 ei
468 546 517 589 et
560 543 923 600 conciliaverat,
968 543 1047 592 fax
1094 544 1210 592 belli
1256 550 1306 592 et
1356 545 1511 609 pestis
1547 546 1733 608 patriae
1765 546 1923 595 factus
1957 550 2033 594 est

373 621 513 677 adeo,
550 627 606 669 ut
639 623 1031 685 perniciosiorem
1059 622 1303 670 hominem
1341 631 1535 686 pastore
1570 625 1652 672 illo
1685 625 1774 672 Ilio
1808 627 2032 674 universa

372 699 633 762 antiquitas
677 702 917 750 neminem
963 703 1164 753 noverit.
1245 699 1559 767 Disciplinam
1604 704 1750 768 igitur
1782 704 1832 751 in
1865 719 2032 752 corru-

370 779 468 842 ptis
501 780 777 829 mortalium
811 783 1022 830 moribus
1052 798 1284 845 spernere
1310 783 1503 842 nemini,
1538 800 1600 832 ne
1622 784 1780 847 poetis
1817 783 2031 846 quidem,

373 857 459 921 qni
492 863 608 907 sunt
638 859 687 908 in
721 862 972 910 Musarum
1008 866 1057 908 et
1092 861 1326 924 Apollinis
1361 863 1541 922 tutela,
1576 862 1708 910 licet.

499 938 634 1000 „Das
684 941 944 989 entweihte
991 940 1177 988 Geffihl
1224 942 1292 988 ist
1335 942 1474 990 nicht
1512 942 1655 990 mehr
1689 941 1896 990 Stimme
1942 942 2032 990 der

1153 1020 1346 1079 Gener,

595 1097 709 1146 Und
730 1099 816 1147 das
845 1099 1024 1146 Orakel
1047 1104 1340 1147 verstummt
1375 1101 1424 1147 in
1451 1099 1541 1146 der
1564 1103 1835 1149 entarteten
1865 1100 2028 1151 Brust.

489 1176 604 1232 ⁴Nur
645 1178 694 1225 in
739 1179 849 1227 dem
896 1178 1116 1226 stilleren
1163 1178 1327 1226 Selbst
1372 1178 1634 1227 veruimmt
1677 1196 1730 1227 es
1777 1179 1867 1228 der
1912 1180 2027 1227 hor·

1150 1258 1340 1307 chende
1375 1258 1519 1307 Geist
1552 1258 1696 1317 noch,

594 1336 709 1384 Und
741 1337 837 1384 den
871 1336 1086 1402 heiligen
1122 1337 1236 1385 Sinn
1272 1338 1413 1386 hinet
1446 1337 1534 1385 das
1568 1337 1837 1401 mystische
1870 1336 2026 1387 Wort.

496 1415 623 1464 Hier
654 1417 933 1465 beschwiirt
966 1432 1020 1464 es
1056 1417 1146 1465 der
1174 1417 1215 1464 F
1218 1419 1436 1476 orscher
1487 1417 1577 1466 der
1609 1418 1767 1466 reines
1802 1417 2027 1466 Herzens

1144 1496 1458 1560 hinabsteigt,

590 1574 702 1623 Und
732 1574 812 1623 die
841 1575 1065 1624 verlorne
1090 1575 1252 1623 Natu
1270 1593 1295 1623 r
1321 1577 1456 1638 gicht
1477 1576 1578 1624 ihm
1607 1575 1686 1624 die
1709 1574 2024 1625 Weisheit

1145 1653 1380 1702 zuriickst‘

365 1732 498 1785 Dixit.
529 1733 724 1798 quidam
761 1734 1180 1797 philosophorum,
1218 1734 1462 1796 proprium
1499 1735 1732 1798 sapientis
1765 1736 1862 1783 hoc
1893 1750 2022 1795 esse,

363 1820 435 1876 ut,
469 1814 675 1864 sublatis
711 1813 915 1876 legibus,
951 1829 1104 1876 aeque
1138 1820 1304 1860 sancte
1338 1814 1589 1876 probeque
1620 1815 1835 1863 victurus
1871 1818 2024 1872 esset,

363 1910 526 1959 neque
547 1899 715 1942 contra
744 1909 819 1951 ea,
856 1908 979 1955 quae
1011 1908 1142 1951 vera,
1178 1898 1314 1940 recta
1347 1893 1651 1956 honestaque
1688 1909 1800 1941 esse
1833 1893 2024 1942 ratione

364 1991 423 2023 ac
466 1974 646 2022 iudicio
682 1972 1005 2034 cognovisset,
1041 1971 1274 2019 facturus.
1357 1971 1430 2018 Ab
1463 1972 1557 2018 hac
1589 1972 1739 2034 igitur
1773 1978 1912 2034 parte
1943 1988 2022 2020 sa-

361 2054 544 2120 pientis
572 2058 720 2116 atque
747 2051 943 2115 ingenui
970 2050 1102 2098 facta
1129 2050 1410 2113 conspirant
1435 2056 1486 2096 et
1519 2050 1773 2112 disciplina
1799 2066 1907 2097 cum
1933 2067 2020 2099 na-

361 2140 473 2183 tura
506 2132 813 2191 conciliatur-3
861 2131 956 2178 hoc
1005 2131 1242 2187 interest,
1290 2129 1419 2191 quod
1465 2129 1672 2191 ingenuo
1718 2129 1885 2192 pulcra
1918 2130 2023 2178 sive

360 2213 572 2262 honesta
606 2211 779 2259 eadem
814 2210 975 2258 dulcia
1009 2216 1151 2267 sunt,
1187 2209 1256 2256 illi
1290 2208 1468 2262 ardua,
1517 2215 1736 2266 austera,
1773 2209 1916 2272 plena
1951 2209 2020 2256 la-

359 2293 491 2342 boris
527 2297 578 2339 et
608 2306 881 2339 aerumnae.
954 2289 1225 2337 Deterritus
1260 2288 1407 2351 igitur
1439 2288 1604 2351 specie
1638 2288 1763 2347 viae,
1798 2303 1923 2349 quae
1957 2289 2019 2336 ad

360 2371 648 2436 sapientiam
684 2369 834 2428 ducit,
869 2369 1060 2433 quaerit
1091 2368 1313 2415 indoctus
1349 2382 1409 2414 ex
1443 2368 1666 2414 erudito:

488 2449 654 2512 „Sage
687 2450 753 2498 du
789 2450 944 2509 mir’S,
979 2449 1042 2496 du
1078 2448 1177 2495 bist
1209 2447 1256 2493 iu
1292 2446 1427 2493 diese
1461 2445 1636 2493 Tiesen
1672 2446 1939 2508 gestiegen,

589 2530 693 2578 Aus
723 2531 835 2577 dem
867 2528 1118 2592 modrigen
1138 2526 1268 2573 Grab
1300 2527 1458 2573 kamst
1477 2525 1540 2573 du
1571 2526 1790 2575 erhalten
1814 2524 2016 2585 zurinck,

486 2609 576 2659 Dir
621 2610 687 2658 ist
720 2610 962 2668 bekannt,
1010 2623 1108 2655 was
1144 2607 1225 2654 die
1261 2605 1408 2653 Grust
1451 2606 1542 2653 der
1575 2605 1783 2653 dunklen
1818 2605 2018 2654 Wiirter

1143 2686 1409 2745 bewahret,

585 2769 660 2818 ob
679 2770 770 2817 der
784 2767 1046 2818 Lebenden
1063 2765 1341 2814 Trostdort
1367 2765 1446 2811 bei
1472 2765 1565 2811 den
1582 2762 1799 2810 Mumien
1816 2763 2018 2810 wohnt‘}

490 2850 624 2899 Muss
650 2850 731 2897 ich
751 2849 838 2897 ihn
861 2847 1081 2896 wandeln
1107 2845 1201 2893 den
1226 2845 1535 2893 uiichtlichen
1551 2843 1714 2906 Weg'!
1740 2843 1839 2890 Mir
1861 2846 2016 2907 grant,

1141 2925 1222 2972 ich
1260 2924 1463 2971 bekenu'
1498 2939 1574 2971 es:

576 3009 814 3057 Wandeln
851 3007 949 3054 will
982 3007 1062 3055 ich
1096 3006 1179 3053 ihn
1215 3005 1362 3060 doch,
1404 3003 1540 3051 fuhrt
1575 3018 1628 3050 er
1662 3019 1723 3050 zu
1757 2999 2015 3050 Wahrheit

1134 3085 1231 3133 und
1269 3083 1474 3134 Recht.''

357 3171 425 3220 Et
455 3168 730 3218 certissime
757 3166 1070 3229 ingredienda
1100 3171 1176 3212 est
1204 3171 1337 3211 tanto
1363 3163 1539 3211 fortius
1566 3162 1804 3220 omnibus,
1833 3163 2014 3222 quanto

357 3250 547 3315 longius
581 3249 630 3297 in
662 3248 771 3295 dies
806 3262 956 3310 genus
992 3244 1263 3293 mortalium
1301 3259 1329 3289 a
1362 3247 1531 3291 natura
1567 3241 1813 3289 desciscit.
1866 3238 2015 3286 Chri·

360 3329 627 3378 stianorum
673 3332 725 3375 et
763 3326 1018 3391 gentilium
1052 3323 1302 3372 hominum
1337 3323 1439 3370 sive
1473 3322 1793 3370 recentiorum
1830 3323 1879 3366 et
1911 3316 2014 3381 pri-.-

362 3423 556 3456 scotum
591 3405 897 3456 saeculorum
932 3405 1058 3453 hanc
1091 3418 1202 3452 esse
1235 3402 1567 3451 diversitatem
1600 3399 1827 3448 iudicavit
1859 3394 2016 3445 Schil-
