2150 3866
1019 256 1140 314 221

243 402 467 466 etimari,
513 406 692 468 quanta
734 419 846 454 cum
879 403 1212 471 indignatione
1244 402 1376 453 filiae
1408 403 1664 455 consilium
1694 402 1930 470 repudia-

241 483 384 533 verit.
454 483 691 533 Ceterum
725 485 854 534 bono
889 485 1052 534 animo
1088 500 1202 534 esse
1233 484 1386 533 filiam
1418 485 1568 535 iussit
1600 500 1761 549 neque
1783 483 1928 548 quid-

242 578 388 627 quam
423 581 628 625 curare,
665 565 758 614 nisi
791 569 847 614 ut
881 565 1037 630 patris
1072 565 1261 613 crinem
1295 564 1586 614 dormientis
1622 581 1820 628 semper
1855 564 1929 612 di·

242 643 452 708 ligenter
486 645 793 694 custodiret:
830 645 1009 694 etenim
1042 644 1140 693 hoc
1174 643 1309 693 salvo
1334 644 1522 695 salvum
1557 645 1705 694 etiam
1731 648 1926 709 patrem

242 739 356 774 cum
402 740 556 790 regno
606 723 826 774 futurum
874 738 987 773 esse
1022 724 1252 774 ostendit.
1319 724 1433 773 Hoc
1473 730 1755 790 comperto,
1803 725 1926 783 filia,

241 810 299 853 ut
334 820 502 852 amore
529 805 743 869 potiatur
764 804 942 865 hostiS,
978 810 1172 870 patrem
1205 803 1418 869 prodere
1449 804 1723 854 constituit.
1790 804 1925 854 Rur-

242 899 331 933 sus
366 900 422 933 se
455 885 616 933 nutrix
651 884 838 933 sociam
872 884 1090 950 adiungit
1122 886 1349 934 alumnae
1380 884 1508 945 (Cir.
1530 902 1572 934 v.
1602 884 1758 948 3819,
1791 884 1928 950 ipsa-

243 979 339 1028 que
371 963 595 1012 Minoem
631 963 695 1015 de
731 964 939 1014 consilio
982 966 1185 1030 virginis
1219 965 1484 1015 certiorem
1520 964 1713 1015 factura
1746 966 1798 1014 in
1830 966 1928 1014 ho-

241 1044 390 1093 stium
427 1048 588 1094 castra
623 1044 961 1110 proficiscitur
976 1042 1049 1107 *).

374 1124 590 1186 Quartus
637 1130 779 1173 actus
827 1125 1112 1189 proditione
1145 1125 1383 1190 urbisque
1416 1126 1777 1191 expugnatione
1811 1140 1928 1175 con-

241 1204 519 1255 ficiebatur.
588 1206 701 1255 Nox
747 1204 880 1254 facta
915 1221 1030 1255 esse
1063 1207 1370 1272 fingebatur,
1424 1222 1551 1269 quae
1592 1206 1730 1255 favet
1761 1205 1928 1257 furtis.

239 1282 463 1334 Reversa
513 1301 541 1333 a
593 1284 776 1333 Minois
828 1285 1071 1350 colloquio
1118 1286 1284 1335 nutrix
1331 1301 1625 1350 responsum
1672 1286 1927 1342 nuntiavit,

237 1363 334 1413 hac
370 1364 652 1414 conditione
687 1364 905 1430 Scyllam
940 1366 1073 1415 illius
1109 1382 1316 1416 uxorem
1350 1366 1492 1428 fore,
1540 1366 1583 1415 si
1618 1365 1805 1415 crinem
1839 1382 1927 1430 pa-

236 1445 302 1492 tri
347 1461 649 1511 purpureum
698 1445 1000 1494 abstulisset.
1082 1446 1190 1509 Quo
1226 1446 1397 1496 audito
1442 1446 1612 1496 statim
1654 1445 1821 1511 Scylla
1863 1445 1926 1495 ad

238 1525 543 1575 tondendum
579 1525 734 1591 patris
771 1526 1003 1591 capillum
1039 1526 1090 1576 in
1124 1527 1329 1576 domum
1363 1527 1493 1576 abit:

367 1605 586 1667 „Prima
620 1607 766 1673 quies
802 1605 1006 1666 aderat,
1044 1623 1148 1673 qua
1184 1608 1323 1657 curis
1344 1609 1494 1672 fessa
1530 1606 1732 1655 diurnis

371 1685 595 1735 Pectora
627 1703 832 1736 somnus
856 1687 1026 1736 habet.
1091 1686 1365 1736 Ucalamos
1385 1688 1654 1736 taciturna
1673 1692 1926 1752 paternos

369 1766 564 1826 Intrat,
603 1773 673 1827 et,
708 1766 810 1815 heu
829 1767 1084 1832 facinus!
1104 1767 1279 1832 fatali
1309 1773 1440 1816 nata
1467 1774 1748 1834 parentem

376 1843 532 1893 Crine
564 1861 714 1894 suum
754 1847 1022 1912 spoliat.’'-

237 1925 438 1977 Interim
489 1925 660 1974 hostes
707 1932 951 1976 nocturno
996 1928 1185 1992 impetu
1219 1929 1392 1978 urbem
1428 1943 1712 1991 expugnare
1746 1943 1927 1977 conan-

235 2013 335 2058 tur.
404 2005 670 2054 Armorum
718 2006 986 2071 strepitum
1031 2008 1355 2073 hostiumque
1399 2009 1926 2074 appropinquationem

235 2085 445 2136 audiens
482 2085 663 2134 chorus
699 2086 825 2136 haec
859 2094 1061 2138 cantare
1095 2089 1311 2154 potuitz·

367 2156 643 2228 ὀλολύζεί,
680 2156 723 2215 ὦ
756 2169 1022 2231 γυναῖκες,
1064 2165 1136 2228 ὡς
1170 2165 1299 2234 ἔλθῃ
1332 2165 1434 2219 θεὰ

365 2247 574 2313 χρυσῆν
606 2244 803 2311 ἔχουσα
838 2241 1066 2314 Γοργόν’
1101 2246 1389 2314 ἐπίκουρος
1420 2248 1570 2300 αἰόλει
1581 2244 1681 2312 **).

231 2327 346 2377 Ηοο
381 2343 582 2376 carmen
612 2329 781 2378 dicere
802 2330 1100 2381 Aristoteles
1122 2333 1285 2397 potuit
1310 2331 1451 2380 Poet.
1482 2348 1524 2379 c.
1541 2332 1620 2378 26.
1651 2327 1702 2393 ὃ.
1720 2329 1777 2377 l:
1805 2319 1924 2379 οἷον

233 2406 289 2460 οἱ
319 2409 522 2472 φαῦλοι
555 2407 778 2475 αὐληταὶ
826 2438 888 2448 -
935 2438 1002 2448 -—
1052 2408 1293 2472 ἕλκοντες
1332 2410 1428 2462 τὸν
1473 2411 1807 2477 κορυφαῖον,
1855 2406 1924 2458 ἂν

232 2488 486 2540 Σκύλλαν
519 2488 889 2557 αὐλῶσιν***).
956 2491 1168 2542 Plenum
1204 2494 1335 2542 enim
1369 2498 1477 2542 erat
1510 2491 1781 2551 tumultus,
1812 2506 1923 2538 mu·-

230 2571 433 2620 lieribus
467 2571 532 2620 de
564 2572 727 2621 salute
761 2573 1075 2637 paventibus,
1112 2590 1210 2638 quo
1244 2574 1413 2633 fiebat,
1448 2579 1504 2621 ut
1544 2572 1607 2620 ad
1631 2571 1924 2619 imitandum

231 2650 562 2716 importunius
596 2652 840 2716 choragus
877 2653 1206 2718 abriperetur.

365 2729 539 2780 Rediit
573 2731 751 2782 deinde
787 2749 850 2782 ex
884 2733 1092 2782 aedibus
1128 2749 1240 2783 cum
1276 2732 1498 2798 „praeda
1537 2729 1784 2780 nefanda''
1819 2729 1925 2779 filia

229 2825 407 2875 impla:

286 2966 335 3020 ³⁸¹)
364 2965 434 3007 Ex
467 2965 623 3018 choro,
653 2966 729 3021 qui
756 2967 845 3010 hoc
873 2969 977 3011 loco
1006 2966 1350 3022 intel-ponendus
1378 2965 1478 3022 fuit,
1510 2965 1628 3009 haec
1654 2962 1922 3019 Aristopha-

371 3048 449 3078 nes
479 3034 745 3090 depromere
774 3038 917 3093 potuit
946 3040 1153 3093 (Theam.
1182 3035 1311 3092 715J:

472 3106 541 3155 τίς
571 3100 657 3150 οὖν
687 3120 772 3162 σοι,
801 3109 870 3160 τίς
898 3103 960 3153 ἂν

479 3174 716 3232 ξύμμαχος
745 3177 795 3221 ἐκ
824 3179 952 3224 θεῶν

483 3242 741 3291 ἀθανάτων
770 3246 902 3294 ἔλθοι

480 3312 566 3369 ξὺν
597 3311 777 3368 ἀδίκοις
804 3317 954 3378 ἔργοις
964 3336 979 3372 ,·

254 3383 334 3438 *ἢ
362 3384 473 3428 Vide
503 3386 670 3430 Matth.
699 3388 866 3445 fragm.
896 3391 1054 3446 Eurip.
1086 3404 1130 3445 p.
1152 3388 1252 3431 117.

229 3453 337 3510 *²³⁹2
363 3454 435 3499 Cf.
464 3469 582 3513 quae
609 3471 748 3515 supra
774 3461 1060 3518 exposuimus
1087 3475 1132 3516 p.
1162 3459 1261 3503 181.
