2170 3866
1198 291 1325 350 55⁰

397 434 602 485 insidias
637 433 897 499 fecerunt3
949 437 1178 488 Bacchae
1221 443 1388 488 autem
1434 444 1574 490 certo
1618 447 1844 508 tempore
1886 444 2094 510 thyrsos

395 516 640 565 iactantes
673 515 906 567 Iacchum
939 518 1072 567 clara
1105 534 1230 568 voce
1276 525 1628 581 cantaverunt,
1676 538 1776 572 una
1817 522 2094 578 bacchante

399 596 631 646 universo
665 596 796 646 saltu
830 613 942 647 cum
975 598 1113 650 feris,
1197 598 1272 648 lbi
1317 614 1446 649 cum·
1477 601 1610 651 forte
1656 602 1825 667 Agave
1867 605 2093 669 proxima

400 681 537 726 esset
569 678 801 737 arbusto,
838 679 929 727 sub
964 695 1061 744 quo
1094 685 1350 745 pastorum
1386 697 1510 730 unus
1545 698 1726 748 corpus
1760 685 2090 734 abscondide-

397 762 506 819 rat‚
540 756 637 807 hoc
672 757 989 823 prosiliente,
1024 764 1081 808 ut
1115 760 1596 826 comprehenderet,
1631 763 1715 812 illa
1747 763 2012 813 clamavit:
2059 778 2091 813 o

397 837 632 901 pernices
667 854 810 887 meae
844 854 1018 902 canes,
1062 841 1123 889 ab
1165 842 1244 890 his
1281 847 1542 907 captamur
1574 843 1723 892 viris:
1771 845 2092 908 quamobrem

400 917 668 980 sequimini
712 935 795 967 me
839 920 1030 984 thyrsis
1075 926 1309 971 armatae.
1397 922 1506 984 Qua
1553 923 1722 973 audita
1769 939 1892 973 voce
1937 939 2092 987 quum

401 997 697 1062 effugissent
730 1006 990 1064 pastoreS‚
1026 1002 1141 1050 illae
1173 1002 1223 1051 in
1257 1008 1479 1052 armenta
1512 1004 1782 1054 irruerunt.
1847 1003 1921 1053 lbi
1953 1004 2093 1052 vide-

395 1092 480 1126 res
514 1094 692 1127 vaccas
726 1080 1002 1144 vitulosque
1035 1097 1207 1131 earum
1254 1083 1482 1132 manibus
1528 1083 1748 1149 discerpi
1782 1088 1833 1133 et
1864 1083 2091 1133 membra

397 1171 598 1206 sursum
627 1159 962 1225 deorsumque
990 1162 1175 1228 spargi,
1197 1167 1253 1211 ut
1276 1164 1517 1226 quaedam
1541 1163 1605 1212 de
1628 1164 1870 1214 abietibus
1887 1168 2093 1213 cruenta

394 1239 703 1301 penderent3
753 1242 885 1289 tauri
921 1247 1089 1291 autem
1133 1242 1333 1292 feroces
1371 1244 1707 1308 cornibusque
1739 1243 1860 1293 freti
1907 1259 2093 1309 procu-

395 1317 611 1367 buerunt
656 1319 797 1368 humi
831 1320 1040 1371 infinitis
1087 1322 1322 1372 iuvenum
1366 1325 1595 1374 manibus
1641 1323 1818 1387 tracti,
1885 1329 1937 1373 ct
1982 1338 2093 1373 mo-

394 1403 564 1448 mento
598 1401 842 1465 temporis
875 1403 1068 1451 viscera
1102 1402 1358 1466 discerpta
1405 1408 1535 1452 sunt.
1613 1404 1738 1453 Mox
1783 1403 1922 1452 velut
1953 1402 2092 1452 volu-

395 1492 508 1527 cres
543 1495 693 1529 cursu
726 1497 819 1546 per
853 1497 1053 1547 campos
1086 1482 1218 1531 latae
1252 1483 1302 1531 in
1335 1483 1470 1532 vicos
1505 1482 1760 1548 proximos
1791 1482 1984 1548 impetu
2013 1482 2091 1531 fa-

396 1562 479 1606 cto
514 1560 678 1609 omnia
713 1576 913 1610 sursum
947 1563 1280 1626 deorsumque
1325 1562 1692 1612 disturbarunt:
1742 1562 1960 1611 infantes
1994 1562 2092 1611 hu-

394 1639 545 1687 meris
580 1639 802 1706 impositi
836 1642 943 1690 sine
977 1641 1185 1692 vinculis
1221 1643 1523 1705 haerebant,
1562 1642 1613 1691 iu
1647 1643 1802 1691 comis
1835 1641 1976 1690 faces
2009 1658 2092 1692 ar-

396 1717 579 1768 debant
611 1735 706 1769 nec
739 1722 967 1771 urebant.
1053 1722 1251 1771 incolae
1284 1738 1404 1771 vero
1438 1722 1659 1771 vicorum
1693 1722 1842 1770 armis
1876 1721 2092 1786 arreptis

394 1799 588 1848 obviam
625 1815 681 1849 se
714 1802 955 1850 tulerunt.
1039 1801 1112 1850 lbi
1161 1802 1287 1851 mira
1320 1801 1636 1851 acciderunt:
1695 1801 1911 1850 feminac
1957 1801 2091 1851 enim

394 1879 595 1929 minime
639 1881 754 1930 telis
800 1887 914 1930 suut
956 1882 1274 1944 vulneratae3
1337 1882 1430 1931 viri
1477 1888 1643 1931 autem
1687 1881 1877 1946 thyrsis
1922 1880 2091 1930 missis

361 1948 371 1959 ’
395 1960 601 2009 sauciati
638 1967 692 2010 et
734 1962 788 2010 in
834 1961 1001 2026 fugam
1048 1962 1280 2012 coniecti.
1363 1962 1457 2011 His
1490 1964 1643 2012 rebus
1676 1962 1831 2026 gestis
1866 1961 2093 2010 Bacchae

394 2037 447 2088 in
480 2040 643 2091 locum
665 2079 679 2102 ,
714 2043 850 2091 uude
883 2042 1140 2106 profectae
1175 2047 1347 2104 erant,
1395 2058 1628 2092 reversae
1660 2042 1914 2102 fontibus,
1960 2055 2087 2106 quos

393 2119 520 2168 deus
564 2122 625 2170 iis
672 2122 933 2182 emiserat,
981 2138 1207 2171 cruorem
1255 2122 1551 2184 abluerunt,
1611 2122 1863 2187 simulque
1903 2137 2090 2185 angues

394 2199 575 2264 linguis
609 2217 761 2264 genas
797 2219 969 2251 earum
1003 2204 1303 2266 poliverunt.

526 2282 622 2330 His
657 2282 940 2346 conspectis
986 2282 1270 2344 auditisque
1315 2296 1429 2329 cum
1475 2295 1649 2328 omnes
1694 2295 1927 2342 magnum
1974 2293 2089 2328 esse

394 2363 542 2413 deum
577 2361 855 2424 Dionysum
888 2360 1166 2424 intelligant
1199 2361 1502 2424 dignumque
1536 2360 1685 2407 etiam
1710 2364 1917 2424 propter
1935 2361 2088 2408 bene-

394 2443 538 2502 ficia,
574 2441 655 2491 cui
688 2440 875 2504 templa
912 2445 1288 2501 consecrentur,
1326 2439 1577 2488 Pentheus
1612 2443 1758 2487 tauto>
1784 2438 1967 2487 fortius
2002 2438 2090 2486 ob-

394 2522 702 2582 sistendum,
747 2536 812 2569 ne
856 2526 1090 2584 tanquam
1129 2520 1413 2569 incendium
1459 2518 1732 2584 petulantia
1777 2518 2090 2567 Baccharum

395 2606 630 2667 superet,
666 2616 876 2649 censens
910 2600 1105 2665 pedites
1140 2601 1436 2664 equitesque
1469 2615 1641 2648 omnes
1671 2600 1735 2648 ad
1769 2614 1903 2647 arma
1926 2603 2091 2647 vocat.

393 2683 439 2732 A
462 2697 560 2747 quo
585 2685 768 2730 conatu
802 2680 1064 2730 retrahere
1098 2681 1283 2731 iratum
1317 2679 1600 2743 Dionysius,
1636 2679 1723 2729 ubi
1756 2694 1918 2742 neque
1950 2678 2090 2727 utilia

392 2763 642 2812 monendo
690 2776 854 2826 neque
896 2761 1209 2825 pollicendo,
1253 2778 1311 2810 se
1345 2761 1449 2809 sine
1497 2760 1646 2808 armis
1679 2758 1901 2807 Bacchas
1935 2758 2089 2807 redu-

397 2846 624 2902 cturum,
678 2841 868 2907 potuit,
919 2842 1225 2905 persuadet,
1283 2845 1341 2889 ut
1387 2839 1732 2904 speculaturus
1785 2838 2090 2886 Baccharum

392 2922 531 2971 facta
572 2936 839 2986 moresque
897 2937 954 2970 se
1001 2921 1130 2971 duce
1177 2921 1229 2970 in
1278 2924 1503 2969 montem
1561 2919 1931 2984 proficiscatur:
1990 2932 2089 2981 quo

393 3001 655 3068 proposito
690 3000 819 3051 mire
850 3001 1007 3066 gestit
1040 3001 1191 3049 homo
1225 3000 1550 3049 obscenarum
1592 2999 1849 3047 libidinum
1889 2996 2089 3062 conspi-

394 3083 663 3131 candarum
700 3080 936 3145 cupidus:
985 3096 1081 3145 qua
1129 3085 1426 3130 occoecatus
1465 3079 1699 3144 cupidine
1731 3077 1885 3127 facile
1918 3077 2087 3133 etiam,

393 3166 451 3212 ut
483 3161 779 3210 muliebrem
814 3161 1039 3211 habitum
1074 3161 1268 3221 induat,
1314 3160 1506 3225 prolixa
1541 3175 1708 3219 coma,
1754 3163 1893 3206 veste
1925 3156 2087 3216 talari,

393 3242 569 3303 mitra,
604 3241 776 3305 thyrso
810 3257 869 3290 ac
901 3241 1037 3306 pelle
1069 3240 1261 3289 hinnuli
1293 3246 1530 3300 ornetur,
1565 3238 1844 3288 adducitur.
1910 3235 2086 3285 Socius

393 3323 562 3387 itaque
610 3336 674 3371 ex
733 3320 883 3371 hoste
943 3322 1108 3370 factus
1150 3320 1416 3386 Dionysius
1465 3335 1580 3369 cum
1618 3319 1713 3368 'ino
1769 3318 1821 3366 iu
1880 3315 2086 3365 domum

393 3404 545 3461 redit,
578 3405 637 3450 ut
670 3400 935 3452 alienatum
969 3406 1138 3451 mente
1170 3417 1229 3450 ea
1263 3402 1478 3460 ratione,
1514 3416 1613 3464 qua
1646 3398 1888 3460 diximus,
1922 3400 2086 3458 ornet,

395 3482 581 3533 deinde
611 3497 707 3547 per
738 3481 1029 3547 frequentes
1068 3482 1207 3533 urbis
1239 3482 1374 3534 vicos
1407 3482 1598 3534 ducens
1629 3477 2086 3544 ridendunpopu·
