2170 3848
1108 288 1110 290 ·
1123 259 1244 316 144

352 421 517 459 rorem
541 401 826 463 invenisset,
849 402 1074 453 exsulare
1093 403 1300 463 iussum,
1323 404 1371 454 in
1392 404 1596 457 Boeotia
1625 408 1795 459 sedem
1813 408 2009 459 fixisset

486 480 670 543 Φοίνιξ
703 481 953 547 πεφυκὼς
986 479 1044 534 ἐκ
1079 482 1126 534 δ’
1161 482 1384 547 ὁρίζεται
1418 486 1628 550 χθονός.

482 563 605 611 Tam
651 562 793 611 claris
844 579 898 612 se
943 570 1226 630 prognatam
1286 566 1547 615 maioribus
1599 568 1660 616 ab
1712 568 2012 618 Athamante

351 644 630 711 peregrino,
667 643 750 706 qui
784 658 893 690 cum
927 644 1239 693 matrimonio
1273 660 1363 694 suo
1398 645 1545 694 simul
1578 662 1784 711 regnum
1803 647 2012 714 adeptus

352 725 432 783 sit,
466 738 560 771 non
596 738 672 782 eo,
706 737 802 785 quo
836 722 1027 782 deceat,
1077 723 1264 773 honore
1297 725 1467 774 haberi
1511 726 1761 790 queritur;
1809 725 1860 774 id
1893 740 2012 776 vero

350 802 550 851 minime
581 801 837 850 ferendum
873 818 1016 860 esse,
1070 803 1199 866 quod
1244 821 1449 869 regnum
1484 821 1512 854 a
1563 805 1667 854 suis
1710 803 1875 854 liberis
1921 804 2013 853 Ca-

353 882 554 946 dmique
588 881 849 946 nepotibus
900 881 961 928 ad
1011 881 1262 946 Nepheles
1296 884 1451 942 filios,
1507 891 1563 934 ut
1620 888 1738 934 natu
1780 883 2012 946 maiores,

351 961 624 1011 transferre
658 961 981 1012 constituerit.
1050 962 1214 1023 Quare
1268 978 1324 1011 se
1373 964 1435 1012 ad
1470 963 1808 1013 vindicandam
1843 962 1903 1010 ab
1936 962 2014 1012 in-

350 1041 488 1090 iuriis
534 1056 669 1088 suam
717 1039 1001 1103 dignitatem
1058 1042 1468 1106 conspirationem
1514 1043 1697 1092 fecisse
1749 1042 2014 1091 mulierum

349 1121 503 1170 totius
538 1119 771 1181 civitatiS,
823 1125 876 1168 ut
909 1119 1042 1169 fame
1076 1137 1138 1169 ex
1172 1138 1399 1185 agrorum
1435 1123 1694 1171 sterilitate
1726 1121 1905 1170 effecta
1935 1121 2014 1171 fe·

349 1200 483 1250 rocia
515 1199 729 1247 virorum
765 1199 1193 1262 comprimeretur.
1261 1201 1603 1250 intellecturos
1646 1201 1806 1262 viros,
1859 1216 2014 1264 quan-

347 1285 455 1330 tum
489 1281 538 1328 in
573 1279 858 1328 mulieribus
892 1279 951 1327 ad
988 1279 1194 1329 salutem
1242 1285 1340 1328 tam
1383 1281 1628 1344 publicam
1663 1296 1809 1344 quam
1843 1279 2013 1330 dome-

350 1362 524 1410 sticam
558 1361 787 1408 tuendam
821 1360 1054 1407 momenti
1090 1360 1168 1410 sit.
1237 1360 1392 1411 Simul
1426 1360 1523 1408 hoc
1558 1376 1613 1408 se
1648 1360 1730 1408 illa
1763 1361 2012 1409 machina-

348 1441 486 1490 tione
520 1443 924 1498 consecuturam,
961 1445 1039 1499 ut,
1075 1438 1259 1488 Phrixo
1294 1439 1513 1504 privigno
1547 1439 1771 1502 sublato,
1806 1454 2014 1506 regnum

350 1521 531 1570 avitum
571 1518 743 1567 Cadmi
778 1519 1035 1582 nepotibus
1072 1524 1364 1569 servaretur.

479 1597 686 1648 Accedit
719 1598 899 1646 deinde
932 1599 994 1647 ad
1027 1614 1136 1647 eam
1171 1598 1396 1659 satelleS,
1440 1614 1502 1647 ex
1537 1598 1734 1648 oraculo
1768 1597 2014 1665 Delphico

349 1679 567 1737 rediens,
603 1693 700 1740 quo
736 1683 846 1726 erat
879 1677 939 1725 ad
977 1678 1326 1727 consulendum
1364 1677 1427 1727 de
1449 1678 1549 1726 fine
1567 1679 1839 1728 sterilitatis
1863 1678 2013 1728 deum

347 1761 526 1809 missus
561 1758 620 1806 ab
655 1758 965 1807 Athamante.
1034 1756 1145 1819 Cui,
1179 1772 1290 1805 cum
1325 1757 1388 1805 sit
1429 1758 1657 1820 antiquus
1701 1759 1876 1808 domus
1915 1757 2011 1807 Ca-

350 1840 524 1889 dmeae
557 1838 771 1887 famulus
804 1864 870 1874 —-

480 1916 656 1980 λοίτρις
689 1914 937 1982 πενέστης
971 1912 1101 1982 ἁμὸς
1134 1914 1369 1982 ἀρχαίων
1403 1915 1582 1982 δόμων
1595 1913 1645 1982 *)
1681 1943 1744 1953 -
1814 1909 1820 1915 ’

348 1999 496 2048 facile
530 1999 814 2064 persuadet,
849 2003 905 2046 ut
939 1999 1099 2046 celato
1124 1999 1204 2046 dei
1234 2013 1474 2062 responso
1497 1997 1613 2046 ficta
1639 1996 1842 2058 referat,
1870 1997 2014 2047 Phri-

348 2096 481 2139 xum,
517 2085 569 2127 ut
604 2078 863 2126 sterilitate
897 2083 1030 2125 terra
1065 2078 1320 2135 liberetur,
1356 2075 1698 2124 immolandum
1725 2092 1853 2126 esse.
1918 2078 2013 2126 Ae-

350 2175 498 2222 quum
533 2163 817 2222 rectumque
852 2172 964 2205 esse
998 2157 1135 2205 ducit
1186 2156 1385 2204 satelles
1431 2154 1707 2213 dominam,
1756 2157 1836 2204 cui
1869 2156 2012 2206 here-

349 2238 506 2287 ditate
539 2237 743 2286 traditus
779 2237 858 2296 sit,
890 2236 940 2284 in
974 2235 1316 2300 persequendo
1351 2235 1461 2283 iure
1495 2234 1754 2284 adiuvare:

482 2317 724 2369 πολλοῖσι
758 2314 970 2374 δούλοις
1002 2315 1220 2378 τοῦνομ’
1257 2312 1488 2379 αἰσχρόν,
1522 2311 1557 2378 ἡ
1593 2309 1651 2363 δὲ
1685 2311 1830 2380 φρὴν

482 2398 589 2448 τῶν
625 2395 740 2462 οὐχὶ
774 2395 985 2447 δούλων
1019 2390 1119 2444 ἔστ’
1154 2391 1557 2459 ἐλευθερωτέρα.

351 2478 463 2528 Ηοο
497 2479 636 2526 finito
672 2476 915 2540 colloquio
948 2477 1288 2540 prodeundum
1324 2476 1478 2524 choro
1510 2473 1635 2534 fuit,
1681 2473 1765 2537 qui
1797 2489 1893 2524 non
1924 2489 2014 2538 po-

351 2563 453 2608 test
477 2574 536 2607 ex
559 2558 690 2619 viriS,
725 2556 813 2606 sed
842 2572 902 2605 ex
928 2555 1118 2605 seminis
1146 2555 1343 2620 reginae
1365 2554 1687 2603 familiaribus
1721 2554 2017 2606 constitisse.

328 2638 546 2687 'Parodo
579 2637 773 2686 labores
809 2636 1003 2696 civium,
1037 2635 1239 2700 penuria
1274 2634 1530 2696 famesque
1563 2633 1875 2683 describendi
1906 2633 2017 2683 fue-

352 2724 493 2779 runt,
554 2723 659 2766 tum
703 2715 1084 2778 sciscitandum,
1134 2713 1365 2779 quidnam
1413 2714 1536 2762 deus
1587 2712 1794 2762 remedii
1837 2729 2018 2780 propo-

352 2799 549 2849 suisset.
1238 2797 1246 2799 ”

482 2875 654 2925 Prodit
686 2891 792 2933 rex,
830 2876 894 2924 de
928 2873 1112 2923 oraculi
1145 2887 1388 2937 responso
1423 2872 1607 2920 certior
1637 2870 1813 2931 factus,
1847 2875 2017 2937 negat-

352 2971 447 3018 que
481 2971 536 3003 se
570 2971 659 3003 sua
692 2970 837 3003 manu
869 2970 961 3020 pro
995 2953 1154 3002 salute
1179 2952 1348 3016 populi
1372 2952 1554 3000 liberos
1579 2965 1695 2999 suos
1724 2950 2018 2999 interfectu-

351 3051 463 3102 rum
476 3031 571 3096 **).
617 3034 933 3099 Argumentis
955 3034 1106 3082 utitur
1140 3046 1201 3080 ex
1234 3031 1544 3096 philosophia
1577 3030 1772 3095 petitis:
1817 3029 2017 3093 impiam

408 3232 454 3287 *)
498 3231 655 3274 Athen.
677 3230 749 3271 VI.
774 3244 818 3285 p.
840 3229 939 3272 264.
962 3230 1009 3272 b.
1050 3221 1180 3272 οὗτοι
1208 3225 1290 3282 μὲν
1319 3220 1401 3271 οὖν
1440 3228 1483 3271 οἱ
1517 3225 1635 3271 κατὰ
1663 3221 1746 3276 τὰς
1778 3222 2019 3280 ὁμολογίας

492 3300 845 3356 καταμείναντες
870 3299 947 3343 καὶ
967 3297 1254 3357 παραδόντες
1287 3295 1482 3349 ἑαυτοὺς
1510 3295 1767 3353 ἐκλήθησαν
1798 3293 1903 3339 τότε
1932 3310 2018 3351 με·

491 3371 627 3415 νέστ
643 3386 725 3421 αι,
762 3370 846 3412 νῦν
872 3369 922 3413 δὲ
962 3369 1262 3414 πενέσται·
1294 3368 1377 3412 καὶ
1394 3367 1555 3411 πολλοὶ
1584 3367 1677 3410 τῶν
1709 3366 1879 3422 κυρίων
1905 3364 2019 3408 ἑαυ-

493 3442 588 3485 ταῖν
615 3440 727 3484 εἰσιν
758 3437 1091 3496 εὐπορώτεροι·
1129 3438 1207 3483 καὶ
1230 3434 1486 3495 Εὐριπίδης
1510 3435 1558 3481 ἐν
1587 3436 1734 3493 Φρίξῳ
1758 3437 1851 3478 κτλ.

373 3511 452 3567 >l‘²¹⁵5
483 3510 714 3570 Hyginus:
746 3510 906 3566 „Quod
936 3524 1039 3554 cum
1065 3504 1283 3555 Athamas
1312 3523 1362 3552 se
1389 3509 1613 3553 facturum
1643 3504 1909 3550 abnuisset.''
