2170 3866
1182 283 1306 342 462
1366 302 1382 332 ο

406 432 564 483 movit
609 445 696 491 eo,
744 428 878 493 quod
915 431 1061 480 etiam
1097 434 1304 481 matrem
1340 434 1392 480 et
1426 445 1649 480 sororem
1684 432 1808 482 fecit
1839 433 1931 482 fini
1962 433 2098 484 illius

405 511 692 562 certaminis
739 511 1054 563 intervenire.
1135 514 1361 577 Accepto
1411 511 1540 559 enim
1577 513 1749 562 nuntio
1782 513 1975 563 Iocaste
2008 531 2097 580 pa-

404 606 526 641 vore
571 597 885 640 consternata
937 593 1229 655 Antigonam
1277 607 1338 640 ex
1386 591 1591 640 aedibus
1638 599 1815 642 evocat
1861 594 2098 658 iubetque

403 671 621 738 puellam
659 672 879 721 timidam
931 674 1087 721 misso
1125 673 1399 736 pudore-in
1435 672 1647 720 mediam
1683 673 1900 721 virorum
1934 690 2096 724 arma·

403 755 567 801 torum
601 753 794 801 turbam
824 769 991 801 secum
1031 753 1359 813 contendere,
1404 759 1460 802 ut
1496 753 1768 802 coniuncti·
1802 754 2036 818 precibus
2070 771 2098 803 a

403 847 553 881 saevo
611 839 790 882 conatu
854 832 1035 882 fratres
1091 833 1321 895 filiosque
1370 833 1636 881 retrahant.
1720 832 1775 881 In
1822 834 2099 897 Antigonae

402 913 624 961 moribus
659 913 1002 961 describendis
1038 920 1258 961 naturam
1294 914 1583 961 muliebrem
1609 912 1865 962 verissime
1890 930 2097 979 expres-

402 993 483 1053 sit,
517 994 739 1042 timidam
775 994 1103 1058 pavidamque
1139 995 1184 1042 in
1220 995 1411 1058 parvis,
1458 994 1643 1042 fortem
1684 994 2013 1059 invictamque
2046 995 2095 1042 in

401 1072 494 1135 iis,
543 1074 602 1122 ad
641 1089 767 1137 quae
813 1074 890 1122 vel
939 1089 1108 1121 amore
1152 1074 1230 1121 vel
1280 1074 1470 1138 pietate
1502 1074 1852 1138 impelluntur,
1897 1075 2096 1123 decoris

401 1155 628 1202 servandi
664 1170 727 1202 ne
773 1154 823 1202 in
858 1154 1070 1203 turbidis
1107 1153 1306 1217 quidem
1343 1155 1491 1202 rebus
1526 1153 1674 1202 facile
1708 1155 2096 1214 obliviscentem,

401 1234 627 1292 eandem,
668 1235 753 1282 ubi
787 1237 981 1282 acriore
1017 1235 1181 1297 aliquo
1217 1234 1402 1282 affectu
1427 1234 1771 1282 vehementius
1806 1235 2094 1299 abripiatur,

400 1315 548 1362 etiam
597 1330 723 1378 quae
773 1331 962 1362 summa
1000 1330 1111 1362 esse
1148 1322 1287 1363 antea
1325 1315 1522 1362 duxerit
1554 1314 1901 1379 negligentem.
1963 1313 2094 1363 Pro-

395 1393 547 1443 fectis
594 1394 672 1442 his
716 1394 946 1455 feminis,
996 1394 1179 1442 chorus
1224 1394 1483 1442 horrorem
1522 1399 1573 1441 et
1608 1393 2091 1444 commiserationem

395 1473 560 1522 verbis
595 1475 915 1538 numerisque
957 1475 1226 1537 aptissimis
1262 1474 1496 1521 declarat.
1564 1473 2092 1535 „Geminaelbelluaffi

397 1554 738 1616 sanguinariae
771 1554 989 1612 animae,
1025 1554 1225 1601 vibratis
1262 1554 1421 1601 hastis
1457 1569 1571 1601 mox
1606 1569 1696 1601 sua
1731 1527 1939 1607 invicem
1978 1569 2090 1602 cor·

397 1648 519 1699 pora
577 1635 919 1682 cruentabunt.
1004 1634 1131 1682 Uter
1187 1639 1352 1682 utrum
1399 1633 1765 1698 prostraverit?
1833 1632 1876 1681 0
1935 1633 2091 1683 diram

394 1713 603 1763 caedem
637 1714 803 1763 Furiis
840 1715 1069 1762 effectam
1086 1711 1133 1762 !”

525 1793 718 1842 Interea
747 1795 908 1843 Creon
936 1795 1024 1842 filii
1061 1795 1212 1843 sunus
1248 1793 1467 1853 curabat,
1503 1793 1719 1859 gloriosa
1753 1791 1971 1858 quidem,
2000 1793 2089 1842 sed

391 1874 573 1923 acerba
607 1875 927 1924 interfectum
964 1875 1118 1923 caede
1165 1875 1391 1922 manibus
1437 1875 1648 1922 tollens:
1697 1873 1758 1921 ad
1809 1890 1958 1938 quem
1992 1889 2091 1922 una

390 1954 651 2003 lavandum
705 1956 1202 2019 componendumque
1249 1956 1366 2002 dum
1405 1954 1630 2002 locasten
1664 1960 1962 2003 evocaturus
1997 1960 2090 2014 est,

391 2035 651 2100 cognoscit
700 2051 827 2099 quae
862 2038 1058 2084 interim
1093 2043 1232 2101 gesta
1267 2041 1412 2095 suut3
1466 2037 1661 2098 iamque
1692 2034 1835 2084 adest
1869 2035 2088 2094 nuntius,

391 2116 477 2179 qui
512 2122 733 2163 mutuam
767 2132 1115 2178 germanorum
1152 2118 1354 2164 caedem
1404 2120 1457 2165 et
1496 2117 1666 2163 matris
1701 2115 1764 2163 iis
1799 2103 2087 2163 immorien-

389 2196 455 2244 tis
491 2193 652 2243 fatum
703 2201 931 2259 exponat.
1002 2198 1193 2245 Aiantis
1230 2203 1282 2245 et
1314 2197 1549 2246 Hectoris
1595 2201 1850 2244 certamen
1886 2194 2087 2258 Euripi-

390 2275 482 2323 des
518 2274 570 2323 in
605 2274 699 2322 hac
732 2277 1014 2323 narratione
1039 2278 1280 2324 ⁴imitatus
1315 2283 1419 2334 est3
1470 2275 1536 2322 cf.
1574 2275 1628 2324 Il.
1668 2274 1773 2334 Vll,
1809 2276 1908 2321 200
1943 2288 2083 2337 seqq.

390 2355 517 2404 Cum
564 2355 616 2402 in
663 2355 828 2402 medio
865 2356 1128 2418 utriusque
1181 2356 1431 2402 exercitus
1468 2354 1810 2402 constitissent
1844 2353 1944 2402 duo
1981 2351 2084 2401 Oe-

389 2435 495 2500 dipi
527 2435 635 2495 filii,
671 2435 862 2498 precati
886 2443 1001 2483 sunt
1025 2437 1150 2483 alter
1183 2435 1415 2484 lunonem
1451 2434 1701 2498 Argivam,
1736 2433 1864 2482 alter
1890 2432 2083 2482 Miner-

387 2531 516 2578 vam,
545 2523 597 2563 ut
634 2516 682 2563 in
718 2516 889 2564 fratris
925 2521 1129 2578 pectore
1163 2515 1351 2563 ferrum
1390 2514 1605 2562 condere
1633 2515 1823 2564 liceret.
1891 2512 2086 2562 Deinde

386 2596 448 2645 ad
485 2613 660 2645 sonum
696 2597 845 2644 tubae
881 2612 1029 2644 saevo
1064 2596 1253 2660 impetu
1289 2595 1415 2643 alter
1449 2595 1498 2642 iu
1531 2594 1742 2643 alterum
1771 2594 1911 2642 irruit
1938 2608 2083 2642 more

385 2693 622 2742 aprorum
661 2683 893 2725 acuentes
929 2692 1104 2741 genas,
1159 2691 1332 2740 spuma
1370 2675 1579 2733 madidi,
1631 2678 1683 2722 et
1715 2674 1960 2723 miserunt
1991 2674 2083 2722 ha·-

386 2761 491 2804 stas
539 2756 728 2820 clypeis
778 2764 920 2804 caute
955 2772 1166 2820 corpora
1202 2759 1457 2818 tegentes,
1508 2760 1562 2803 ut
1610 2754 1872 2803 eluderent
1905 2754 2081 2811 ictum,

385 2837 659 2900 oculosque
695 2843 948 2885 scutorum
988 2836 1314 2884 foraminibus
1353 2835 1690 2883 admoventes.
1757 2834 1960 2883 Interim
1997 2848 2082 2881 co-

384 2916 575 2980 piosior
610 2917 689 2975 iis,
717 2917 801 2979 qui
837 2917 1144 2981 spectabant,
1181 2933 1324 2978 quam
1357 2917 1434 2974 iis,
1474 2916 1559 2979 qui
1596 2915 1893 2979 pugnabant,
1929 2914 2082 2962 sudor

384 3012 508 3059 prae
553 3000 693 3044 metu
741 3000 986 3046 manabat.
1065 2997 1222 3045 Forte
1269 2996 1535 3056 Eteocles,
1590 2997 1639 3043 in
1687 2995 1851 3059 lapide
1885 2994 2081 3042 offenso

384 3079 542 3140 pede,
590 3084 730 3125 extra
779 3079 1011 3142 clypeum
1056 3077 1222 3142 posuit
1255 3077 1549 3139 vestigium,
1601 3076 1735 3139 quod
1774 3074 2079 3121 animadver-

386 3160 499 3204 tens
525 3156 790 3220 Polynices
814 3159 983 3206 tibiam
1012 3158 1157 3205 hasta
1193 3156 1458 3218 transfixit,
1495 3164 1547 3204 et
1581 3156 1869 3219 plauserunt
1892 3152 2077 3215 Argivi.

383 3234 588 3284 Interim
634 3237 718 3286 ille
765 3240 1000 3287 nudatum
1049 3237 1296 3301 Polynicis
1354 3237 1619 3285 humerum
1669 3235 1837 3283 videns
1884 3231 2076 3282 ferrum

382 3315 590 3380 impegit
622 3323 672 3366 et
705 3319 1037 3367 transfixisset
1070 3325 1259 3381 pectus,
1295 3317 1388 3364 nisi
1422 3317 1586 3364 fracta
1613 3317 1661 3364 in
1697 3312 1906 3377 cuspide
1939 3292 2078 3361 essfet

383 3395 556 3445 hasta:
614 3415 708 3463 qua
756 3399 1021 3448 destitutus
1069 3403 1203 3445 retro
1236 3396 1354 3444 tulit
1387 3396 1567 3461 pedem
1603 3399 1654 3444 et
1689 3409 1809 3442 saxo
1843 3396 2076 3455 correpto

384 3475 642 3540 missoque
686 3479 879 3529 hastam
930 3478 1101 3529 fratris
1149 3477 1364 3526 mediam
1409 3476 1575 3539 fregit.
1657 3474 1886 3537 Aequato
1919 3472 2074 3538 igitur
