2170 3866
880 309 1005 364 437

99 454 261 504 Huius
296 458 434 503 actus
468 453 789 503 imitationem
829 455 1047 504 continet
1079 455 1270 519 pictura
1304 456 1601 522 amphorae,
1635 472 1781 522 quam

97 533 352 583 Hamilton
386 534 448 583 Τ.
484 534 565 583 lll.
602 552 649 599 p.
684 536 765 581 45.
816 535 1050 587 reddidit.
1130 535 1441 600 Hypsipyle,
1490 554 1599 586 cum
1646 537 1781 587 ferro

97 614 147 664 in
195 630 303 662 eam
351 613 604 677 Eurydice
639 615 925 676 invadente,
977 616 1025 663 in
1059 631 1217 680 genua
1253 617 1583 680 procumbens
1620 619 1779 683 passis

96 694 322 741 manibus
358 694 587 742 auxilium
624 693 855 758 implorat
891 695 1119 758 Capanei,
1156 696 1236 757 qui
1272 696 1423 744 celeri
1456 698 1628 760 gradu,
1661 715 1778 763 pro-

95 779 234 823 tento
270 780 438 836 scuto,
476 774 648 821 stricto
682 774 842 836 gladio
875 773 1075 838 reginae
1111 775 1306 823 obviam
1342 778 1593 840 procedit:

228 880 294 889 —-
458 851 639 913 „Siste
673 854 824 913 hunc,
859 870 1068 916 vesona,
1091 856 1369 919 furorem!
1394 898 1396 900 ,

228 960 292 969 -
458 933 615 981 Arme
650 932 831 983 ducem
865 936 1299 1002 servatricemque
1344 936 1562 985 cohortis

230 1012 482 1062 Inachiae
518 1014 742 1079 ingratis
779 1030 950 1063 coram
985 1019 1061 1062 tot
1093 1016 1316 1064 millibus
1352 1015 1515 1065 andes

233 1091 475 1141 Mactare
509 1095 565 1142 in
599 1095 861 1143 tumulos?
897 1095 1104 1161 (quanti
1129 1113 1227 1161 pro
1247 1097 1459 1160 funeris
1493 1097 1630 1145 ultor
1645 1099 1689 1161 Ι)

231 1172 327 1222 Cui
359 1189 575 1239 regnum
608 1176 913 1242 genitorque
953 1174 1117 1224 Thoos
1154 1183 1203 1225 et
1239 1176 1441 1226 lucidus
1474 1175 1634 1225 Evan

227 1252 425 1319 Stirpis
461 1255 655 1302 avus?''
693 1260 789 1307 etc.

94 1332 218 1384 Stat.
246 1330 306 1391 V,
342 1336 439 1380 663
465 1349 605 1397 seqq.
675 1334 768 1381 His
804 1334 1018 1382 cohibita
1054 1334 1203 1382 dictis
1239 1335 1487 1399 factisque
1522 1334 1777 1398 Eurydice

92 1414 387 1462 sedatiorem
425 1413 619 1475 quidem
656 1430 711 1461 se
745 1413 978 1477 praebet,
1017 1414 1105 1463 sed
1144 1415 1442 1464 contendere
1474 1415 1651 1463 mulier
1683 1430 1776 1463 una

91 1492 327 1541 adversus
364 1498 545 1540 tantam
582 1494 794 1542 virorum
830 1493 1196 1542 multitudinem
1243 1495 1528 1557 neutiquam
1577 1495 1775 1555 desinit,

91 1573 377 1638 postulans,
413 1578 466 1621 ut
503 1573 581 1621 ius
619 1590 762 1637 suum
800 1573 847 1621 in
884 1574 1068 1634 „vilem
1105 1572 1375 1623 famulam”
1413 1590 1648 1622 exercere
1684 1574 1776 1622 sibi

90 1653 257 1704 liceat.
345 1652 468 1700 Inde
532 1654 687 1701 maior
751 1653 918 1701 existit
971 1655 1231 1703 tumultus:
1299 1655 1580 1717 indignatur
1644 1654 1773 1702 enim

91 1733 275 1782 chorus
323 1732 386 1780 ad
431 1740 641 1781 mortem
690 1733 797 1796 rapi
845 1749 979 1794 eam,
1041 1735 1180 1782 cuius
1230 1735 1473 1783 beneficio
1519 1734 1774 1799 universus

92 1819 316 1862 servatus
363 1814 429 1861 sit
475 1814 748 1872 exercitus3
806 1813 953 1860 simul
997 1814 1247 1861 exercitus
1292 1815 1424 1878 ipse,
1472 1814 1662 1878 perlato
1711 1814 1771 1861 ad

93 1909 206 1941 eum
242 1908 472 1948 rumore,
507 1892 673 1941 fremit
709 1899 758 1941 et
791 1893 1071 1941 incendium
1108 1894 1363 1956 penatibus
1401 1894 1532 1956 regis
1566 1893 1775 1941 minatur

93 1969 240 2038 (Stat.
262 1970 325 2027 V,
345 1975 444 2019 690
462 1970 646 2035 seqq.).
700 1973 808 2034 Quo
841 1973 1042 2021 excitati
1070 1974 1277 2021 tumultu
1303 1974 1482 2036 gemini
1508 1979 1774 2021 accurrunt

91 2052 400 2117 Hypsipyles
426 2052 532 2112 filii,
561 2052 762 2101 Euneus
791 2051 1054 2119 (Εὔνεως)
1078 2060 1225 2117 atque
1251 2052 1436 2113 Thoas,
1474 2054 1570 2114 qui,
1606 2053 1774 2116 paullo

90 2137 206 2180 ante
239 2132 370 2194 regis
405 2131 626 2196 hospitio
663 2135 886 2197 excepti,
921 2134 1068 2183 huius
1101 2133 1325 2197 partibus
1362 2132 1589 2180 favebant
1624 2131 1774 2195 (Stat.

91 2211 154 2272 V,
183 2210 340 2274 ’119.)ι
410 2213 485 2260 Ab
521 2213 675 2260 altera
704 2222 864 2262 autem
891 2220 1034 2277 parte
1059 2213 1382 2275 Amphiaraus
1407 2212 1637 2271 accurrit,
1673 2211 1774 2274 qui,

91 2292 265 2342 sedato
301 2307 392 2355 per
426 2307 538 2339 eum
571 2293 779 2341 militum
817 2294 1049 2351 tumultu,
1085 2293 1180 2340 iam
1218 2292 1397 2341 ducum
1427 2308 1623 2356 quoque
1648 2291 1773 2340 iram

90 2388 412 2436 compescere
446 2378 650 2420 conatur
685 2373 871 2421 haecce
906 2374 1104 2420 dicens:

222 2448 317 2513 ἔξω
354 2449 453 2517 γὰρ
487 2449 652 2517 ὀργῆς
684 2456 784 2512 πᾶς
820 2449 1309 2517 οἷνὴρσοφώτερος.

92 2532 281 2581 Suadet
315 2532 509 2591 deinde,
546 2539 599 2581 ut
634 2535 911 2582 constitutis
948 2533 1192 2579 iudicibus
1229 2533 1291 2579 de
1316 2533 1422 2579 iure
1445 2531 1768 2595 disceptetur.

91 2612 285 2662 Iudices
340 2611 491 2675 igitur
545 2612 822 2676 deliguntur
870 2611 1067 2660 Euneus
1129 2617 1276 2674 atque
1321 2609 1489 2658 Thoas
1538 2609 1769 2673 (quorum

91 2692 205 2751 ille,
250 2695 303 2739 ut
349 2691 503 2739 maior
549 2696 691 2750 natu,
737 2693 885 2740 verba
932 2707 1023 2755 pro
1070 2692 1307 2739 ambobus
1352 2690 1522 2752 facit),
1569 2694 1771 2738 accusat

93 2771 374 2835 Eurydice,
421 2786 644 2820 caussam
692 2772 812 2820 dicit
858 2772 1150 2836 Hypsipyle.
1222 2770 1360 2818 Ilaec
1407 2771 1535 2819 actio
1583 2770 1631 2816 in
1667 2785 1768 2816 am-

92 2852 265 2917 phora,
300 2867 444 2915 quam
481 2849 768 2900 Gerhardus
805 2852 1084 2915 divulgavit,
1121 2851 1399 2899 exhibetur.
1468 2851 1595 2898 Ante
1620 2848 1768 2896 aedes

93 2933 255 2995 regias
292 2932 454 2979 media
501 2932 631 2979 inter
663 2932 1013 2996 Amphiaraum
1052 2938 1197 2994 atque
1231 2930 1537 2995 Hypsipylen
1588 2928 1768 2977 consti·

94 3017 200 3062 tuta
237 3011 485 3074 Eurydice
519 3011 664 3058 liuius
701 3011 1036 3059 defensionem
1062 3011 1319 3061 auscultat.
1377 3011 1416 3058 A
1446 3010 1578 3057 laeva
1606 3014 1767 3055 autem

96 3092 293 3141 aedium
330 3097 469 3155 parte
503 3090 637 3138 iuxta
674 3090 982 3155 Hypsipylen
1019 3095 1147 3138 stant
1172 3090 1371 3139 Euneus
1407 3096 1553 3154 atque
1581 3086 1767 3147 Thoas,

94 3171 296 3237 Dionysi
331 3171 554 3218 sublimis
590 3172 842 3219 custodiae
878 3170 1227 3229 commendati3
1263 3187 1288 3216 a
1330 3170 1503 3218 dextra
1538 3169 1766 3231 denique,

96 3252 395 3316 Amphiarao
429 3251 652 3315 proximi,
697 3250 1094 3316 Parthenopaeus
1131 3254 1182 3297 et
1218 3249 1501 3314 Capanaeus
1538 3247 1677 3312 quasi
1707 3246 1767 3293 ad

95 3332 429 3380 testimonium
459 3330 715 3379 dicendum
741 3330 940 3394 adsunt,
977 3347 1124 3395 supra
1150 3345 1271 3394 quos
1301 3329 1524 3380 sublimis
1549 3327 1769 3391 Iuppiter

97 3416 210 3461 cum
246 3411 433 3461 Nemea
468 3410 850 3474 conspiciuntur.
