2170 3848
1186 290 1308 347 1121

410 441 580 497 altera,
616 436 747 500 quod
781 435 873 496 iis,
910 451 1035 501 quae
1067 437 1164 485 hoc
1198 436 1420 485 dramate
1454 439 1795 502 continentur,
1831 457 1916 500 ea,
1951 456 2077 506 quae

408 519 538 582 apud
570 516 770 564 Troiam
805 521 943 581 gesta
977 522 1114 574 sunt,
1151 516 1511 578 quodammodo
1542 519 1797 572 iterantur.
1865 521 1990 571 Nam
2025 527 2078 571 et

406 597 757 661 Neoptolemus
807 601 1047 659 ‘paternae
1091 595 1357 658 impietatis
1416 597 1677 646 heredium
1739 602 1960 665 accepit,
2025 606 2078 650 et

406 678 675 725 Hermione
723 677 864 738 quasi
906 676 1060 724 altera
1108 675 1299 723 Helena
1352 683 1550 738 pestem
1607 693 1786 741 regno,
1845 680 1895 728 in
1943 681 2078 744 quod

408 756 694 805 transducta
729 761 819 816 est,
855 755 1106 818 importat,
1141 762 1192 802 et
1224 753 1481 803 Menelaus
1515 756 1694 806 iterum
1729 772 1820 820 pro
1856 759 2079 823 improba

406 835 615 884 muliere
649 835 911 882 certamina
947 839 1124 891 movet,
1158 838 1207 880 et
1241 824 1617 896 Andromache,‘
1635 835 1867 885 Hectoris
1893 837 2078 901 dignis-

407 916 533 963 sima
567 913 759 972 coniux,
795 913 953 972 adest,
989 913 1125 960 cuius
1159 911 1504 962 contumeliam
1529 931 1624 963 una
1657 930 1769 965 cum
1791 915 1927 964 illius
1956 931 2081 965 nece

407 995 530 1042 deus
567 995 908 1056 persequatur.
1846 992 1850 998 “
2055 987 2064 992 ’

535 1071 686 1122 Venit
730 1070 987 1118 Menelaus
1026 1068 1298 1117 Molossum
1349 1070 1602 1120 adducens
1649 1074 2078 1137 comprehensum,

407 1153 716 1215 minaturque
769 1166 822 1197 se
870 1165 983 1196 eum
1020 1148 1328 1206 occisurum,
1377 1150 1470 1197 nisi
1515 1153 1859 1201 Andromache
1904 1154 2080 1202 relicto

406 1232 587 1281 sacello
636 1245 722 1278 sua
768 1234 925 1276 morte
986 1228 1143 1275 filium
1192 1229 1422 1278 redimat.
1504 1230 1693 1279 lterum
1738 1232 2082 1281 Andromache

406 1313 623 1361 oratione
658 1310 815 1357 utitur
859 1313 914 1356 ut
963 1308 1190 1355 Hectoris
1226 1324 1386 1356 uxore
1437 1308 1583 1373 digna
1632 1311 1700 1358 ita
1735 1310 1796 1358 ad
1830 1312 1959 1360 iram
1992 1312 2080 1360 do-

404 1392 646 1440 minorum
673 1389 824 1453 magis
859 1387 1238 1445 accendendam,
1274 1404 1415 1450 quam
1443 1389 1856 1453 restinguendam,
1888 1392 2079 1442 idonea.

406 1471 566 1518 Huius
602 1468 835 1516 orationis
871 1467 1038 1530 priore
1073 1473 1213 1529 parte
1250 1468 1465 1515 ostendit
1498 1473 1641 1532 turpe
1677 1485 1789 1518 esse
1811 1471 1943 1533 quod
1965 1470 2077 1520 Me-

405 1549 573 1598 nelaus
623 1547 875 1605 moliatur,
913 1546 1065 1593 altera
1111 1545 1242 1593 idem
1277 1561 1337 1593 ne
1374 1547 1498 1596 utile
1532 1548 1757 1610 quidem,
1791 1549 1880 1598 sed
1914 1551 2079 1614 potius

405 1628 527 1693 ipsis
579 1627 865 1674 auctoribus
914 1626 1260 1688 perniciosum.
1344 1625 1550 1675 Orditur
1607 1629 1667 1675 ab
1710 1629 2077 1690 exclamatione,

407 1724 499 1771 qua
537 1706 879 1767 conqueritur,
917 1705 1142 1768 indignos
1179 1721 1329 1768 saepe
1365 1707 1588 1755 homines
1622 1707 1750 1756 fama
1786 1714 1936 1773 atque
1968 1711 2077 1774 opi—

406 1788 553 1835 nione
599 1784 801 1843 extolli,
849 1799 1061 1847 esseque
1108 1783 1309 1846 gloriam
1361 1801 1454 1833 non
1490 1787 1684 1835 virtutis
1717 1787 1953 1848 fructum,
1987 1791 2078 1838 sed

407 1867 631 1915 fortunae
678 1864 888 1920 donum,
937 1862 1180 1926 siquidem
1228 1863 1484 1913 Menelaus
1519 1864 1717 1915 Troiam
1774 1867 1957 1916 vicisse
1991 1867 2077 1917 vfe-

406 1952 559 2004 ratur,
596 1945 669 1991 vir
704 1947 872 1990 tantae
907 1943 1190 2003 vecordiae,
1227 1950 1283 1992 ut
1318 1944 1451 1992 filiae
1487 1945 1697 1994 stolidae
1731 1947 2078 2011 obtemperans

408 2041 520 2074 cum
554 2021 839 2072 muliercula
887 2021 1066 2068 misera
1113 2022 1159 2068 in
1194 2027 1441 2071 certamen
1476 2025 1760 2077 descendat.
1833 2025 1939 2075 Non
1971 2043 2077 2075 am·

411 2105 575 2168 plius,
609 2103 793 2166 inquit,
830 2116 923 2148 nec
958 2105 1009 2148 te
1044 2100 1194 2148 Troia
1228 2116 1328 2174 nec!
1353 2119 1521 2152 rursus
1558 2103 1757 2153 Troiam
1794 2110 1846 2153 te
1880 2106 2076 2168 dignam

405 2183 584 2232 iudico.
652 2181 801 2229 Tales
836 2180 1060 2228 homines
1097 2180 1218 2228 foris
1254 2181 1497 2245 splendidi
1544 2189 1680 2243 sunt,
1727 2184 1884 2239 intuS.
1931 2201 2075 2249 prae-

407 2270 632 2325 terquam
670 2260 796 2325 quod
815 2266 1067 2324 praestant
1096 2261 1288 2323 opibus,
1326 2262 1510 2310 similes
1536 2262 1834 2328 vulgaribus.
1883 2263 2076 2313 Deinde

405 2343 558 2391 multo
607 2341 857 2389 acerbiora
901 2340 1051 2399 mala,
1104 2356 1247 2403 quam
1297 2342 1470 2403 quibus
1516 2341 1611 2390 hoc
1660 2347 1888 2408 tempore
1920 2344 2076 2393 filiam

405 2423 629 2470 laborare
661 2425 831 2484 putet,
867 2434 927 2467 ex
964 2419 1144 2479 caede,
1192 2436 1337 2483 quam
1373 2426 1570 2484 patrare
1605 2430 1838 2480 conetur,
1893 2429 1946 2472 et
1979 2424 2075 2487 ipsi

406 2507 460 2550 et
494 2500 791 2549 Hermionae
825 2499 1009 2547 oritura
1043 2515 1155 2565 esse
1190 2500 1351 2548 docet.
1419 2500 1637 2549 Primum
1667 2502 1796 2550 enim
1822 2502 2074 2566 piaculum

406 2588 553 2643 atque
604 2579 854 2627 infamiam
903 2578 1147 2638 contrahi,
1201 2579 1381 2628 deinde
1427 2579 1745 2629 Hermionam
1791 2597 1818 2628 a
1851 2581 2074 2647 Neopto-

406 2659 537 2708 lemo
572 2660 717 2707 domo
743 2659 860 2723 pelli
893 2674 1103 2707 necesse
1151 2657 1291 2717 fore,
1338 2663 1442 2707 tum
1489 2660 1625 2723 turpi
1659 2661 1736 2708 'de
1781 2676 1951 2709 caussa
1999 2662 2074 2709 di-

406 2740 586 2787 missae
629 2740 732 2787 viro
784 2739 1045 2786 carendum
1091 2743 1141 2786 et
1186 2737 1315 2801 apud
1364 2747 1556 2802 patrem
1603 2740 2072 2791 consenescendum.

406 2816 626 2883 Denique
685 2822 877 2878 monet,
947 2833 1010 2865 ne
1070 2823 1273 2882 propter
1338 2818 1493 2866 levem
1549 2835 1655 2867 rem
1721 2820 1921 2882 grandia
1979 2821 2073 2869 sibi

351 2920 353 2923 ·
405 2897 531 2944 mala
565 2913 755 2961 parare,
790 2912 913 2945 neve
947 2896 1206 2944 mulierum
1241 2896 1536 2945 dementiam
1571 2899 1644 2947 vir
1692 2914 1904 2960 aequare
1935 2899 2072 2960 velit,

406 2976 495 3024 sed
529 2976 890 3040 Neoptolemo,
926 2975 986 3023 ad
1024 2991 1168 3038 quem
1204 2991 1292 3024 eae
1327 2977 1533 3026 iniuriae
1566 2980 1864 3041 damnaque,
1900 2977 1943 3025 si
1976 2993 2071 3041 qua

405 3055 529 3115 sint,
577 3055 783 3119 perinde
827 3059 974 3119 atque
1019 3052 1098 3102 ad'
1123 3054 1441 3104 Hermionam
1487 3059 1788 3120 pertineant,
1834 3056 2069 3107 iudicium

405 3134 797 3198 suppliciumque
831 3133 1119 3182 sumendum
1153 3136 1458 3204 permittere.
1527 3137 1665 3185 Haec
1700 3138 1874 3201 partim
1908 3137 2070 3202 pudo-

402 3228 509 3261 rem
558 3213 759 3261 iniicere
804 3215 986 3278 partim
1032 3215 1091 3262 ad
1128 3230 1290 3263 sanam
1326 3221 1540 3264 mentem
1573 3216 1815 3265 reducere
1846 3217 2068 3279 quemvis

400 3297 666 3355 potuerunt
706 3299 906 3356 praeter
950 3309 1088 3355 eum,
1136 3295 1218 3358 qui
1261 3295 1401 3343 unius
1449 3296 1668 3345 mulieris
1719 3288 1891 3344 caussa
1935 3295 2067 3345 bello

400 3375 539 3422 moto
571 3370 772 3420 Troiam
818 3373 1051 3436 perdidit.
1122 3371 1392 3422 Verissima
1426 3379 1589 3424 tamen
1642 3380 1754 3425 sunt
1794 3390 1922 3440 quae
1952 3375 2065 3426 Me-
