2170 3866
1111 263 1237 320 414

473 408 673 461 ἰδόνθ’·
708 405 897 472 ὅμοιον
927 406 1030 474 γὰρ
1063 405 1124 460 τὸ
1156 412 1329 477 χρῆμα
1361 409 1591 476 γίγνεται

471 494 544 555 τῷ
577 481 705 548 τοὺς
736 488 928 555 λόγους
958 489 1164 553 λέγοντι
1202 497 1274 555 τῷ
1307 489 1351 542 τ’
1389 490 1591 558 ἰωμένῳ
1605 492 1672 555 *).

472 569 639 634 Surgit
673 571 853 619 deinde
899 572 959 618 ad
1008 571 1270 620 dicendum
1308 574 1456 621 homo
1491 573 1743 635 antiquuS,
1789 571 1839 622 in
1874 573 2004 637 agris

341 650 559 700 colendis
594 651 851 713 plurimum
888 653 1126 715 temporis
1162 660 1430 717 occupatus
1467 668 1626 716 neque
1659 650 1861 699 multum
1895 654 2006 700 ver-

340 747 450 779 sans
483 731 612 778 inter
642 731 929 794 oppidanos,
965 732 1188 796 simplex,
1223 732 1476 792 innocens,
1513 747 1731 792 severus,
1771 735 2006 794 patronus

339 811 607 871 castitatis,
655 812 918 873 castigator
964 812 1196 860 libidinis.
1266 813 1414 860 Cuius
1451 811 1607 860 oratio
1643 810 1860 872 quamvis
1894 826 2007 874 pro-

339 890 483 938 betur
519 890 682 951 bonis,
727 896 889 938 tamen
926 907 1018 938 non
1055 897 1220 939 movet
1253 892 1611 940 multitudinem
1649 889 1866 955 pessimo
1901 889 2007 937 cui-

337 986 434 1033 que
479 970 751 1016 obnoxiam.
821 970 1052 1019 Ceterum
1101 988 1192 1019 non
1231 978 1306 1019 est
1338 972 1711 1035 negligendum,
1761 968 1890 1031 quod
1923 968 2010 1016 ille

336 1064 432 1096 non
467 1048 688 1111 plebeius.
735 1054 948 1108 tantum,
998 1051 1085 1098 sed
1124 1052 1268 1099 etiam
1311 1067 1496 1116 pauper
1531 1057 1675 1115 atque
1710 1046 2008 1113 αὐτουργὸς

337 1144 449 1176 esse
495 1128 720 1192 fingitur,
774 1130 1002 1193 quodque
1050 1131 1146 1178 hoc
1193 1148 1346 1196 genus
1394 1131 1646 1179 hominum
1694 1130 2007 1193 praedicatur

334 1208 490 1255 robur
533 1223 644 1254 esse
690 1212 740 1255 et
775 1209 998 1256 columen
1036 1213 1224 1274 patriae
1261 1209 1433 1276 (οἵπερ
1467 1206 1556 1259 καὶ
1588 1208 1746 1274 μόνοι
1779 1206 2007 1270 σώζουσι

332 1284 471 1352 γῆν).
550 1287 689 1335 Hanc
751 1288 895 1351 igitur
954 1289 1128 1336 civium
1179 1298 1367 1355 partem
1417 1308 1444 1337 a
1494 1291 1746 1353 republica
1791 1288 2006 1338 admini-

334 1365 529 1415 stranda
573 1367 732 1414 arceri
781 1374 833 1415 et
880 1368 999 1415 solis
1040 1385 1147 1416 eam
1182 1371 1498 1434 optimatibus
1533 1369 1773 1417 committi
1807 1368 2007 1419 nolebat

332 1445 615 1508 Euripides.
684 1446 837 1503 ldem,
872 1448 1116 1509 quodnam
1156 1456 1289 1497 esset
1321 1449 1578 1512 utriusque
1612 1449 1807 1512 generis
1843 1448 1893 1496 in
1926 1453 2004 1495 tu-

333 1526 455 1572 enda
492 1525 647 1589 patria
682 1541 856 1573 munus
892 1533 1041 1589 atque
1075 1528 1322 1587 officium,
1371 1529 1420 1577 in
1454 1529 1663 1593 Antiopa
1698 1527 1896 1582 docuit,
1940 1526 2004 1575 de

334 1621 427 1667 qua
463 1621 519 1652 re
553 1605 683 1653 infra
717 1606 1027 1669 expositurus
1062 1623 1184 1654 sum.

459 1684 512 1732 Iu
546 1685 827 1748 pernicioso
861 1693 1023 1734 autem
1059 1687 1143 1733 illo
1176 1686 1504 1735 multitudinis
1540 1687 1694 1747 duce,
1736 1701 1883 1750 quem
1921 1700 2003 1733 su-

331 1780 421 1828 pra
444 1764 712 1828 designavi,
736 1771 929 1815 veteres
953 1766 1253 1831 interpretes
1282 1767 1441 1814 notari
1471 1765 1827 1830 Cleophontem
1853 1765 2002 1826 aiunt,

327 1843 540 1893 Thracia
575 1845 853 1906 oriundum,
890 1846 971 1909 qui
1007 1853 1055 1894 et
1089 1846 1355 1895 Alcibiadis
1393 1846 1671 1909 expellendi
1696 1853 1868 1895 auctor
1894 1844 2002 1894 fue-

327 1930 419 1985 rat,
454 1929 584 1972 teste
619 1924 840 1973 Himerio
875 1926 922 1972 in
961 1926 1392 1975 declamationibus
1409 1925 1518 1988 **)‚
1555 1932 1604 1974 et
1639 1926 1828 1974 duobus
1863 1925 2002 1978 annis

327 2010 442 2053 ante
488 2021 650 2069 quam*
674 2005 840 2054 fabula
874 2006 999 2053 haec
1034 2007 1327 2064 doceretur,
1381 2005 1783 2054 Lacedaemoniis
1827 2019 2002 2069 pacem

327 2084 456 2132 ultro
494 2085 793 2147 petentib11S‚
829 2101 891 2134 ne
924 2085 1104 2134 bellum
1141 2092 1532 2149 componeretur,
1574 2087 1832 2134 obstiterat
1867 2083 2003 2148 (vide

327 2163 481 2211 schol.
517 2165 577 2212 ad
612 2181 654 2210 v.
691 2167 803 2214 760.
844 2171 893 2213 et
926 2165 1078 2228 891).
1166 2166 1228 2212 At
1272 2167 1319 2212 in
1367 2171 1503 2213 tanta
1542 2166 1878 2229 improborum
1915 2179 2000 2211 co-

326 2241 406 2306 pia
439 2258 534 2290 non
570 2248 673 2290 erat
716 2244 846 2304 quod
881 2244 939 2292 ad
977 2260 1125 2291 uuum
1162 2259 1216 2290 se
1252 2244 1524 2307 applicaret
1558 2252 1730 2306 poeta,
1776 2258 2000 2305 praeser-

325 2322 409 2369 tim
455 2322 688 2384 tragicus.
773 2322 1005 2370 Ceterum
1053 2322 1186 2384 pacis
1232 2322 1448 2370 studium
1487 2323 1534 2370 in
1567 2323 1662 2369 hac
1697 2337 1891 2384 quoque
1925 2320 1999 2367 fa-

324 2401 438 2448 bula
473 2401 754 2452 declaravit.
822 2401 1013 2449 Helena
1049 2401 1178 2448 enim
1213 2400 1320 2460 illa,
1355 2401 1470 2449 belli
1507 2417 1678 2449 caussa
1711 2402 2001 2464 patriaeque

324 2482 505 2546 pestis,
558 2481 748 2529 formae
792 2481 1124 2545 pulcritudine
1169 2481 1356 2528 animos
1401 2481 1677 2529 mortalium
1725 2481 1999 2528 obcoecans

325 2565 375 2609 et
410 2560 547 2623 quasi
598 2562 801 2626 magicis
837 2562 1022 2609 artibus
1057 2560 1243 2623 gladios
1280 2560 1576 2620 retundens,
1633 2562 1839 2609 deorum
1875 2575 1999 2608 con-

323 2640 436 2688 silio
485 2641 546 2686 ad
596 2640 723 2689 hanc
769 2641 926 2705 ipsam
962 2657 1066 2689 rem
1102 2646 1212 2689 nata
1248 2639 1403 2688 fuisse
1438 2640 1668 2702 fingitur,
1717 2645 1771 2688 ut
1815 2639 1999 2686 viribus

322 2720 572 2783 rebusque
604 2720 833 2769 secundis
870 2721 1171 2769 luxuriantes
1221 2719 1392 2784 populi
1437 2720 1618 2767 mutuis
1664 2719 1897 2768 caedibus
1943 2733 1999 2766 se

322 2799 420 2863 ipsi
466 2799 789 2860 conficerent,
841 2806 1084 2849 certantes
1133 2800 1195 2846 de
1238 2799 1540 2861 nequissima
1587 2799 1799 2858 femina,
1854 2813 1998 2861 qnae,

322 2885 581 2942 postquam
619 2887 910 2944 recuperata
946 2886 1037 2940 est,
1074 2888 1130 2929 ut
1163 2894 1284 2927 vana
1320 2879 1514 2942 species
1541 2877 1804 2927 evanescit.
1856 2876 1999 2924 Hanc

323 2958 442 3006 dum
477 2959 737 3010 sublimem
774 2959 939 3009 aufert
973 2959 1177 3025 Apollo,
1212 2974 1386 3023 pacem
1423 2963 1590 3023 sperat
1624 2973 1715 3023 pro
1753 2956 1838 3006 illa
1870 2956 1997 3005 redi-

323 3041 483 3086 turam
520 3054 648 3099 esse,
684 3039 870 3088 haecce
904 3042 1100 3089 dicens:

465 3239 686 3291 dicare,
726 3240 755 3280 i.
799 3255 838 3282 e.
889 3242 1033 3283 haec
1082 3242 1132 3283 in
1181 3239 1485 3282 iudicando
1538 3240 1680 3281 duce
1730 3237 1995 3292 spectari

466 3323 492 3352 o
505 3325 533 3365 p
548 3324 573 3351 o
583 3314 668 3352 rte
681 3314 708 3352 t.

378 3380 427 3433 κ)
458 3381 768 3436 Corruptelam
805 3382 1018 3437 vulgatae
1058 3378 1260 3435 vestigiis
1290 3379 1493 3422 insistens
1522 3378 1796 3422 scholiorum
1823 3375 1996 3419 sustuli.

349 3449 429 3503 θ)
459 3451 568 3495 Vide
596 3450 907 3508 Musgravium
937 3451 995 3494 ad
1024 3466 1067 3492 v.
1097 3447 1194 3492 902.
