2170 3866
1126 280 1250 337 424

476 505 791 571 „Fruges
822 507 1171 571 frendere
1232 507 1442 556 solita
1489 509 1643 557 saxi
1689 503 1994 573 robore*).

477 664 886 728 „Frendere
933 673 1197 727 noctes,
1246 667 1502 715 misera
1535 682 1698 733 quae
1737 684 2026 734 perpes-

1159 763 1231 795 sa
1278 744 1464 794 sum.'’

346 824 420 875 De
441 823 756 883 cruciatibus,
793 825 968 887 quibus
993 825 1173 874 affecta
1194 831 1317 886 erat,
1354 825 1687 874 conferendus
1713 825 2028 892 Propertius:

482 904 620 967 „Ah,
657 906 857 971 quoties
885 905 1096 971 pulcros
1129 907 1256 954 ussit
1291 907 1476 970 regina
1510 905 1741 971 capillos,

598 981 882 1050 Molliaque
917 985 1136 1033 immites
1156 985 1289 1051 fixit
1322 985 1379 1033 in
1415 1001 1508 1033 ora
1543 987 1762 1034 manus!

480 1062 585 1121 Ah,
621 1064 820 1129 quoties
843 1064 1106 1127 famulam
1135 1066 1314 1131 pensis
1349 1066 1583 1113 oneravit
1619 1065 1823 1130 iniquis,

601 1142 675 1191 Et
713 1150 874 1209 caput
911 1144 964 1191 in
1000 1143 1134 1192 dura
1163 1160 1361 1209 ponere
1401 1145 1550 1193 iussit
1586 1144 1770 1193 humo!

482 1221 658 1287 Saepe
697 1223 841 1270 illam
876 1222 1153 1271 immundis
1183 1240 1342 1289 passa
1378 1231 1452 1272 est
1488 1224 1725 1272 habitare
1758 1223 1997 1286 tenebris,

610 1300 652 1349 V
653 1302 772 1350 ilem
808 1303 1018 1350 ieiunae
1049 1319 1209 1368 saepe
1243 1305 1453 1367 negavit
1490 1303 1728 1369 aquam.’'

349 1380 507 1446 Regio
543 1396 598 1429 se
632 1397 814 1444 genere
848 1386 1029 1441 natam,
1066 1382 1163 1429 hoc
1199 1382 1378 1429 ceteris
1405 1383 1560 1429 servis
1584 1382 1895 1431 miseriorem
1917 1396 2031 1432 esse

348 1462 434 1525 ait,
471 1460 601 1523 quod
637 1476 731 1508 non
769 1460 1060 1508 obduruerit
1094 1461 1154 1508 ad
1191 1462 1538 1509 contumelias:

480 1539 668 1604 φρονῶ
707 1537 755 1588 δ’
791 1539 824 1587 ἃ
857 1539 1057 1602 πάσχω,
1091 1535 1182 1588 καὶ
1213 1538 1320 1589 τόδ’
1356 1538 1422 1588 οὐ
1458 1540 1683 1605 σμικρὸν
1715 1538 1908 1591 κακόν·

480 1619 540 1669 τὸ
574 1617 645 1685 μὴ
683 1617 879 1669 εἰδέναι
913 1617 1015 1685 γὰρ
1050 1616 1254 1685 ἡδονὴν
1287 1615 1388 1685 ἔχει
1420 1618 1538 1671 τινὰ

481 1703 772 1763 νοσοῦντα,
807 1697 994 1763 κέρδος
1029 1698 1075 1749 δ’
1115 1697 1172 1750 ἐν
1205 1703 1388 1760 κακοῖς
1422 1699 1673 1766 ἀγνωσία.

348 1777 521 1838 Fame,
557 1781 762 1844 frigore,
799 1781 1090 1830 lassitudine
1125 1787 1344 1843 enecato,

482 1859 825 1921 „Perdita
869 1861 1136 1909 inluvie
1184 1868 1386 1927 atque
1436 1862 1834 1923 insomnia‚”

349 1939 644 2004 suppliciter
680 1941 885 1990 iuvenes
935 1947 1072 2000 orat,
1119 1947 1171 1989 ut
1206 1957 1261 1989 se
1295 1941 1536 2006 recipiant
1568 1947 1920 2006 receptamque
1950 1945 2030 1990 tu-

347 2023 529 2068 tentur.

478 2099 641 2148 Finita
674 2101 954 2150 narratione
990 2102 1169 2150 chorus
1205 2102 1388 2150 haecce
1424 2101 1567 2150 effari
1601 2100 1784 2165 potuit:

483 2180 590 2241 φεῦ
626 2182 748 2242 φεῦ,
784 2179 1018 2243 βρότειαι
1051 2179 1310 2244 πημάτων
1344 2178 1465 2231 ὅσαι
1497 2179 1650 2246 τύχαι

480 2252 601 2306 ὅσαι
634 2273 687 2306 τε
720 2259 941 2322 μορφαί,
977 2257 1141 2323 τέρμα
1183 2259 1232 2308 δ’
1267 2259 1366 2309 οὐκ
1399 2258 1538 2307 εἴποι
1570 2274 1649 2316 τις
1682 2259 1767 2310 ἄν.

349 2334 445 2385 His
478 2338 656 2385 auditis
691 2338 939 2402 Amphion
975 2337 1173 2401 quidem
1217 2338 1553 2386 misericordia
1599 2341 1935 2386 commovetur
1978 2341 2031 2386 et

346 2417 571 2481 recipere
627 2417 730 2465 vult
782 2418 1042 2466 mulierem
1096 2421 1448 2482 receptamque
1509 2416 1569 2463 ab
1624 2415 1812 2464 iniuriis
1869 2419 2029 2465 tutum

347 2500 636 2559 praestare;
674 2502 846 2545 contra
873 2497 1062 2543 Zethus
1099 2503 1155 2544 ut
1190 2511 1378 2565 servan]
1406 2495 1682 2557 fugitivam,
1716 2496 1836 2543 ficto
1857 2494 2030 2545 dolore

352 2574 747 2624 misericordiam
782 2581 1117 2640 quaerentem,
1153 2575 1384 2639 repudiat
1415 2573 1602 2623 haecce
1637 2575 1834 2624 dicens:

923 2651 1049 2704 οὐδὲ
1083 2651 1184 2718 γὰρ
1218 2653 1395 2716 λάθρα
1430 2651 1573 2703 δοκῶ

481 2732 659 2796 φωτὸς
692 2733 1003 2800 κακούργου
1039 2733 1255 2801 σχήματ’
1292 2729 1682 2797 ἐκμιμούμενον

482 2810 568 2863 σοὶ
606 2817 734 2882 Ζῆν’
769 2811 821 2874 ἐς
856 2814 1037 2881 εὐνήν,
1081 2811 1247 2876 ὥςπερ
1284 2814 1597 2876 ἄνθρωπον,
1634 2816 1832 2879 μολεῖν.

346 2890 441 2940 His
477 2894 549 2942 sic
584 2897 706 2944 actis
744 2900 973 2944 venatum
1010 2896 1190 2944 abeunt
1224 2894 1456 2955 iuveneS,
1504 2897 1712 2960 Antiopa
1746 2912 1888 2957 vero,
1939 2913 2027 2945 cu-

350 2971 534 3022 mulata
570 2975 698 3023 mala
731 2991 829 3024 non
862 2976 1045 3037 ferens,
1080 2980 1245 3023 mente
1275 2973 1498 3036 alienata,
1534 2975 1582 3023 in
1614 2992 1770 3038 genua
1793 2991 2024 3041 procum-

405 3229 456 3284 ³¹‘)
486 3229 670 3272 Modum
700 3230 874 3272 excedit
901 3231 1020 3286 quod
1048 3230 1228 3285 quidam
1260 3234 1392 3284 poeta
1421 3244 1492 3287 ap.
1512 3232 1659 3287 Etym.
1694 3230 1756 3272 M.
1780 3245 1821 3285 p.
1843 3228 1914 3286 60,
1937 3230 2026 3284 63„

487 3314 618 3355 quem
641 3298 796 3342 citavit
814 3301 1020 3357 Ungerus
1041 3301 1187 3343 Theb.
1209 3302 1363 3354 parad.
1387 3316 1429 3357 p.
1450 3301 1535 3354 82„
1564 3301 1619 3344 fe
1629 3314 1790 3343 treas
1818 3300 2025 3357 fruges

485 3370 544 3412 ab
574 3368 765 3424 Antiopa
794 3370 972 3414 molitas
1001 3384 1098 3414 esse
1126 3369 1343 3425 perhibet.
