2170 3848
100 410 441 477 describendo.
509 407 562 458 Si
596 411 761 458 tamen
796 422 825 455 a
857 405 1068 471 publicis
1096 402 1332 453 institutis
1364 402 1676 468 recedamus,
1711 421 1776 458 ne

99 493 313 544 medinm
349 489 546 555 quidem
581 488 714 553 quod
760 486 935 534 dicitur
968 499 1173 543 aevum,
1225 499 1320 547 quo
1355 499 1546 532 summa
1580 488 1774 552 conspi-

99 574 288 624 tatione
321 570 563 627 bomineS,
599 567 741 632 pulsa
775 570 1037 630 spretaque
1060 568 1249 623 natura,
1286 563 1595 626 disciplinam
1633 583 1662 615 a
1694 583 1774 616 sa-

97 653 381 703 cerdotibus
416 649 647 699 traditam
682 646 836 695 secuti
871 659 982 693 esse
1016 643 1310 703 creduntur,
1354 643 1438 690 illa
1470 644 1777 697 dissensione
1867 681 1882 695 .

98 747 305 782 vacumn
353 730 510 778 fuisse
568 727 885 775 inveniemus.
980 721 1291 772 Testimonio
1354 728 1468 770 sunt
1513 722 1775 775 Wolframi

100 810 429 861 Eschenbacii
475 813 527 856 et
560 804 831 855 Godofredi
865 803 1237 865 Argentinensis
1273 802 1518 862 carmina,
1567 806 1774 855 consilio

101 891 248 955 plane
281 887 525 937 contrario
559 885 768 949 scripta,
819 899 1024 947 quorum
1061 882 1144 930 hic
1177 881 1459 930 hominibus
1493 883 1650 931 divina
1681 885 1775 934 hu-

102 983 337 1032 manaque
362 967 500 1023 iura,
547 965 662 1012 dum
699 963 904 1011 lubidini
941 967 1144 1026 parent,
1199 962 1529 1025 polluentibus
1575 963 1776 1014 minime

101 1046 248 1098 irasci
278 1044 489 1103 videtur,
523 1043 751 1107 tollitque
775 1043 1052 1091 libertatem
1089 1042 1276 1090 arbitrii
1309 1057 1530 1090 caussam
1566 1042 1775 1093 affectus

104 1140 343 1175 venenum
381 1122 627 1189 fingendo.
711 1123 892 1171 Contra
939 1122 1068 1170 inter
1105 1120 1353 1181 Graecos,
1402 1137 1552 1185 quum
1599 1123 1775 1185 vulgus

101 1205 238 1254 fatali
271 1203 553 1254 necessitati
585 1218 680 1251 non
715 1218 880 1251 rerum
916 1207 1107 1250 tantum
1141 1208 1364 1249 naturam
1398 1208 1450 1250 et
1482 1217 1565 1250 res
1600 1202 1776 1252 huma-

99 1301 216 1344 nas,
261 1283 349 1332 sed
396 1283 518 1332 deos
568 1298 763 1346 quoque
811 1281 949 1346 ipsos
984 1297 1190 1346 parere,
1236 1282 1510 1345 eademque
1562 1281 1777 1332 ducente

97 1363 334 1414 mundum
376 1363 617 1427 principio
668 1363 996 1425 compositum
1057 1377 1170 1410 esse
1216 1361 1470 1421 crederet,
1542 1361 1775 1411 Socrates

99 1443 305 1493 consilio
337 1443 543 1491 numinis
579 1442 728 1492 divini
774 1440 930 1505 (quod
963 1438 1023 1490 τὸ
1057 1443 1213 1491 θεῖον
1246 1440 1545 1506 appellabat)
1583 1442 1778 1492 censuit

98 1528 203 1573 tum
240 1522 516 1572 animalium
545 1538 752 1586 corpora
787 1528 839 1570 et
873 1537 998 1585 quae
1032 1528 1167 1571 terra
1190 1522 1511 1587 gignerentur
1536 1526 1641 1570 tum
1670 1521 1777 1570 uni-

98 1618 296 1652 versum
329 1602 562 1651 muudum
598 1610 651 1650 et
684 1601 926 1666 principio
960 1602 1023 1649 ad
1057 1617 1198 1651 usum
1235 1601 1601 1664 utilitatemque
1632 1601 1776 1650 insti-

99 1687 259 1732 tutum
306 1697 417 1730 esse
463 1687 515 1730 et
548 1688 790 1746 perpetuo
825 1681 958 1743 regi3
1004 1681 1064 1729 ab
1099 1680 1275 1729 iisdem
1322 1686 1487 1728 autem
1522 1681 1646 1740 diis,
1692 1680 1778 1743 qui

99 1761 183 1810 illa
227 1761 451 1809 fabricati
485 1765 680 1819 essent,
729 1760 918 1808 consuli
951 1760 1239 1809 mortalibus
1275 1764 1326 1807 et
1361 1760 1577 1808 incertos
1611 1776 1778 1809 rerum

101 1846 304 1889 eventus
338 1839 578 1887 ominibus
599 1839 902 1902 ostentisque
936 1839 1216 1902 significari,
1252 1854 1309 1886 ac
1339 1839 1596 1886 nonnullos
1632 1840 1779 1888 etiam

100 1919 325 1967 homines
349 1918 523 1966 mentis
551 1932 670 1964 suae
698 1917 971 1982 praesagio,
1001 1918 1139 1980 quasi
1174 1916 1303 1978 genii
1342 1918 1597 1965 cuiusdam
1633 1934 1777 1981 prae-

102 1997 253 2046 sentis
275 2011 411 2055 voce,
429 1995 749 2060 praemoneri.
783 1996 905 2043 Eius
933 1997 1026 2043 viri
1053 1996 1366 2060 philosophia
1396 1996 1551 2044 omnis
1578 2011 1638 2044 eo
1662 2013 1777 2062 spe-

100 2075 264 2137 davit,
297 2080 350 2124 ut
372 2079 477 2123 tum
511 2090 540 2123 a
573 2080 776 2123 naturae
809 2074 1016 2123 vinculis
1052 2080 1104 2123 et
1138 2090 1288 2123 coeco
1325 2075 1647 2139 cupiditatum
1682 2077 1776 2127 im-

99 2161 221 2222 petu
261 2158 367 2203 tum
411 2155 472 2203 ab
507 2154 791 2218 opinionum
829 2154 1185 2217 perversitate,
1232 2155 1408 2218 quibus
1443 2160 1671 2218 tanquam
1706 2157 1777 2206 al-

98 2241 206 2285 tera
248 2240 420 2284 natura
465 2249 494 2281 a
526 2233 710 2282 teneris
757 2234 934 2282 imbuti
966 2235 1185 2298 cogimur
1219 2233 1585 2296 trahimurque,
1632 2236 1779 2286 soluti

100 2318 154 2364 et
183 2313 323 2378 quasi
355 2314 404 2361 in
437 2313 714 2362 libertatem
743 2313 971 2361 vindicati
1005 2320 1160 2374 recta,
1197 2329 1327 2374 vera,
1362 2314 1573 2362 honesta
1606 2320 1659 2365 et
1693 2332 1778 2365 co-

99 2409 449 2460 gnosceremus
483 2398 534 2440 et
567 2393 764 2458 cognita
798 2409 1131 2455 sequeremur.

230 2474 417 2523 Auctor
451 2478 614 2520 autem
649 2472 842 2521 Socrati
875 2472 1040 2521 fuerat
1073 2474 1405 2538 Anaxagoras,
1439 2474 1557 2537 „qui
1588 2476 1776 2538 primus

101 2552 317 2603 omnium
350 2567 513 2600 rerum
551 2552 932 2619 descriptionem
969 2558 1021 2600 et
1053 2553 1250 2600 modum
1284 2554 1520 2600 mentis
1554 2553 1775 2604 infini-

104 2637 210 2681 tae
251 2632 314 2681 vi
349 2647 416 2680 ac
458 2632 717 2680 ratione
752 2632 1003 2696 designari
1035 2638 1087 2680 et
1122 2629 1515 2680 confici-voluit’'
1551 2639 1602 2681 et
1634 2634 1778 2684 inane
1825 2648 1827 2650 ·

105 2724 280 2759 nomen
313 2726 424 2759 esse
457 2711 577 2759 dixit
609 2712 918 2760 necessitatis
952 2710 1142 2770 fatalis,
1187 2712 1418 2774 idemque
1464 2711 1612 2760 finem
1647 2714 1778 2764 vitae

104 2788 346 2838 humanae
389 2789 440 2838 in
482 2790 899 2854 contemplatione
941 2790 1017 2838 vel
1064 2791 1347 2856 cognitione
1395 2789 1667 2859 (θεωρίᾳ),
1716 2811 1776 2843 ex

105 2884 202 2932 qua
235 2867 478 2916 sentiendi
509 2868 817 2932 faciendique
850 2870 1051 2918 libertas
1076 2876 1380 2931 nasceretur,
1415 2873 1600 2936 primus
1624 2889 1776 2938 posu-

104 2946 207 2996 isse
240 2946 514 3007 videtur-³⁸³).
600 2948 796 2997 Medius
831 2950 960 2997 inter
1005 2955 1265 3014 utrumque
1313 2951 1581 3000 collocatus
1616 2953 1776 3001 sceni-

105 3041 192 3076 cus
228 3026 313 3090 qui
347 3026 526 3075 dicitur
557 3028 879 3092 philosophus
901 3029 1187 3094 Euripides,
1222 3029 1368 3079 huius
1402 3031 1609 3091 auditor,
1642 3032 1776 3080 illius

105 3104 205 3154 dux
252 3111 303 3155 et
346 3106 562 3166 amima,
608 3107 798 3169 effecit,
848 3113 903 3156 ut
935 3110 996 3158 ad
1042 3110 1236 3158 infimos
1268 3109 1668 3175 humillimosque
1701 3112 1776 3159 in-

105 3190 249 3234 venta
295 3191 435 3234 antea
477 3187 729 3237 recondita
772 3193 1087 3252 penetrarent
1134 3196 1186 3239 et
1236 3191 1375 3253 quasi
1404 3191 1454 3240 iu
1487 3206 1688 3239 succum
1724 3195 1775 3239 et

168 3361 218 3415 Ὁ
248 3361 339 3404 Cic.
367 3361 419 3404 N.
448 3362 502 3403 l).
530 3362 575 3417 l,
604 3361 673 3403 ll.
708 3362 832 3406 Alex.
862 3365 1004 3420 Aphr.
1049 3365 1104 3406 de
1133 3363 1246 3405 Fato
1274 3363 1308 3405 f.
1338 3362 1436 3406 163.
1481 3364 1621 3406 clem.
1650 3364 1776 3406 Alex.

236 3431 406 3477 strom.
434 3432 493 3477 11.
522 3448 567 3488 p.
591 3431 694 3477 416.
721 3434 910 3478 Brandis
927 3436 1042 3478 nist.
1075 3433 1188 3490 phil.
1211 3433 1289 3477 Gr.
1319 3438 1363 3477 et
1384 3434 1518 3476 Rom.
1547 3434 1586 3477 Ι.
1613 3448 1657 3490 p.
1677 3432 1775 3478 268.

1368 3505 1444 3552 1*
