2170 3866
886 271 1010 330 481

99 419 499 478 misericordiam
533 419 851 485 implorante,
885 421 997 486 ipse
1029 417 1231 469 interim
1254 416 1323 468 nil
1346 416 1479 467 aliud
1508 416 1625 481 agit,
1660 430 1811 482 quam

100 508 155 554 ut
189 501 620 569 opportunitatem
656 502 964 567 exsequendi
998 516 1144 566 quam
1191 498 1468 548 tectissime
1505 514 1634 562 quae
1668 495 1812 562 cupit

100 583 408 651 speculetur.
487 582 655 631 Huius
705 588 887 645 quanta
934 582 984 630 in
1033 579 1339 645 exquirenda
1387 578 1584 627 Orestis
1637 577 1811 626 condi-

100 665 240 714 tione
274 662 630 722 fraudulentia,
668 679 814 726 quam
850 662 1079 728 improba
1113 662 1160 708 in
1196 660 1303 708 ficti
1329 659 1521 708 doloris
1558 658 1812 722 significa-

102 745 241 794 tione
276 742 466 792 laetitia
502 743 699 792 elucet!
749 759 896 807 quam
933 742 1117 791 acerba
1151 739 1453 805 vituperatio
1490 740 1812 788 commisera-

103 825 226 874 tioni
262 824 358 888 ipsi
405 823 740 872 immiscetur!
804 823 872 872 Et
920 829 1184 887 postquam
1233 821 1454 869 fideliter
1488 836 1545 869 se
1581 834 1811 868 caussam

105 903 303 954 Orestis
352 903 676 952 defensurum
728 919 842 952 esse
876 903 1174 963 affirmavit,
1220 900 1534 965 prudentiam
1571 900 1813 966 tergiver-

105 985 284 1034 sationi
313 990 627 1045 praetexens,
656 984 959 1048 derelinquit
983 985 1130 1032 etiam
1156 998 1283 1046 quae
1313 980 1673 1046 malignissime
1696 995 1814 1045 pro-

104 1064 256 1113 misit.
325 1063 582 1114 Subdolae
635 1064 783 1114 huius
818 1064 1089 1128 vafraeque
1123 1070 1330 1112 naturae
1365 1063 1504 1125 signa
1539 1065 1688 1110 acuto
1724 1062 1816 1110 ob-

106 1144 324 1194 servavit
355 1143 542 1193 iudicio
574 1135 901 1193 Philochorus
927 1146 1031 1193 sive
1066 1144 1177 1208 quis
1202 1143 1328 1191 alius
1358 1140 1816 1208 grammaticorum,

106 1230 159 1274 et
209 1225 480 1288 perstringi
533 1223 833 1288 Spartanos,
889 1223 1286 1287 quorum-quasi
1335 1222 1560 1285 effigiem
1606 1220 1819 1286 proponi

104 1319 371 1370 personam
427 1303 679 1362 Menelai,
742 1303 1123 1361 animadvertit;
1190 1302 1255 1350 cf.
1293 1301 1453 1350 schol.
1507 1300 1570 1348 ad
1619 1316 1668 1351 v.
1703 1302 1818 1350 361.

103 1385 151 1435 A
185 1384 344 1448 primo
393 1383 545 1448 igitur
591 1382 764 1431 statim
811 1383 1016 1431 introitu
1062 1388 1231 1430 monet
1264 1381 1624 1444 malignitatem
1659 1380 1819 1430 mani-

104 1461 310 1512 festari:
346 1477 443 1510 non
480 1463 610 1511 enim
647 1454 880 1527 Spartam
916 1462 1073 1521 illum,
1111 1463 1200 1511 sed
1238 1464 1417 1526 Argos,
1454 1462 1595 1526 quasi
1631 1463 1695 1510 ad
1731 1476 1820 1510 ex-

103 1542 391 1608 pellendum
418 1541 652 1592 Orestem
683 1543 969 1607 profectum
1006 1559 1151 1602 esse3
1186 1544 1336 1591 verba
1370 1557 1490 1590 vero
1517 1542 1625 1590 eins
1655 1541 1821 1590 omnia

105 1628 381 1688 suppurata
416 1639 564 1683 esse3
615 1623 842 1671 invidere
889 1639 1005 1671 eum
1040 1623 1193 1671 vitam
1230 1621 1403 1671 Oresti
1441 1623 1581 1685 quasi
1618 1623 1821 1671 nimiam

103 1702 426 1752 felicitatemt
463 1702 515 1750 id
554 1703 686 1751 enim
717 1703 1016 1767 significare,
1053 1718 1168 1751 eum
1198 1701 1557 1768 εὐτυχοῦντας
1589 1719 1682 1769 pro
1718 1711 1822 1752 σω-

108 1779 372 1846 ζομένους
407 1785 475 1842 (v.
504 1783 644 1847 363.)
682 1784 845 1844 dicat;
880 1783 1157 1848 improbam
1196 1784 1244 1832 ei
1282 1785 1487 1832 caedem
1521 1799 1636 1832 esse
1662 1782 1824 1832 videri

108 1879 239 1927 quae
273 1878 366 1928 pro
416 1864 496 1928 pia
530 1864 762 1912 habenda
798 1865 866 1912 sit
902 1863 970 1929 (v.
1004 1866 1119 1914 363.
1157 1864 1323 1925 366.);
1360 1865 1645 1929 importune
1679 1880 1822 1913 acer-

106 1945 272 2008 beque
307 1960 419 1992 eum
456 1943 520 1992 de
554 1944 741 1992 furoris
768 1945 816 1992 vi
843 1950 893 1992 et
928 1944 1218 1994 assiduitate
1252 1961 1510 2009 quaerere,
1539 1944 1674 2010 quod
1707 1960 1824 1993 eum

107 2025 441 2088 redintegrari
478 2025 648 2089 cupiat
698 2023 767 2088 (V.
801 2027 916 2073 391.
951 2028 1065 2077 393.
1103 2026 1277 2089 401.);
1329 2025 1600 2074 crudeliter
1636 2026 1823 2087 dicere,

109 2120 246 2167 „uon
282 2111 361 2153 est
395 2105 678 2154 mirandum
714 2106 903 2154 atrocia
938 2107 1042 2170 pati
1079 2107 1162 2170 qui
1199 2106 1382 2154 atrocia
1434 2107 1824 2170 perpetrarint‚'’

109 2191 163 2234 et
211 2200 353 2250 spem
407 2185 560 2233 divini
605 2186 772 2234 auxilii
821 2187 1036 2251 maligne
1085 2185 1342 2248 refutare,
1395 2202 1547 2250 quum
1594 2190 1826 2235 cessante

107 2264 344 2330 Apolline
379 2264 557 2314 Furias
608 2255 898 2328 praesentes
946 2265 1181 2314 obsidere
1227 2271 1380 2329 atque
1416 2266 1708 2315 incumbere
1742 2282 1825 2315 ar-

106 2350 228 2412 guat
263 2345 334 2407 (v.
363 2346 478 2393 409.
505 2344 663 2409 411.),
699 2346 917 2411 denique
945 2346 1076 2394 male
1100 2345 1413 2395 dissimulare
1448 2346 1702 2411 gaudium,
1740 2346 1827 2396 ubi

109 2425 178 2474 de
218 2425 336 2473 odio
386 2425 568 2474 civium
618 2429 672 2474 et
721 2425 1010 2475 imminente
1058 2427 1281 2491 periculo
1319 2426 1520 2491 capitali
1555 2430 1828 2493 cognoscat

110 2501 184 2569 (v.
219 2506 334 2554 417.
366 2505 523 2568 421).
590 2505 684 2554 His
720 2506 866 2566 adde,
904 2507 1036 2571 quod
1072 2508 1120 2555 in
1156 2507 1321 2570 primo
1347 2506 1515 2554 statim
1553 2523 1828 2573 congressu

109 2584 334 2648 speciem
370 2583 567 2633 Orestis
603 2586 892 2646 confusam,
930 2587 1206 2650 squalidam
1244 2602 1470 2648 comam,
1507 2587 1671 2636 siccos
1708 2582 1828 2636 ocu-

109 2665 222 2724 los,
269 2680 452 2728 corpus
491 2666 773 2716 universum
810 2667 1016 2715 umbrae
1051 2683 1197 2730 quam
1229 2667 1419 2716 homini
1457 2667 1669 2716 similius
1706 2684 1828 2718 con-

112 2744 331 2809 spiciens
378 2745 640 2794 horrorem
689 2763 782 2811 pro
829 2747 1172 2796 misericordia
1213 2747 1478 2811 significat.
1548 2747 1675 2796 Tam
1712 2765 1829 2798 cru-

111 2824 217 2874 deli
249 2824 541 2888 malignitati
569 2842 630 2874 ex
657 2827 867 2876 adverso
897 2827 1092 2892 positae
1120 2827 1426 2892 simplicitas,
1465 2829 1651 2877 candor
1672 2829 1830 2878 fides-

112 2920 216 2969 que
265 2903 464 2953 Orestis
512 2907 756 2956 acerrime
804 2912 1009 2956 movent
1043 2911 1375 2972 spectatores.
1444 2907 1662 2972 Ingenue
1697 2910 1831 2959 enim

112 2989 316 3034 enarrat
366 3000 693 3050 quaecunque
754 2988 1036 3036 sciscitatur
1083 2988 1343 3036 insidiator
1390 2988 1454 3037 de
1516 2989 1700 3052 caede,
1767 2990 1832 3039 de

115 3065 328 3126 morbo,
391 3066 455 3114 de
518 3065 761 3127 Apollinis
830 3068 1120 3132 promissis,
1183 3068 1247 3116 de
1307 3068 1488 3117 civium
1546 3069 1831 3134 iniquitate.

116 3144 433 3195 Conscientia
468 3160 524 3194 se
555 3146 626 3194 ait
660 3152 712 3195 et
746 3149 998 3197 moestitia
1034 3149 1261 3210 cruciari,
1300 3150 1379 3198 cui
1416 3150 1659 3199 accedere
1692 3151 1832 3200 furo-

115 3240 259 3284 rem,
310 3241 486 3290 quem,
538 3240 649 3274 cum
687 3233 834 3277 noctu
868 3230 1042 3277 matris
1077 3244 1200 3295 rogo
1237 3230 1484 3279 assideret
1517 3230 1580 3279 ad
1622 3230 1835 3295 legenda

115 3320 236 3354 ossa
281 3313 518 3371 paratuS,
568 3307 785 3371 primum
820 3309 1090 3358 invasisse:
1134 3315 1240 3359 tres
1277 3310 1409 3359 enim
1445 3311 1660 3373 virgines
1698 3310 1835 3359 nocti

118 3385 311 3435 similes
347 3387 475 3435 visas
513 3402 626 3436 esse
660 3389 1087 3453 appropinquare3
1137 3405 1201 3438 ex
1248 3405 1310 3439 eo
1357 3391 1478 3440 inde
1512 3396 1742 3454 tempore
1777 3405 1836 3439 se

117 3464 464 3597 iiaqpeipetuo
500 3467 683 3521 vexari.
755 3466 980 3520 Civitatis
1015 3474 1180 3520 autem
1214 3470 1298 3521 hic
1333 3476 1412 3522 est
1448 3475 1639 3520 status:
1675 3468 1832 3533 Oeax,

242 3581 254 3593 .
339 3579 354 3597 .
1429 3552 1493 3599 31
