2170 3848
880 288 886 296 ,.
939 244 1059 302 159

157 393 456 444 bilaritatem
503 393 691 459 gignit,
736 393 786 442 in
830 393 1058 458 gravibus
1099 390 1401 454 moestisque
1434 389 1626 452 eadem,
1676 403 1826 455 quum

160 474 377 525 breviter
439 474 735 536 concisaque
795 473 942 522 dictis
1003 472 1114 536 plus
1171 470 1491 534 significatur,
1549 485 1695 534 quam
1757 469 1825 519 si-

156 553 379 618 gnificari
426 554 646 615 videtur,
697 553 1062 615 multorumque
1119 550 1443 600 admonentur
1501 554 1825 614 spectatores,

159 649 284 697 quae
317 648 404 682 eos
437 633 592 697 ipsos,
629 633 710 697 qui
745 632 1102 694 colloquuntur,
1137 630 1345 694 fugiant,
1380 629 1555 677 mirum
1590 634 1826 691 quantum

158 712 291 762 valet
321 714 383 762 ad
417 712 705 762 afficiendos
731 711 1042 759 miseratione
1065 710 1251 758 animos
1281 710 1568 773 peritorum,
1604 723 1826 756 caussam

161 808 360 852 eorum,
406 794 488 857 qui
533 792 904 854 colloquuntur,
941 805 1052 838 cum
1086 790 1173 850 iis,
1222 805 1346 853 quae
1379 788 1451 836 illi
1484 788 1826 851 imprudentes

161 871 360 932 dicunt,
407 870 808 934 comparantium.
877 868 1007 916 Huic
1040 873 1199 916 autem
1237 868 1536 916 miserationi
1570 866 1828 916 admiratio

162 952 460 1001 admiscetur
491 949 898 1014 magnanimitatis
935 954 987 997 et
1022 949 1324 997 constantiae
1361 947 1581 1006 Orestis,
1616 948 1826 995 acerbae

159 1030 461 1091 necessitati,
495 1029 544 1076 in
579 1045 724 1091 quam
760 1044 815 1076 se
849 1034 988 1092 putat
1022 1029 1228 1077 deorum
1265 1029 1525 1091 iniquitate
1559 1026 1826 1075 deductum

159 1125 287 1169 esse,
324 1109 431 1158 sine
465 1109 679 1172 querelis
715 1108 946 1172 parentis,
1018 1108 1280 1172 Postquam
1307 1110 1436 1156 enim
1471 1123 1529 1154 eo
1564 1108 1827 1155 deventum

159 1189 251 1249 sit,
291 1194 349 1238 ut
392 1185 591 1253 indigna
634 1195 795 1236 morte
845 1189 1040 1253 pecoris
1087 1189 1243 1236 instar
1277 1187 1582 1252 pereundum
1627 1186 1717 1246 sit,
1763 1201 1827 1234 ne

160 1284 271 1317 cum
329 1269 550 1332 corporis
612 1268 856 1332 supplicio
912 1268 1121 1316 nominis
1175 1268 1439 1331 ignominia
1485 1265 1828 1330 coniungatur,

157 1348 338 1397 tacitus
386 1349 676 1411 ignotusque
723 1348 948 1395 omnibus
981 1347 1325 1396 intereundum
1360 1348 1452 1396 sibi
1488 1362 1601 1394 esse
1635 1346 1829 1394 consti-

158 1427 266 1477 tuit.
333 1427 465 1491 Ergo
499 1427 866 1475 miserationem
903 1427 1202 1484 sacerdotis,
1241 1434 1295 1476 ut
1327 1428 1583 1486 inutilem,
1618 1426 1826 1490 respuit,

158 1508 349 1568 nolens,
383 1524 493 1556 cum
529 1522 669 1571 spem
706 1507 884 1555 salutis
919 1508 1101 1555 nullam
1137 1523 1250 1555 esse
1285 1508 1471 1566 videat,
1506 1506 1690 1571 duplex
1723 1522 1826 1554 ma·

156 1586 258 1636 lum
294 1578 628 1652 pro'simplici
663 1588 919 1652 suscipere
955 1593 1040 1636 aut
1072 1587 1370 1636 imminentis
1395 1586 1665 1651 periculum
1694 1601 1826 1634 mor-

159 1668 226 1716 tis
262 1668 477 1716 obruere
510 1668 753 1717 lamentis.
823 1668 1014 1716 Eadem
1050 1667 1240 1716 ratione
1276 1667 1471 1730 aperire
1490 1665 1664 1728 virgini
1698 1681 1826 1728 quae

159 1747 441 1796 sciscitatur
474 1753 682 1797 recusat.
724 1747 950 1811 ‘Itaque,
986 1748 1096 1810 quis
1131 1747 1225 1808 sit,
1275 1745 1530 1809 quaerenti
1576 1744 1825 1793 infelicem

160 1842 218 1875 se
250 1826 372 1875 dicit
405 1842 536 1882 esse,
575 1832 738 1874 cetera
759 1827 866 1885 jam
902 1826 1116 1876 curanda
1151 1842 1264 1875 esse
1298 1840 1479 1888 negans
1494 1823 1567 1888 *).
1635 1824 1719 1873 Sic
1745 1841 1826 1874 re-

159 1911 325 1966 moto,
369 1908 500 1970 quod
545 1905 827 1970 lpbigeniae
871 1907 1012 1955 dolor
1044 1912 1187 1955 antea
1228 1908 1567 1965 obstruxerat,
1617 1905 1826 1969 impedi-

159 1990 354 2042 mento,
403 1986 611 2034 alterum
656 1986 870 2034 infertur
915 1986 1189 2034 obstinatus
1237 1986 1404 2033 fratris
1452 1986 1657 2035 animus,
1726 1985 1824 2033 Po-

159 2069 348 2113 stremo
394 2065 602 2113 comiter
647 2065 957 2130 benigneque
1003 2067 1218 2130 roganti,
1267 2072 1323 2113 ut
1370 2065 1419 2113 id
1468 2065 1562 2113 sibi
1597 2071 1825 2128 tanquam

156 2143 452 2194 beneficium
487 2144 689 2204 tribuat,
723 2146 955 2210 Argivum
991 2161 1046 2194 se
1082 2161 1195 2194 esse
1228 2145 1466 2204 declarat,
1501 2161 1562 2193 ex
1595 2144 1825 2209 Mycenis

155 2223 399 2288 qnondam
434 2223 662 2273 felicibus
696 2226 971 2285 oriundum,
995 2219 1095 2274 'sed
1130 2241 1192 2274 ex
1229 2226 1387 2289 patria
1408 2226 1646 2274 exsulare.
1695 2223 1825 2274 Tum

153 2318 269 2353 vero
303 2302 583 2368 iphigenia,
631 2306 828 2369 cognito
875 2305 1005 2369 quod
1053 2306 1455 2354 iucundissimum
1494 2311 1600 2354 erat
1635 2306 1824 2366 auditu,

155 2382 336 2432 blande
377 2384 559 2433 iterum
607 2391 776 2451 rogat,
828 2391 884 2434 ut
926 2402 1051 2450 quae
1104 2387 1234 2434 scire
1278 2386 1416 2450 cupit
1449 2386 1644 2449 aperire
1678 2385 1823 2444 velit3

154 2478 316 2527 neque
377 2462 585 2513 Orestes
639 2465 748 2513 leve
806 2466 1030 2515 dolorum
1098 2466 1487 2514 additamentum
1561 2466 1822 2514 detrectat.

154 2541 421 2606 Cognoscit
454 2544 601 2607 igitur
635 2545 718 2594 illa
753 2547 991 2609 primum,
1040 2546 1228 2611 qualis,
1280 2561 1451 2592 eversa
1488 2544 1665 2604 Troia,
1713 2560 1823 2593 sors

151 2621 305 2671 fuerit
337 2638 532 2684 eorum,
567 2626 648 2689 qui
679 2625 834 2690 ipsius
868 2626 1152 2676 immolandi
1186 2632 1411 2673 auctores
1446 2625 1671 2685 fuerunt,
1707 2625 1823 2673 red-

152 2702 257 2750 isse
301 2701 542 2751 Helenam
588 2708 639 2752 et
673 2704 882 2770 Spartae
910 2722 1103 2755 rursus
1152 2722 1264 2754 cum
1299 2705 1532 2753 Menelao
1580 2705 1822 2762 habitare,

151 2781 385 2831 interisse
420 2781 671 2844 Calcbam,
706 2802 872 2835 errare
909 2787 1188 2834 etiamnunc
1222 2786 1394 2849 procul
1430 2802 1458 2832 a
1492 2785 1661 2849 patria,
1697 2783 1823 2833 mul-

149 2863 214 2911 tis
247 2861 390 2910 malis
424 2862 681 2922 afflictum,
721 2866 983 2930 Ulyssem,
1021 2867 1266 2915 occidisse
1302 2865 1563 2913 Achillem.
1635 2862 1824 2912 Deinde

149 2941 214 2991 de
261 2942 653 3007 propinquorum
699 2961 897 2994 suorum
940 2946 1136 2995 fortuna
1183 2946 1442 2994 molestius
1491 2959 1735 3006 quaerens
1772 2948 1823 2992 et

148 3022 214 3071 de
248 3023 402 3086 patris
451 3024 719 3087 matrisque
767 3026 920 3075 caede
973 3032 1024 3075 et
1059 3028 1122 3075 de
1157 3026 1343 3074 sororis
1381 3025 1650 3089 fratrisque
1685 3026 1822 3071 sorte

148 3100 369 3153 docetur.
441 3102 581 3151 Haec
605 3138 607 3140 -
631 3106 791 3154 omnia
838 3108 1040 3172 singulis
1089 3106 1312 3154 versibus
1349 3110 1401 3153 et
1433 3109 1737 3167 quaeruntur
1771 3106 1823 3151 et

146 3182 509 3246 respondentur
541 3184 626 3244 ita,
662 3189 719 3232 ut
753 3186 905 3236 multa
942 3189 1154 3236 breviter
1188 3185 1334 3234 dictis
1381 3184 1498 3235 insit
1531 3183 1820 3248 ambiguitas

201 3375 252 3431 *)
282 3375 456 3420 Meritis
483 3378 694 3422 laudibus
722 3380 840 3422 hanc
866 3395 1044 3425 morum
1073 3381 1242 3426 Orestis
1260 3379 1643 3424 adumbrationem
1664 3376 1822 3421 extulit

281 3445 400 3490 Guil.
429 3448 481 3494 E.
510 3449 789 3493 Weberus
816 3467 860 3507 p.
885 3451 962 3496 76.
992 3452 1063 3497 77.
