2170 3866
1141 276 1267 336 562

345 423 607 487 Nunquam
641 421 842 486 regibus
875 419 1161 474 ‘conducere
1196 441 1494 490 quemquam
1528 428 1712 479 virtute
1745 431 1868 497 ipsi·
1903 449 2049 500 prae-

346 504 653 566 stantiorem,
689 502 795 552 sive
831 519 1006 553 servus
1041 506 1108 553 sit
1142 506 1245 555 sive
1278 507 1533 571 ingenuus,
1567 508 1733 559 alere:

478 581 703 647 κρείσσω
737 580 841 648 γὰρ
877 584 998 634 οὔτε
1035 583 1238 636 δοῦλον
1274 588 1387 637 οὔτ’
1423 584 1714 654 ἐλεύθερον

480 662 697 728 τρέφειν
729 659 788 714 έν
823 662 992 725 οἴκοις
1027 664 1263 732 ἀσφαλὲς
1295 671 1408 729 τοῖς
1443 668 1736 734 σώφροσιν.

348 748 525 796 Filiam
563 746 724 794 Cissei
774 746 892 795 huic
938 749 1184 813 colloquio
1227 750 1514 801 interfuisse
1561 768 1623 801 ex
1669 751 1848 818 fragm.
1895 753 2047 802 24mo

349 828 548 893 colligo.
619 826 840 875 Excusat
875 828 1016 884 enim,
1041 845 1097 877 se
1131 830 1248 879 huic
1282 831 1347 879 de
1380 831 1593 897 perfidia
1626 847 1734 895 rex,
1766 831 1830 882 ad
1869 832 2047 897 iniqui-

348 915 500 958 tatem
538 907 746 955 deorum
781 916 1006 956 caussam
1042 909 1379 960 transferens:

479 986 648 1049 πόλλ’,
687 978 729 1036 ὦ
763 984 967 1048 τέκνον,
1005 987 1340 1053 σφάλλουσιν
1374 988 1705 1055 ἀνθρώπους
1736 989 1875 1045 θεοί.

347 1070 524 1134 Neque
556 1075 725 1118 tamen
762 1068 1008 1118 satisfacit
1041 1071 1191 1134 filiae,
1225 1073 1413 1122 haecce
1447 1074 1802 1139 respondenti:

477 1148 540 1200 τὸ
575 1147 774 1214 ῥᾷστον
809 1141 977 1213 εἶπας,
1015 1144 1362 1203 αἰτιάσασθαι
1393 1152 1574 1214 θεούς.

349 1232 533 1282 Eidem
571 1232 697 1280 haec
733 1247 762 1279 a
795 1238 940 1296 patre
970 1230 1101 1281 dicta
1138 1249 1251 1282 esse
1285 1234 1529 1284 arbitror:

483 1310 620 1377 ὀργῇ
656 1306 715 1361 δὲ
750 1309 933 1377 φαύλῃ
967 1311 1118 1363 πόλλ’
1153 1311 1316 1364 ἔνεστ’
1353 1313 1647 1382 ἀσχήμονα.

346 1393 554 1442 Planum
591 1399 670 1441 est
706 1408 814 1440 eam
850 1408 1020 1441 amore
1055 1394 1145 1442 viri
1180 1397 1599 1459 praestantissimi
1652 1399 1848 1460 captam
1882 1390 2047 1442 fuisse

346 1479 399 1523 et
436 1474 694 1522 consilium
732 1473 928 1537 cepisse
962 1475 1192 1522 servandi
1228 1476 1351 1524 eius.
1437 1475 1640 1525 lnterim
1686 1475 1872 1524 chorus
1903 1471 2046 1523 illum

345 1561 577 1619 tanquam
614 1554 715 1601 iam
750 1552 1049 1602 exstinctum
1086 1554 1341 1619 deplorat:

484 1632 627 1685 ἔστιν
663 1632 720 1684 δὲ
754 1629 844 1684 καὶ
876 1630 1024 1695 παρὰ
1060 1631 1289 1699 δάκρυσι
1320 1633 1568 1700 κείμενον

473 1708 581 1783 ἡδὺ
616 1715 847 1781 βροτοῖς,
885 1711 1017 1764 ὅταν

476 1795 651 1860 ἄνδρα
686 1795 850 1862 φίλον
884 1793 1106 1862 στεναχῃ
1138 1811 1218 1854 τις
1253 1791 1311 1845 έν
1345 1795 1522 1863 οἴκτῳ.

478 1878 697 1927 Foveam
745 1878 794 1927 in
844 1884 1118 1941 conspectu
1163 1877 1349 1926 theatri
1395 1878 1581 1928 factam
1631 1874 2044 1940 essetsuspieor:

345 1959 426 2010 cui
461 1975 617 2023 quum
653 1957 944 2019 Archelaus,
995 1973 1055 2006 ex
1091 1957 1222 2006 bello
1254 1958 1415 2007 victor
1448 1959 1666 2018 rediens,
1719 1973 1832 2006 cum
1866 1970 2044 2019 magna

343 2045 687 2107 spectatorum
721 2038 1057 2087 sollicitudine
1077 2039 1514 2103 appropinquaret,
1549 2037 1600 2086 in
1622 2038 1734 2103 ipso
1757 2035 2047 2086 discrimine

346 2135 520 2171 servus
571 2120 619 2168 ei
665 2119 887 2168 occnrrit
922 2135 948 2166 a
984 2118 1086 2166 tilia
1132 2119 1264 2182 regis
1313 2119 1608 2179 submissus,
1655 2124 1708 2167 et
1749 2135 1778 2166 a
1821 2114 2045 2182 pernicie

343 2205 621 2251 retractum
655 2199 719 2246 de
757 2198 934 2247 fraude
969 2198 1185 2246 edocuit.
1257 2199 1511 2263 Hyginus:
1573 2199 1721 2261 „Quo
1756 2213 1908 2262 quum
1942 2197 2046 2246 Ar-

342 2281 548 2330 chelaus
591 2279 826 2339 venisset,
871 2282 929 2327 ut
962 2277 1234 2339 decideret,
1284 2278 1382 2326 hoc
1414 2279 1548 2343 regis
1586 2293 1759 2326 servus
1793 2277 2045 2327 Archelao

343 2359 596 2428 patefecit.
666 2358 763 2419 Qui
797 2373 853 2405 re
887 2358 1082 2422 cognita
1122 2356 1246 2404 dicit
1279 2372 1335 2404 se
1371 2372 1482 2405 cum
1504 2373 1625 2420 rege
1665 2357 1881 2422 colloqui
1902 2355 2044 2434 ‘velle

343 2446 560 2499 secreto,
612 2437 812 2486 arbitris
860 2436 1121 2487 semotis.''
1205 2435 1402 2486 Certior
1446 2436 1611 2485 factus
1657 2437 1911 2502 extemplo
1945 2437 2042 2486 Ar·-

345 2521 549 2570 chelaus
585 2518 771 2582 regiam
798 2521 1168 2582 expugnaturus
1198 2523 1248 2566 et
1282 2532 1455 2582 regem
1482 2533 1594 2565 cum
1621 2518 1795 2566 amicis
1817 2518 1925 2568 eiua
1948 2517 2042 2565 im·-

339 2599 652 2666 probissimis
688 2598 840 2647 exitio
874 2599 1081 2647 daturus
1117 2603 1214 2646 est.
1275 2598 1429 2647 Cuius
1448 2598 1569 2645 iram
1592 2597 1819 2662 reprimit
1844 2611 2041 2647 servus:

478 2671 714 2737 πολλοὺς
747 2675 796 2727 δ’
833 2675 864 2729 ὁ
897 2674 1075 2740 θυμὸς
1108 2675 1139 2728 ὁ
1172 2674 1336 2743 μέγας
1368 2677 1563 2728 ὤλεσεν
1595 2677 1810 2744 βροτῶν
2017 2667 2022 2672 ’

471 2757 506 2827 ἥ
539 2767 585 2810 τ’
621 2757 889 2821 ἄξυνεσία,
926 2757 1027 2809 δύο
1062 2756 1209 2812 κακὼ
1242 2760 1317 2828 τῷ
1351 2755 1607 2825 χρωμένῳ

472 2924 546 2985 τῷ
578 2917 682 2986 γὰρ
720 2916 893 2988 βιαίῳ
912 2917 1116 2987 κᾶγρίῳ
1148 2919 1210 2970 τὸ
1243 2917 1529 2985 μαλθακὸν

473 2999 548 3061 εἰς
579 2999 778 3051 ταύτὸν
811 2997 974 3051 ἐλθὸν
1006 3004 1106 3052 τοῦ
1139 2999 1260 3051 λίαν
1293 2999 1568 3066 παρείλετο

471 3108 539 3117 ....
707 3107 770 3139 Τ
939 3109 1006 3118 ...-
1173 3109 1238 3118 -.
1403 3109 1472 3118 .-

472 3158 534 3211 τὸ
570 3157 782 3227 συνεχὲς
814 3157 977 3226 ἔργου
1011 3160 1216 3222 παντὸς
1248 3159 1479 3228 εὑρίσκει
1510 3157 1672 3220 τέλος.

340 3241 616 3291 Invitationi
673 3242 911 3292 Archelai
970 3260 1057 3292 rex
1113 3244 1249 3293 haud
1308 3247 1602 3292 cunctanter
1659 3238 2037 3304 obtemperavit,

340 3338 473 3385 eum,
508 3323 798 3387 priusquam
833 3322 1271 3389 exstinguerentur
1303 3323 1562 3383 carbones,
1608 3321 1671 3370 ad
1706 3319 1900 3368 foveam
1935 3318 2038 3368 cal-

337 3402 442 3450 lide
482 3402 806 3454 adducturus.
893 3402 1102 3452 Obviam
1152 3403 1300 3468 igitur
1357 3401 1637 3468 procedens
1684 3399 1861 3449 victori
1919 3404 2037 3448 ante

335 3482 495 3546 ipsam
528 3481 726 3532 foveam
761 3486 947 3533 tectam
989 3483 1213 3534 constitit
1263 3497 1598 3546 coronamque
1642 3495 1789 3530 manu
1823 3483 2036 3545 proten-
