2170 3848
1139 249 1258 306 13⁰

372 400 551 458 finem3
597 394 810 455 sufficit,
856 394 987 458 quod
1032 398 1195 443 exstat
1228 394 1459 458 quodque
1491 395 1597 445 eius
1632 395 1768 461 leges
1802 402 1916 448 sunt
1948 397 2038 448 de-

373 479 604 540 scriptae.
673 474 727 522 ln
775 473 970 522 Goetzii
1018 480 1182 522 autem
1232 473 1396 522 fabula
1445 474 1579 522 nulla
1610 477 1740 526 inest
1782 493 1865 527 res
1898 483 2039 543 gesta

371 555 639 613 illustrior,
691 554 821 603 nulla
858 555 1033 603 mentis
1068 553 1263 619 gravior
1309 554 1646 616 perturbatio,
1693 557 1826 606 nulla
1870 573 2039 606 rerum

368 635 443 685 vel
468 634 739 698 implicatio
765 634 841 682 vel
877 634 1170 698 compositio
1194 632 1271 681 vel
1296 634 1612 695 continuatio,
1647 638 1737 686 sed
1757 637 1865 693 ,sola
1883 638 2039 686 actio-

369 732 484 766 num
529 714 920 763 intermissurum
967 713 1453 776 descriptionumque
1498 714 1687 775 series,
1737 702 1878 780 quae,
1908 717 2040 767 nulla

368 813 442 856 re,
476 794 570 843 nisi
606 794 702 842 vita
737 795 841 842 eius
861 831 875 854 ‚
910 793 994 856 qui
1026 793 1085 840 iis
1119 792 1345 853 interest,
1380 793 1457 841 vel
1492 794 1553 841 ad
1589 810 1738 857 quem
1771 795 2037 860 pertinent,

369 876 494 926 aliae
541 873 602 921 ad
637 873 755 921 alias
804 872 1100 921 referuntur.
1168 871 1337 937 Itaque
1371 887 1532 936 neque
1565 874 1614 922 in
1647 890 1811 923 rerum
1845 874 2039 941 calami-

368 961 621 1017 tatumque
669 968 942 1010 concursu,
991 967 1150 1014 neque
1195 952 1244 999 in
1301 951 1482 1001 affectu
1517 954 1679 1017 aliquo
1715 954 1885 1003 turbas
1920 970 2038 1003 con-

367 1037 549 1096 flante,
587 1033 674 1081 sed
709 1034 758 1080 in
791 1032 922 1080 vitae
957 1031 1167 1079 hominis
1202 1031 1348 1078 unius
1384 1032 1596 1080 decursu
1646 1033 1934 1099 simplicitas
1966 1034 2037 1082 fa-

368 1115 512 1166 bulae
561 1113 695 1160 illius
744 1112 1057 1176 conspicitur.
1143 1110 1316 1174 Neque
1362 1112 1517 1176 magis
1565 1112 1822 1176 Egmontis
1869 1130 2038 1179 rerum

369 1195 470 1245 ulla
515 1193 768 1241 materiam
816 1191 1059 1256 praebere
1110 1190 1396 1254 tragoediae
1445 1192 1634 1255 potuit:
1693 1209 1803 1241 nam
1848 1193 2039 1243 vincula

369 1274 569 1341 quidem
625 1273 731 1320 eius
789 1276 842 1318 et
885 1270 1064 1335 capitis
1117 1270 1366 1318 damnatio
1417 1285 1576 1333 neque
1620 1271 1727 1335 ipsa
1777 1273 2038 1338 quicquam

368 1353 555 1421 grande
599 1352 784 1399 habent
827 1366 989 1412 neque
1034 1366 1096 1398 ex
1139 1350 1242 1398 ulla
1291 1366 1346 1397 re
1381 1351 1605 1414 graviore
1640 1351 2035 1415 proficiscuntur,

370 1435 459 1483 sed
494 1448 554 1480 ex
588 1430 812 1494 pluribus
846 1430 1137 1486 levioribus,
1174 1446 1298 1493 quae
1333 1430 1475 1491 tales,
1511 1430 1682 1492 quales
1713 1447 1888 1481 revera
1923 1431 2037 1481 fue-

368 1517 501 1574 runt,
536 1527 710 1576 parum
743 1510 919 1574 dignae
954 1516 1069 1558 sunt
1102 1509 1353 1574 tragoedia
1387 1525 1547 1573 neque
1581 1526 1694 1559 cum
1736 1503 1925 1560 summa
1958 1527 2038 1561 re-

366 1609 475 1643 rum
524 1593 594 1639 sic
641 1595 850 1655 possunt
898 1590 1154 1655 coniungi,
1207 1593 1261 1637 ut
1307 1595 1421 1654 apta
1461 1589 1710 1638 actionum
1746 1591 2038 1656 compositio

368 1673 631 1723 efficiatur.
698 1671 1030 1731 Quamobrem
1079 1675 1275 1733 sumpta
1322 1670 1415 1717 hac
1450 1671 1656 1718 materia
1689 1675 1772 1719 aut
1806 1671 2039 1737 tingendo

370 1753 551 1801 veritas
605 1749 903 1798 immutanda
960 1749 1054 1797 fuit
1098 1756 1148 1796 et
1194 1748 1479 1812 praevalens
1524 1748 1684 1813 aliqua
1730 1751 2037 1814 perturbatio

367 1831 562 1882 traditis
611 1829 828 1878 moribus
865 1829 1135 1877 adiicienda
1170 1833 1256 1876 aut
1300 1828 1448 1892 plane
1481 1829 1853 1892 relinquendum
1884 1845 2039 1894 genus

370 1919 662 1974 utrumque,
718 1909 849 1971 quod
898 1909 1136 1967 diximus,
1194 1908 1503 1971 tragoediae,
1558 1915 1621 1957 et
1673 1908 1735 1959 in
1780 1909 1927 1963 vita,
1976 1915 2040 1960 et

370 1991 654 2042 moribus
688 1987 965 2036 hominis
1004 1986 1432 2052 depingendis
1460 1988 2037 2050 acquiescendum:

370 2086 578 2136 quorum
611 2072 916 2133 postremum
953 2065 1135 2115 factum
1173 2063 1591 2119 esse,videmus.''

501 2149 619 2198 Tria
653 2148 937 2213 tragoediae
971 2163 1151 2211 genera
1185 2144 1457 2195 Schillerus
1493 2162 1583 2212 pro
1619 2146 1811 2197 duobus
1845 2148 2037 2198 Aristo-

369 2230 480 2280 telis
502 2228 697 2294 posuit:
727 2229 1118 2292 perturbationes
1134 2226 1264 2275 enim
1286 2226 1387 2288 hic,
1422 2227 1650 2290 quoniam
1678 2234 1728 2276 et
1753 2243 2039 2279 communes

371 2314 483 2359 sunt
516 2315 568 2357 et
601 2307 1034 2355 vehementissima
1069 2306 1287 2355 laborum
1319 2306 1649 2369 incitamenta,
1685 2308 1835 2371 priori
1868 2310 2041 2372 generi

373 2388 724 2438 adnumeravit.
793 2386 1023 2435 Ceterum
1059 2385 1302 2434 diversam
1337 2387 1516 2435 veteris
1542 2391 1594 2435 et
1617 2388 1910 2438 recentioris
1936 2393 2038 2438 tra-

372 2468 578 2535 goediae
611 2474 831 2516 naturam
868 2481 1012 2514 nemo
1044 2465 1128 2513 illo
1162 2466 1351 2513 acntius
1381 2466 1628 2529 dignavit,
1671 2482 1815 2516 nemo
1847 2468 2039 2518 descri-

373 2549 472 2614 psit
497 2548 697 2596 rectius.
722 2546 853 2595 ldem
881 2547 939 2594 ad
963 2545 1261 2594 Graecorum
1280 2546 1574 2609 tragicorum
1591 2547 1838 2605 virtutem,
1866 2564 2037 2611 quam-

373 2629 447 2676 vis
492 2628 604 2675 illos
637 2627 798 2675 minus
842 2626 1143 2684 imitaretur,
1176 2622 1354 2674 ‘tamen
1386 2627 1589 2690 propius
1636 2628 1847 2676 accessit
1893 2644 2038 2692 quam

377 2707 653 2764 Goethius‚
691 2707 773 2770 qui
808 2712 916 2755 erat
952 2706 1278 2770 cogitatorum
1312 2720 1664 2769 sensorumque
1698 2722 1840 2770 quam
1876 2707 2039 2756 facto-

375 2803 484 2836 rum
530 2787 797 2847 amantior,
863 2803 891 2834 a
932 2784 1354 2849 perturbationum
1399 2799 1515 2832 vero
1563 2783 1735 2835 furore
1779 2787 1904 2836 adeo
1950 2787 2038 2836 ab·

375 2866 639 2925 horrebat,
690 2870 745 2913 ut
792 2866 871 2914 vix
904 2870 1127 2929 spectare
1161 2864 1429 2913 sustineret
1463 2864 1735 2928 depictum.
1801 2866 1952 2916 Cuius
1986 2867 2038 2916 in

375 2945 557 2994 fabulis
601 2946 762 2993 omnia
826 2945 994 2994 insunt
1064 2960 1252 2993 summa
1312 2942 1693 2992 Romanensium
1759 2944 2037 2994 fabularum

373 3027 530 3086 bona,
583 3041 738 3088 pauca
784 3025 1094 3089 tragoediae,
1145 3023 1336 3086 qualem
1382 3038 1494 3071 esse
1536 3030 1729 3072 veteres
1763 3025 2036 3077 voluerunt.

374 3103 448 3153 De
494 3105 634 3169 epico
695 3106 911 3153 carmine
972 3103 1308 3168 componendo
1368 3103 1510 3151 ambo
1559 3109 1736 3167 poetae
1785 3104 2035 3170 principes

373 3184 570 3248 saepius
605 3184 953 3247 cogitaverunt,
987 3185 1193 3232 multum
1228 3188 1277 3231 et
1312 3198 1478 3231 secum
1514 3188 1563 3231 et
1594 3183 1724 3231 inter
1757 3198 1813 3231 se
1836 3183 2035 3252 ‘delibe-

370 3268 631 3325 raverunt,
678 3263 900 3312 meditati
933 3268 1070 3324 sunt,
1115 3263 1394 3312 volutarunt
1427 3263 1475 3311 in
1507 3262 1711 3322 animis;
1760 3263 1851 3312 sed
1883 3262 2035 3313 invito

369 3342 533 3407 gentis
565 3349 766 3392 nostrae
797 3344 941 3407 genio
975 3343 1136 3393 oleum
1173 3358 1471 3407 operamque
1505 3342 1840 3407 perdiderunt.
