2202 3892
1124 240 1251 302 258

353 397 546 446 locutus
583 404 754 439 carnes
789 388 988 454 quidem
1022 391 1166 439 vendi
1198 390 1356 441 vetuit
1389 394 1440 440 et
1473 391 1716 456 militares
1761 393 1900 445 cibos
1936 395 2038 445 ius-

355 476 422 525 sit
456 471 632 530 arceri,
669 470 730 518 ad
765 469 968 518 bellaria
1002 477 1165 519 autem
1202 476 1255 520 et
1290 472 1424 520 olera
1449 471 1688 522 silvestria
1712 474 1919 525 deduxit
1952 491 2039 525 ex-

356 554 565 603 ercitum
603 550 1029 621 obtemperantem
1066 551 1112 599 ei
1149 557 1200 600 et
1236 550 1461 616 quicquid
1498 554 1804 618 praeciperet
1825 556 2040 604 divinum

354 639 405 683 et
437 631 648 680 oraculis
683 630 889 693 aequale
923 646 1037 679 esse
1070 632 1353 680 ducentem.
1423 631 1618 681 Etenim
1657 635 1845 697 pestis,
1893 653 2040 701 quam
2093 683 2105 696 ,

354 712 626 779 praedixit,
662 726 723 759 ex
759 709 918 758 Ponto
952 711 1193 774 profecta,
1233 711 1544 775 Hellesponti
1581 711 1782 775 quidem
1819 714 2040 766 civitates

353 792 536 842 invasit
561 795 613 839 et
638 790 794 850 llium,
833 789 1136 839 Graecorum
1164 807 1298 851 vero,
1334 792 1554 854 quamvis
1590 792 1637 840 in
1664 792 1917 856 pestilenti
1943 793 2039 843 tel-

355 874 464 921 lure
495 876 657 919 castra
691 871 1002 935 posuissent,
1036 873 1277 920 neminem
1326 872 1503 934 attigit.
1571 871 1696 920 Nam
1735 877 1936 936 praeter
1967 871 2042 919 vi·-

360 958 494 1002 ctum
531 966 798 1014 corporum
838 965 1033 1013 quoque
1067 956 1229 999 motus
1267 952 1340 999 sic
1375 951 1672 1000 moderavit:
1710 951 1923 1000 Centum
1960 951 2045 1000 de-

357 1032 516 1080 ductis
551 1031 752 1079 navibus
787 1030 1007 1078 vicissim
1043 1031 1316 1080 exercitum
1368 1032 1654 1096 impositum
1703 1032 1848 1080 iussit
1890 1031 2044 1080 remi-

356 1117 553 1178 gantem
602 1116 653 1158 et
698 1111 827 1158 inter
864 1125 920 1158 se
954 1116 1229 1160 certantem
1266 1115 1351 1160 aut
1385 1112 1779 1176 promontorium
1828 1112 2044 1161 circum·

356 1192 472 1241 vehi
517 1195 601 1240 aut
649 1190 906 1255 scopulum
949 1192 1195 1256 attingere
1239 1198 1324 1240 aut
1368 1191 1514 1239 alicui
1550 1191 1714 1255 portui
1759 1191 1918 1240 vicino
1964 1189 2047 1239 vel

357 1272 513 1321 littori
546 1286 693 1318 naves
730 1270 1000 1333 appellere.
1054 1270 1222 1321 Suasit
1256 1273 1402 1321 etiam
1426 1271 1795 1336 Agamemnoni,
1832 1276 1888 1320 ut
1912 1270 2044 1320 cele·

357 1353 429 1402 ris
465 1349 784 1415 navigationis
819 1351 1036 1414 praemia
1070 1351 1130 1398 iis
1152 1358 1466 1418 proponeret.
1534 1351 1704 1416 ltaque
1725 1353 1902 1400 bonam
1929 1366 2046 1400 sen-

359 1433 545 1482 tientes
597 1429 927 1478 valetudinem
977 1431 1093 1478 laeti
1143 1434 1516 1481 exercebantur.
1581 1430 1761 1478 Docuit
1794 1430 1922 1479 enim
1957 1444 2046 1480 eos

361 1517 596 1575 corrupta
641 1515 775 1558 terra
822 1525 878 1557 ac
928 1510 1192 1574 pestilente
1233 1511 1433 1559 suavius
1470 1525 1583 1558 esse
1615 1525 1752 1558 mare
1786 1515 1837 1558 et
1868 1509 1929 1558 ad
1964 1526 2047 1564 re-

361 1591 647 1656 spirandum
698 1589 907 1638 tutius.”
984 1588 1070 1638 Sic
1113 1606 1224 1639 cum
1262 1607 1353 1654 per
1385 1596 1541 1638 totam
1587 1590 1735 1638 vitam
1773 1589 1824 1638 in
1860 1605 2049 1653 augen-

363 1673 440 1720 dis
474 1669 724 1718 societatis
761 1668 1002 1717 humanae
1039 1669 1345 1728 commodis,
1381 1670 1787 1733 posthabitasua
1819 1669 2047 1731 utilitate,

364 1768 421 1802 se
455 1750 740 1799 elaborasse
775 1747 1079 1806 ostenderet,
1120 1764 1215 1797 non
1250 1748 1500 1813 persuasit
1534 1748 1598 1796 de
1632 1748 1911 1799 innocentia
1943 1763 2048 1809 sua,

362 1832 549 1895 Ulysse
582 1845 638 1876 re
673 1835 724 1876 et
756 1828 891 1877 facto
924 1828 1073 1876 verba
1107 1828 1216 1877 eius
1252 1827 1464 1878 refutari
1498 1827 1808 1877 affirmante:

496 1906 634 1968 ὅςτις
666 1906 803 1972 λέγει
835 1905 932 1974 μὲν
967 1901 1043 1970 εὖ,
1076 1904 1141 1957 τὰ
1176 1905 1222 1957 δ’
1259 1902 1384 1972 ἔργ’,
1421 1903 1506 1973 ἐφ’
1543 1900 1623 1967 οἷς
1663 1905 1816 1973 λέγει,

498 1988 668 2054 αἴσχρ’
705 1985 846 2038 ἐστὶν
881 1987 1067 2051 αὐτοῦ,
1110 1987 1171 2038 τὸ
1206 1986 1380 2053 σοφὸν
1415 1988 1515 2040 οὐκ
1550 1987 1684 2039 αἰνῶ
1716 1987 1920 2054 τόδε*).

364 2072 504 2122 Latis
538 2071 689 2134 igitur
722 2069 974 2135 suffragiis
1009 2070 1367 2118 condemnatus
1395 2070 1684 2120 Palamedes
1719 2086 1816 2120 non
1851 2085 1924 2131 se,
1957 2066 2050 2119 sed

365 2152 575 2218 patriam
611 2150 840 2215 deplorat
873 2150 934 2198 ad
970 2150 1193 2212 augenda
1227 2151 1353 2198 mala
1389 2167 1478 2199 sua
1511 2151 1842 2215 ingeniosam:

501 2227 648 2294 δεινὴ
679 2228 829 2288 πόλις
860 2230 1080 2280 νοσοῦσ’
1115 2226 1450 2291 ἀνευρίσκειν
1473 2229 1611 2281 κακοὶ
1622 2229 1719 2292 **).

365 2310 722 2378 Agamemnoni
771 2317 938 2359 autem
971 2310 1218 2376 praedicit
1262 2310 1374 2359 fore
1421 2316 1648 2376 tempus,
1693 2323 1847 2373 quum
1889 2305 2050 2372 ipsius

366 2390 618 2442 interfecti
654 2391 792 2440 illum
822 2391 1096 2455 poeniteat:

503 2468 592 2522 καὶ
627 2468 1001 2533 ξυμπεσόντων
1034 2467 1363 2534 πραγμάτων
1397 2470 1573 2519 ἄλλων
1606 2466 1735 2519 ποτὲ

502 2550 637 2614 εὔξει
667 2553 918 2601 τοιοῦτον
957 2549 1130 2616 ἄνδρα
1164 2561 1249 2601 σοι
1281 2549 1605 2616 παρεστάναι
1617 2548 1750 2614 ***).

370 2632 596 2697 Denique
628 2638 797 2695 rogat,
833 2637 904 2693 ut,
941 2633 1223 2696 priusquam
1261 2631 1322 2679 ad
1358 2636 1567 2680 mortem
1603 2631 1829 2692 ducatur,
1861 2624 2053 2694 paullu-

371 2713 473 2762 lum
505 2712 600 2762 sibi
635 2712 782 2778 spatii
815 2713 879 2762 ad
914 2728 1053 2761 sacra
1084 2711 1313 2760 facienda
1349 2711 1679 2762 concedatur:

947 2791 1481 2842 ΑΓΑΜΕΜΝΩΝ.

504 2869 556 2921 τί
586 2869 671 2921 δεῖ
698 2865 865 2933 θεοὺς
897 2869 1071 2937 σέβειν
1102 2883 1159 2923 σε
1192 2871 1674 2939 κατθανούμενονς

953 2954 1468 3004 ΠΑΛΑΜΗΔΗΣ.

503 3026 845 3096 Ἀγάμεμνον,
882 3030 1060 3094 οὐδεὶς
1093 3033 1326 3099 κάματος
1358 3032 1592 3098 εὐσεβεῖν
1623 3029 1805 3091 θεούς.

310 3123 312 3126 ’
375 3108 561 3158 Abiens
575 3126 771 3174 quoque
797 3112 1024 3164 lamentis
1048 3116 1282 3177 abstinet,
1308 3114 1650 3165 tantummodo
1670 3111 1926 3161 veritatem
1940 3112 2053 3158 ante

430 3291 481 3346 >¹²)
513 3292 584 3335 Cf.
615 3292 895 3337 Schneidew.
926 3297 985 3339 ad
1015 3297 1164 3342 Orion.
1195 3311 1239 3352 p.
1269 3295 1339 3341 62.
1368 3296 1542 3340 Welck.
1571 3295 1622 3338 P.
1654 3291 1734 3335 111.
1763 3305 1807 3346 p·
1837 3287 1964 3332 1584-

403 3361 486 3415 W)
515 3362 699 3419 Fragm.
729 3363 815 3405 inc.
849 3379 891 3406 n.
919 3365 991 3409 38.

377 3431 485 3486 *κῆ
513 3433 700 3491 Fragm.
728 3433 814 3479 inc.
845 3449 887 3480 n.
917 3435 987 3480 89.
