2170 3848
1180 223 1263 284 50

388 379 527 431 Haec
562 393 657 442 qua
690 375 880 425 ratione
914 374 1128 439 arguerit
1161 373 1399 437 Merope,
1437 375 1626 425 Gellius
1660 374 1776 434 Vll,
1811 379 1859 425 3.
1896 382 2064 428 osten-

391 461 487 509 dit:
544 457 631 518 „Si
667 472 761 504 non
796 455 1230 519 occupaverimus,
1281 454 1618 518 opprimemur
1652 455 2066 521 incidendumque

390 539 485 588 erit
516 538 565 584 in
600 537 816 594 insidias,
852 551 880 582 a
915 535 1089 599 quibus
1125 539 1238 581 aute
1267 548 1362 580 non
1390 535 1680 597 caver-imus,
1714 543 1948 599 recteque
1969 538 2067 587 hoc

390 618 509 667 vitio
545 617 629 664 dat
664 614 882 663 Lucilius
917 621 1095 678 poetae
1131 613 1415 676 Euripidae,
1455 613 1601 676 quod,
1638 629 1749 662 cum
1785 615 2065 682 Polyphon-

390 703 466 746 tes
500 711 587 744 rex
621 701 885 759 propterea
920 710 975 742 se
1009 690 1324 741 interfecisse
1357 692 1633 741 fratrem
1668 693 1887 755 diceret,
1935 697 2066 761 quod

388 777 497 842 ipse
531 782 646 823 ante
682 775 746 822 de
781 790 903 822 nece
937 774 1043 822 eius
1081 773 1336 821 consilium
1373 775 1605 837 cepisset,
1634 773 1864 844 Meropa,
1895 774 2066 825 fratris

388 871 528 914 uxor,
564 854 702 901 hisce
736 870 851 902 eum
884 853 1046 901 verbis
1082 853 1320 900 eluserit:

520 931 564 983 εἰ
597 932 697 998 γάρ
735 934 781 981 σ’
817 931 1038 995 ἔμελλεν,
1075 930 1145 991 ὠς
1180 924 1245 980 σὺ
1281 930 1403 997 φῄς,
1436 930 1659 981 κτείνειν
1692 931 1863 993 πόσις,

522 1016 654 1079 χρῆν
687 1010 775 1064 καὶ
811 1010 866 1062 σὲ
899 1011 1117 1077 μέλλειν,
1154 1008 1225 1070 ὡς
1259 1011 1448 1075 χρόνος
1482 1011 1650 1078 δῆθεν
1683 1014 1915 1079 παρῆν.”

390 1095 663 1144 Potuerunt
699 1100 951 1158 praeterea
985 1110 1012 1140 a
1038 1093 1250 1157 Meropa
1283 1094 1469 1141 haecce
1503 1094 1629 1155 dici,
1664 1110 1790 1157 quae
1822 1096 1874 1143 in
1904 1095 2065 1143 incer-

391 1178 453 1224 tis
490 1174 664 1239 fragm.
703 1191 747 1222 u.
777 1177 823 1220 3.
861 1181 1133 1236 ponuntur:

523 1251 905 1317 συγγνώμονάς
939 1269 1020 1302 τοι
1053 1244 1177 1310 τοὺς
1209 1243 1372 1310 θεοὺς
1406 1244 1541 1302 εἶναι
1575 1250 1766 1313 δοκεῖς,

520 1332 649 1384 ὅταν
684 1350 760 1391 τις
792 1329 933 1397 ὅρκῳ
967 1332 1207 1381 θάνατον
1242 1328 1657 1399 ἐκφυγεῖν,θὲλῃ

521 1412 555 1479 ἢ
592 1412 786 1476 δεσμὸν
818 1411 850 1478 ἢ
887 1412 1034 1475 βίαια
1067 1411 1332 1478 πολεμίων
1368 1411 1504 1462 κακὰ

520 1492 554 1560 ἢ
589 1497 758 1543 τοῖσιν
793 1491 1103 1542 αὐθένταισι
1137 1497 1372 1559 κοινωνῇ
1409 1492 1622 1555 δόμων;

521 1568 555 1640 ἦ
588 1567 723 1637 τᾶρα
755 1574 972 1638 θνητῶν
1006 1573 1135 1623 εἰσιν
1170 1572 1567 1637 ἀσυνετώτεροι,

521 1653 566 1704 εἰ
598 1653 835 1720 τάπιεικῆ
870 1653 1107 1718 πρόσθεν
1140 1652 1398 1719 ἡγοῦνται
1433 1653 1594 1720 δίκης.

521 1736 631 1784 Hoc
646 1736 780 1782 finito
796 1735 1035 1798 colloquio
1050 1751 1199 1797 quum
1219 1736 1424 1800 Meropa
1437 1737 1561 1784 intro
1576 1735 1773 1791 abisset,
1783 1731 2068 1795 Cresphon-

391 1822 467 1864 tes
503 1831 558 1863 se
592 1815 890 1878 Polyphouti
926 1816 1167 1879 ignoranti
1200 1816 1393 1865 obtulit.
1443 1816 1489 1863 ls
1526 1831 1693 1878 quum,
1730 1811 2069 1862 Chalcidicum

393 1910 449 1943 se
483 1910 595 1942 esse
628 1894 816 1949 dicens,
852 1894 1013 1940 allatis
1049 1895 1352 1958 pignoribus,
1388 1896 1751 1959 Cresphontem
1778 1910 1807 1941 a
1833 1909 1888 1940 se
1914 1891 2066 1938 inter-

395 1973 581 2022 fectum
617 1989 729 2021 esse
765 1975 1053 2036 probasset,
1090 1975 1362 2036 praemium
1397 1975 1702 2039 propositum
1729 1972 1822 2021 sibi
1847 1971 2084 2034 deripe-⁴

394 2054 607 2103 stulavit.
675 2053 863 2114 Quibus
910 2053 1091 2100 auditis
1136 2068 1224 2100 rex
1271 2070 1383 2101 eum
1430 2069 1603 2117 magna
1650 2068 1763 2100 cum
1799 2050 1988 2098 laetitia
2019 2049 2069 2096 in

392 2134 663 2198 hospitium
701 2132 905 2196 recepit.
975 2132 1046 2179 De
1082 2148 1176 2195 qua
1210 2149 1264 2181 re
1293 2134 1546 2197 Hyginus:
1598 2132 1807 2194 „Itaque
1840 2129 1974 2178 venit
2006 2127 2071 2176 ad

393 2213 754 2276 Polyphontem
789 2228 958 2260 aurum
995 2213 1220 2276 petitum,
1258 2213 1424 2261 dicens
1459 2228 1514 2261 se
1551 2210 1876 2275 Cresphontis
1914 2209 2069 2257 inter-

396 2292 580 2340 fecisse
615 2291 771 2340 filium
806 2298 859 2340 et
891 2290 1115 2355 Meropis
1151 2291 1529 2356 Telephontem.
1595 2292 1795 2340 luterim
1832 2305 1920 2338 rex
1954 2303 2070 2336 eum

394 2372 538 2420 iussit
571 2372 618 2418 in
653 2371 868 2435 hospitio
903 2387 1133 2429 manere,
1182 2379 1238 2425 ut
1273 2372 1482 2436 amplius
1517 2373 1582 2421 de
1615 2387 1675 2419 eo
1707 2364 2070 2436 perquireret.”

395 2450 560 2500 Verba
594 2451 726 2513 regis
761 2452 942 2499 donum
976 2450 1274 2515 promissum
1309 2451 1566 2501 offerentis
1602 2452 1726 2499 haec
1756 2451 1912 2499 fuisse
1947 2454 2067 2511 puto

396 2529 597 2595 (fragm.
625 2531 720 2580 inc.
750 2531 883 2594 52.):

529 2610 665 2670 „An
690 2609 979 2675 aliquid,
1015 2610 1180 2677 quod
1214 2609 1549 2668 donnini,
1581 2600 1904 2659 moraris?
1939 2605 2070 2656 Sed

1191 2691 1420 2756 accipi
1429 2697 1549 2740 to.”

398 2769 536 2831 Quae
569 2770 736 2818 dicens
771 2770 822 2816 iu
857 2769 1054 2817 domum
1091 2770 1296 2818 deduxit
1331 2771 1709 2830 adolescentem,
1748 2770 1828 2818 ubi
1854 2769 1935 2817 hic
1960 2768 2095 2816 cibo=

397 2852 615 2913 potuque
647 2857 896 2899 recreatus
932 2851 1094 2914 paullo
1130 2859 1242 2914 post
1275 2867 1454 2914 corpus
1490 2852 1642 2912 quieti
1676 2850 1892 2898 tradidit.

531 2928 696 2977 Chore
728 2930 1038 2994 interposito,
1072 2931 1394 2978 internuntius
1430 2931 1575 2978 rediit
1611 2936 1663 2978 et
1691 2937 1798 2979 acta
1830 2933 1943 2978 sunt
1965 2925 2066 2983 illa,

397 3022 525 3071 quae
557 3008 635 3057 his
671 3011 832 3059 verbis
868 3011 1177 3059 adumbravit
1212 3010 1463 3074 Hyginus:
1500 3011 1630 3072 „Qui
1665 3027 1774 3060 cum
1812 3024 1900 3073 per
1931 3006 2068 3054 lassi-

395 3087 619 3136 tudinem
653 3089 1001 3150 obdormisset,
1036 3105 1202 3149 senex,
1237 3091 1319 3153 qui
1351 3090 1480 3138 inter
1506 3099 1712 3139 matrem
1738 3095 1790 3138 et
1817 3089 1970 3136 filium
1991 3087 2067 3137 in-

451 3254 501 3308 *)
531 3254 674 3311 Vulgo
704 3257 876 3298 παισίν.
934 3257 1075 3299 Recte
1105 3255 1294 3298 correxit
1321 3256 1659 3298 Valckenarius:
1697 3269 1745 3297 se
1773 3244 1919 3309 ipsam
1949 3252 2068 3295 enim

533 3324 641 3367 dicit
668 3326 882 3381 Meropa,
911 3331 958 3369 ut
987 3340 1101 3382 quae
1130 3326 1389 3382 coniugium
1410 3325 1701 3383 Polyphontis
1728 3324 1902 3380 pridem
1928 3323 2069 3367 invita.

535 3397 706 3439 toleret.
