<?xml version="1.0" encoding="UTF-8"?>
<!DOCTYPE html PUBLIC "-//W3C//DTD XHTML 1.0 Transitional//EN"
    "http://www.w3.org/TR/xhtml1/DTD/xhtml1-transitional.dtd">
<html xmlns="http://www.w3.org/1999/xhtml" xml:lang="en" lang="en">
 <head>
  <title>
</title>
<meta http-equiv="Content-Type" content="text/html;charset=utf-8" />
  <meta name='ocr-system' content='tesseract 3.04.00' />
  <meta name='ocr-capabilities' content='ocr_page ocr_carea ocr_par ocr_line ocrx_word'/>
</head>
<body>
  <div class='ocr_page' id='page_1' title='image "./euripidesrestitu02hartuoft_0315.png"; bbox 0 0 2124 3860; ppageno 0'>
   <div class='ocr_carea' id='block_1_1' title="bbox 952 230 1073 287">
    <p class='ocr_par' dir='ltr' id='par_1_1' title="bbox 952 230 1073 287">
     <span class='ocr_line' id='line_1_1' title="bbox 952 230 1073 287; baseline -0.025 0"><span class='ocrx_word' id='word_1_1' title='bbox 952 230 1073 287; x_wconf 79' lang='lat'><strong>3⁰3</strong></span> 
     </span>
    </p>
   </div>
   <div class='ocr_carea' id='block_1_2' title="bbox 162 372 1838 3467">
    <p class='ocr_par' dir='ltr' id='par_1_2' title="bbox 171 372 1833 760">
     <span class='ocr_line' id='line_1_2' title="bbox 173 372 1829 442; baseline -0.003 -16"><span class='ocrx_word' id='word_1_2' title='bbox 173 376 409 442; x_wconf 81' lang='lat' dir='ltr'><strong>Reliquos</strong></span> <span class='ocrx_word' id='word_1_3' title='bbox 466 379 629 423; x_wconf 91' lang='lat' dir='ltr'><strong>autem</strong></span> <span class='ocrx_word' id='word_1_4' title='bbox 680 377 884 440; x_wconf 88' lang='lat' dir='ltr'><strong>propter</strong></span> <span class='ocrx_word' id='word_1_5' title='bbox 938 373 1295 438; x_wconf 74' lang='lat' dir='ltr'><strong>improbitatem</strong></span> <span class='ocrx_word' id='word_1_6' title='bbox 1346 377 1491 436; x_wconf 87' lang='lat' dir='ltr'><strong>atque</strong></span> <span class='ocrx_word' id='word_1_7' title='bbox 1547 372 1829 422; x_wconf 86' lang='lat' dir='ltr'><strong>iniustitiam</strong></span> 
     </span>
     <span class='ocr_line' id='line_1_3' title="bbox 172 452 1833 519; baseline -0.004 -13"><span class='ocrx_word' id='word_1_8' title='bbox 172 458 251 506; x_wconf 80' lang='lat' dir='ltr'><strong>vel</strong></span> <span class='ocrx_word' id='word_1_9' title='bbox 292 471 429 505; x_wconf 83' lang='lat' dir='ltr'><strong>suam</strong></span> <span class='ocrx_word' id='word_1_10' title='bbox 463 455 541 504; x_wconf 87' lang='lat' dir='ltr'><strong>vel</strong></span> <span class='ocrx_word' id='word_1_11' title='bbox 588 470 782 516; x_wconf 89' lang='lat' dir='ltr'><strong>eorum,</strong></span> <span class='ocrx_word' id='word_1_12' title='bbox 834 453 1124 519; x_wconf 81' lang='lat' dir='ltr'><strong>quibuscum</strong></span> <span class='ocrx_word' id='word_1_13' title='bbox 1174 452 1557 515; x_wconf 79' lang='lat' dir='ltr'><strong>navigavisseut,</strong></span> <span class='ocrx_word' id='word_1_14' title='bbox 1602 453 1833 502; x_wconf 86' lang='lat' dir='ltr'><strong>interisse</strong></span> 
     </span>
     <span class='ocr_line' id='line_1_4' title="bbox 171 536 451 602; baseline -0.011 -15"><span class='ocrx_word' id='word_1_15' title='bbox 171 536 451 602; x_wconf 80' lang='lat' dir='ltr'><strong>significant</strong></span> 
     </span>
     <span class='ocr_line' id='line_1_5' title="bbox 305 607 1143 678; baseline -0.005 -13"><span class='ocrx_word' id='word_1_16' title='bbox 305 612 475 674; x_wconf 80' lang='grc' dir='ltr'><strong>οὕτως</strong></span> <span class='ocrx_word' id='word_1_17' title='bbox 506 611 709 664; x_wconf 79' lang='grc' dir='ltr'><strong><em>α’δικεῖν</em></strong></span> <span class='ocrx_word' id='word_1_18' title='bbox 739 607 918 678; x_wconf 83' lang='grc' dir='ltr'><strong><em>μηδεὶς</em></strong></span> <span class='ocrx_word' id='word_1_19' title='bbox 948 608 1143 661; x_wconf 77' lang='grc' dir='ltr'><strong><em>θελέτω</em></strong></span> 
     </span>
     <span class='ocr_line' id='line_1_6' title="bbox 297 689 1218 760; baseline -0.007 -15"><span class='ocrx_word' id='word_1_20' title='bbox 297 693 419 760; x_wconf 85' lang='grc' dir='ltr'><strong><em>μηδ’</em></strong></span> <span class='ocrx_word' id='word_1_21' title='bbox 456 690 718 755; x_wconf 80' lang='grc' dir='ltr'><strong><em>ἐπιόρκων</em></strong></span> <span class='ocrx_word' id='word_1_22' title='bbox 747 690 875 755; x_wconf 85' lang='grc' dir='ltr'><strong><em>μέτα</em></strong></span> <span class='ocrx_word' id='word_1_23' title='bbox 908 689 1218 756; x_wconf 80' lang='grc' dir='ltr'><strong><em>συμπλείτω.</em></strong></span> 
     </span>
    </p>

    <p class='ocr_par' dir='ltr' id='par_1_3' title="bbox 162 769 1838 3467">
     <span class='ocr_line' id='line_1_7' title="bbox 170 769 1834 837; baseline -0.002 -14"><span class='ocrx_word' id='word_1_24' title='bbox 170 776 246 824; x_wconf 82' lang='lat' dir='ltr'><strong>Ad</strong></span> <span class='ocrx_word' id='word_1_25' title='bbox 295 775 598 824; x_wconf 87' lang='lat' dir='ltr'><strong>Alcibiadem</strong></span> <span class='ocrx_word' id='word_1_26' title='bbox 644 774 767 821; x_wconf 90' lang='lat' dir='ltr'><strong>haec</strong></span> <span class='ocrx_word' id='word_1_27' title='bbox 808 772 924 837; x_wconf 90' lang='lat' dir='ltr'><strong>quin</strong></span> <span class='ocrx_word' id='word_1_28' title='bbox 973 773 1274 835; x_wconf 88' lang='lat' dir='ltr'><strong>pertineant,</strong></span> <span class='ocrx_word' id='word_1_29' title='bbox 1321 785 1419 819; x_wconf 90' lang='lat' dir='ltr'><strong>non</strong></span> <span class='ocrx_word' id='word_1_30' title='bbox 1466 769 1741 831; x_wconf 76' lang='lat' dir='ltr'>dubitabis,</span> <span class='ocrx_word' id='word_1_31' title='bbox 1792 773 1834 820; x_wconf 92' lang='lat' dir='ltr'><strong>si</strong></span> 
     </span>
     <span class='ocr_line' id='line_1_8' title="bbox 171 850 1834 920; baseline -0.002 -17"><span class='ocrx_word' id='word_1_32' title='bbox 171 871 296 920; x_wconf 88' lang='lat' dir='ltr'><strong>quae</strong></span> <span class='ocrx_word' id='word_1_33' title='bbox 329 855 378 902; x_wconf 90' lang='lat' dir='ltr'><strong>iu</strong></span> <span class='ocrx_word' id='word_1_34' title='bbox 412 854 658 903; x_wconf 80' lang='lat' dir='ltr'><strong>Troadum</strong></span> <span class='ocrx_word' id='word_1_35' title='bbox 694 851 960 901; x_wconf 78' lang='lat' dir='ltr'><strong>didascalia</strong></span> <span class='ocrx_word' id='word_1_36' title='bbox 990 851 1155 900; x_wconf 88' lang='lat' dir='ltr'><strong>insunt</strong></span> <span class='ocrx_word' id='word_1_37' title='bbox 1188 851 1248 899; x_wconf 92' lang='lat' dir='ltr'><strong>ad</strong></span> <span class='ocrx_word' id='word_1_38' title='bbox 1282 850 1412 899; x_wconf 91' lang='lat' dir='ltr'><strong>illius</strong></span> <span class='ocrx_word' id='word_1_39' title='bbox 1437 850 1641 898; x_wconf 88' lang='lat' dir='ltr'><strong>consilia</strong></span> <span class='ocrx_word' id='word_1_40' title='bbox 1668 856 1720 899; x_wconf 94' lang='lat' dir='ltr'><strong>et</strong></span> <span class='ocrx_word' id='word_1_41' title='bbox 1750 867 1834 899; x_wconf 83' lang='lat' dir='ltr'><strong>ex-</strong></span> 
     </span>
     <span class='ocr_line' id='line_1_9' title="bbox 170 930 1834 1000; baseline -0.002 -16"><span class='ocrx_word' id='word_1_42' title='bbox 170 934 471 1000; x_wconf 90' lang='lat' dir='ltr'><strong>peditionem</strong></span> <span class='ocrx_word' id='word_1_43' title='bbox 518 934 623 981; x_wconf 89' lang='lat' dir='ltr'><strong>eius</strong></span> <span class='ocrx_word' id='word_1_44' title='bbox 672 932 886 996; x_wconf 85' lang='lat' dir='ltr'><strong>impulsu</strong></span> <span class='ocrx_word' id='word_1_45' title='bbox 935 939 1213 995; x_wconf 75' lang='lat' dir='ltr'><strong>susceptam</strong></span> <span class='ocrx_word' id='word_1_46' title='bbox 1262 930 1532 994; x_wconf 78' lang='lat' dir='ltr'><strong>spectantia</strong></span> <span class='ocrx_word' id='word_1_47' title='bbox 1565 930 1834 994; x_wconf 78' lang='lat' dir='ltr'><strong>reputabis,</strong></span> 
     </span>
     <span class='ocr_line' id='line_1_10' title="bbox 169 1010 1837 1076; baseline -0.002 -14"><span class='ocrx_word' id='word_1_48' title='bbox 169 1014 426 1074; x_wconf 84' lang='lat' dir='ltr'><strong>Ceterum,</strong></span> <span class='ocrx_word' id='word_1_49' title='bbox 471 1013 568 1062; x_wconf 89' lang='lat' dir='ltr'><strong>hoc</strong></span> <span class='ocrx_word' id='word_1_50' title='bbox 612 1017 821 1076; x_wconf 83' lang='lat' dir='ltr'><strong>excepto</strong></span> <span class='ocrx_word' id='word_1_51' title='bbox 866 1011 1004 1070; x_wconf 93' lang='lat' dir='ltr'><strong>loco,</strong></span> <span class='ocrx_word' id='word_1_52' title='bbox 1052 1010 1271 1060; x_wconf 89' lang='lat' dir='ltr'><strong>uoluisse</strong></span> <span class='ocrx_word' id='word_1_53' title='bbox 1320 1010 1583 1073; x_wconf 79' lang='lat' dir='ltr'><strong>Euripides</strong></span> <span class='ocrx_word' id='word_1_54' title='bbox 1627 1011 1837 1073; x_wconf 85' lang='lat' dir='ltr'><strong>amplius</strong></span> 
     </span>
     <span class='ocr_line' id='line_1_11' title="bbox 168 1090 1838 1158; baseline -0.001 -18"><span class='ocrx_word' id='word_1_55' title='bbox 168 1093 451 1158; x_wconf 79' lang='lat' dir='ltr'><strong>vituperare</strong></span> <span class='ocrx_word' id='word_1_56' title='bbox 486 1098 731 1141; x_wconf 81' lang='lat' dir='ltr'><strong>extorrem</strong></span> <span class='ocrx_word' id='word_1_57' title='bbox 768 1091 991 1150; x_wconf 89' lang='lat' dir='ltr'><strong>videtur,</strong></span> <span class='ocrx_word' id='word_1_58' title='bbox 1035 1091 1323 1140; x_wconf 89' lang='lat' dir='ltr'><strong>recordatus</strong></span> <span class='ocrx_word' id='word_1_59' title='bbox 1357 1091 1460 1138; x_wconf 91' lang='lat' dir='ltr'><strong>sine</strong></span> <span class='ocrx_word' id='word_1_60' title='bbox 1496 1090 1644 1138; x_wconf 90' lang='lat' dir='ltr'><strong>dubio</strong></span> <span class='ocrx_word' id='word_1_61' title='bbox 1679 1092 1838 1138; x_wconf 88' lang='lat' dir='ltr'><strong>virtu-</strong></span> 
     </span>
     <span class='ocr_line' id='line_1_12' title="bbox 169 1170 1837 1235; baseline -0.002 -14"><span class='ocrx_word' id='word_1_62' title='bbox 169 1178 246 1222; x_wconf 90' lang='lat' dir='ltr'><strong>tes</strong></span> <span class='ocrx_word' id='word_1_63' title='bbox 282 1189 377 1222; x_wconf 92' lang='lat' dir='ltr'><strong>non</strong></span> <span class='ocrx_word' id='word_1_64' title='bbox 410 1173 585 1230; x_wconf 90' lang='lat' dir='ltr'><strong>minus,</strong></span> <span class='ocrx_word' id='word_1_65' title='bbox 621 1187 767 1235; x_wconf 87' lang='lat' dir='ltr'><strong>quam</strong></span> <span class='ocrx_word' id='word_1_66' title='bbox 802 1172 932 1230; x_wconf 80' lang='lat' dir='ltr'><strong>vitia,</strong></span> <span class='ocrx_word' id='word_1_67' title='bbox 966 1171 1055 1218; x_wconf 85' lang='lat' dir='ltr'><strong>viri</strong></span> <span class='ocrx_word' id='word_1_68' title='bbox 1089 1171 1136 1219; x_wconf 90' lang='lat' dir='ltr'><strong>in</strong></span> <span class='ocrx_word' id='word_1_69' title='bbox 1170 1171 1438 1235; x_wconf 88' lang='lat' dir='ltr'><strong>perniciem</strong></span> <span class='ocrx_word' id='word_1_70' title='bbox 1474 1177 1575 1218; x_wconf 88' lang='lat' dir='ltr'><strong>tum</strong></span> <span class='ocrx_word' id='word_1_71' title='bbox 1610 1170 1705 1233; x_wconf 85' lang='lat' dir='ltr'><strong>ipsi</strong></span> <span class='ocrx_word' id='word_1_72' title='bbox 1733 1175 1837 1218; x_wconf 90' lang='lat' dir='ltr'><strong>tum</strong></span> 
     </span>
     <span class='ocr_line' id='line_1_13' title="bbox 168 1249 1836 1318; baseline -0.003 -17"><span class='ocrx_word' id='word_1_73' title='bbox 168 1253 361 1318; x_wconf 80' lang='lat' dir='ltr'><strong>patriae</strong></span> <span class='ocrx_word' id='word_1_74' title='bbox 394 1254 636 1312; x_wconf 75' lang='lat' dir='ltr'><strong>cessisse,</strong></span> <span class='ocrx_word' id='word_1_75' title='bbox 672 1258 724 1300; x_wconf 86' lang='lat' dir='ltr'><strong>et</strong></span> <span class='ocrx_word' id='word_1_76' title='bbox 758 1251 967 1300; x_wconf 89' lang='lat' dir='ltr'><strong>multum</strong></span> <span class='ocrx_word' id='word_1_77' title='bbox 1002 1251 1304 1314; x_wconf 85' lang='lat' dir='ltr'><strong>reipublicae</strong></span> <span class='ocrx_word' id='word_1_78' title='bbox 1337 1249 1540 1298; x_wconf 73' lang='lat' dir='ltr'><strong>consilia</strong></span> <span class='ocrx_word' id='word_1_79' title='bbox 1575 1249 1686 1296; x_wconf 88' lang='lat' dir='ltr'><strong>eius</strong></span> <span class='ocrx_word' id='word_1_80' title='bbox 1718 1264 1836 1313; x_wconf 90' lang='lat' dir='ltr'><strong>pro-</strong></span> 
     </span>
     <span class='ocr_line' id='line_1_14' title="bbox 171 1328 1837 1392; baseline -0.001 -13"><span class='ocrx_word' id='word_1_81' title='bbox 171 1331 338 1380; x_wconf 79' lang='lat' dir='ltr'><strong>futura</strong></span> <span class='ocrx_word' id='word_1_82' title='bbox 385 1331 571 1388; x_wconf 79' lang='lat' dir='ltr'><strong>fuisse,</strong></span> <span class='ocrx_word' id='word_1_83' title='bbox 633 1331 726 1379; x_wconf 87' lang='lat' dir='ltr'><strong>nisi</strong></span> <span class='ocrx_word' id='word_1_84' title='bbox 785 1336 921 1379; x_wconf 89' lang='lat' dir='ltr'><strong>esset</strong></span> <span class='ocrx_word' id='word_1_85' title='bbox 967 1330 1270 1378; x_wconf 89' lang='lat' dir='ltr'><strong>inimicorum</strong></span> <span class='ocrx_word' id='word_1_86' title='bbox 1312 1329 1493 1377; x_wconf 85' lang='lat' dir='ltr'><strong>invidia</strong></span> <span class='ocrx_word' id='word_1_87' title='bbox 1543 1328 1837 1392; x_wconf 88' lang='lat' dir='ltr'><strong>prohibitus.</strong></span> 
     </span>
     <span class='ocr_line' id='line_1_15' title="bbox 166 1408 1838 1474; baseline -0.001 -16"><span class='ocrx_word' id='word_1_88' title='bbox 166 1410 292 1459; x_wconf 88' lang='lat' dir='ltr'><strong>Nam</strong></span> <span class='ocrx_word' id='word_1_89' title='bbox 325 1412 454 1474; x_wconf 89' lang='lat' dir='ltr'><strong>quod</strong></span> <span class='ocrx_word' id='word_1_90' title='bbox 489 1418 542 1459; x_wconf 92' lang='lat' dir='ltr'><strong>et</strong></span> <span class='ocrx_word' id='word_1_91' title='bbox 573 1411 719 1459; x_wconf 89' lang='lat' dir='ltr'><strong>animi</strong></span> <span class='ocrx_word' id='word_1_92' title='bbox 755 1410 1075 1474; x_wconf 82' lang='lat' dir='ltr'><strong>corporisque</strong></span> <span class='ocrx_word' id='word_1_93' title='bbox 1110 1409 1306 1457; x_wconf 88' lang='lat' dir='ltr'><strong>dotibus</strong></span> <span class='ocrx_word' id='word_1_94' title='bbox 1347 1417 1397 1456; x_wconf 87' lang='lat' dir='ltr'><strong>et</strong></span> <span class='ocrx_word' id='word_1_95' title='bbox 1434 1408 1664 1456; x_wconf 81' lang='lat' dir='ltr'><strong>fortunae</strong></span> <span class='ocrx_word' id='word_1_96' title='bbox 1695 1410 1838 1457; x_wconf 87' lang='lat' dir='ltr'><strong>bonis</strong></span> 
     </span>
     <span class='ocr_line' id='line_1_16' title="bbox 164 1486 1836 1555; baseline -0.002 -17"><span class='ocrx_word' id='word_1_97' title='bbox 164 1490 412 1555; x_wconf 81' lang='lat' dir='ltr'><strong>vulgarem</strong></span> <span class='ocrx_word' id='word_1_98' title='bbox 449 1491 647 1539; x_wconf 92' lang='lat' dir='ltr'><strong>modum</strong></span> <span class='ocrx_word' id='word_1_99' title='bbox 694 1490 996 1549; x_wconf 88' lang='lat' dir='ltr'><strong>excedebat,</strong></span> <span class='ocrx_word' id='word_1_100' title='bbox 1040 1505 1213 1554; x_wconf 87' lang='lat' dir='ltr'><strong>parum</strong></span> <span class='ocrx_word' id='word_1_101' title='bbox 1261 1486 1551 1536; x_wconf 87' lang='lat' dir='ltr'><strong>commodus</strong></span> <span class='ocrx_word' id='word_1_102' title='bbox 1597 1504 1709 1536; x_wconf 89' lang='lat' dir='ltr'><strong>esse</strong></span> <span class='ocrx_word' id='word_1_103' title='bbox 1753 1504 1836 1536; x_wconf 89' lang='lat' dir='ltr'><strong>ae-</strong></span> 
     </span>
     <span class='ocr_line' id='line_1_17' title="bbox 166 1568 1838 1635; baseline -0.002 -17"><span class='ocrx_word' id='word_1_104' title='bbox 166 1570 388 1635; x_wconf 75' lang='lat' dir='ltr'><strong>qualitati</strong></span> <span class='ocrx_word' id='word_1_105' title='bbox 432 1570 631 1635; x_wconf 90' lang='lat' dir='ltr'><strong>imperii</strong></span> <span class='ocrx_word' id='word_1_106' title='bbox 676 1570 928 1634; x_wconf 89' lang='lat' dir='ltr'><strong>popularis</strong></span> <span class='ocrx_word' id='word_1_107' title='bbox 980 1578 1033 1618; x_wconf 88' lang='lat' dir='ltr'><strong>et</strong></span> <span class='ocrx_word' id='word_1_108' title='bbox 1075 1569 1333 1616; x_wconf 88' lang='lat' dir='ltr'><strong>imminere</strong></span> <span class='ocrx_word' id='word_1_109' title='bbox 1379 1575 1657 1617; x_wconf 88' lang='lat' dir='ltr'><strong>ceterorum</strong></span> <span class='ocrx_word' id='word_1_110' title='bbox 1693 1568 1838 1616; x_wconf 88' lang='lat' dir='ltr'><strong>liber-</strong></span> 
     </span>
     <span class='ocr_line' id='line_1_18' title="bbox 164 1647 1837 1712; baseline -0.002 -12"><span class='ocrx_word' id='word_1_111' title='bbox 164 1651 256 1700; x_wconf 86' lang='lat' dir='ltr'><strong>tati</strong></span> <span class='ocrx_word' id='word_1_112' title='bbox 301 1649 587 1698; x_wconf 86' lang='lat' dir='ltr'><strong>videbatur:</strong></span> <span class='ocrx_word' id='word_1_113' title='bbox 633 1650 764 1698; x_wconf 88' lang='lat' dir='ltr'><strong>uude</strong></span> <span class='ocrx_word' id='word_1_114' title='bbox 799 1649 986 1697; x_wconf 77' lang='lat' dir='ltr'><strong>factum</strong></span> <span class='ocrx_word' id='word_1_115' title='bbox 1020 1656 1122 1708; x_wconf 90' lang='lat' dir='ltr'><strong>est,</strong></span> <span class='ocrx_word' id='word_1_116' title='bbox 1168 1656 1225 1697; x_wconf 91' lang='lat' dir='ltr'><strong>ut</strong></span> <span class='ocrx_word' id='word_1_117' title='bbox 1258 1647 1482 1712; x_wconf 87' lang='lat' dir='ltr'><strong>plerique</strong></span> <span class='ocrx_word' id='word_1_118' title='bbox 1515 1647 1667 1712; x_wconf 79' lang='lat' dir='ltr'><strong>affligi</strong></span> <span class='ocrx_word' id='word_1_119' title='bbox 1698 1663 1837 1696; x_wconf 90' lang='lat' dir='ltr'><strong>rem-</strong></span> 
     </span>
     <span class='ocr_line' id='line_1_19' title="bbox 163 1728 1838 1794; baseline -0.001 -17"><span class='ocrx_word' id='word_1_120' title='bbox 163 1729 411 1794; x_wconf 80' lang='lat' dir='ltr'><strong>publicam</strong></span> <span class='ocrx_word' id='word_1_121' title='bbox 446 1729 675 1784; x_wconf 82' lang='lat' dir='ltr'><strong>mallent,</strong></span> <span class='ocrx_word' id='word_1_122' title='bbox 722 1729 808 1776; x_wconf 88' lang='lat' dir='ltr'><strong>illo</strong></span> <span class='ocrx_word' id='word_1_123' title='bbox 854 1746 882 1776; x_wconf 89' lang='lat' dir='ltr'><strong>a</strong></span> <span class='ocrx_word' id='word_1_124' title='bbox 916 1729 1247 1792; x_wconf 84' lang='lat' dir='ltr'><strong>gubernaculo</strong></span> <span class='ocrx_word' id='word_1_125' title='bbox 1283 1728 1492 1775; x_wconf 81' lang='lat' dir='ltr'><strong>civitatis</strong></span> <span class='ocrx_word' id='word_1_126' title='bbox 1526 1728 1575 1775; x_wconf 89' lang='lat' dir='ltr'><strong>in</strong></span> <span class='ocrx_word' id='word_1_127' title='bbox 1610 1733 1838 1792; x_wconf 89' lang='lat' dir='ltr'><strong>tempore</strong></span> 
     </span>
     <span class='ocr_line' id='line_1_20' title="bbox 164 1807 1838 1870; baseline 0 -15"><span class='ocrx_word' id='word_1_128' title='bbox 164 1809 375 1856; x_wconf 83' lang='lat' dir='ltr'><strong>maxime</strong></span> <span class='ocrx_word' id='word_1_129' title='bbox 391 1809 671 1857; x_wconf 87' lang='lat' dir='ltr'><strong>necessario</strong></span> <span class='ocrx_word' id='word_1_130' title='bbox 687 1811 893 1860; x_wconf 85' lang='lat' dir='ltr'><strong>remoto,</strong></span> <span class='ocrx_word' id='word_1_131' title='bbox 911 1823 1076 1870; x_wconf 89' lang='lat' dir='ltr'><strong>quam,</strong></span> <span class='ocrx_word' id='word_1_132' title='bbox 1101 1807 1274 1855; x_wconf 87' lang='lat' dir='ltr'><strong>eodem</strong></span> <span class='ocrx_word' id='word_1_133' title='bbox 1299 1807 1686 1866; x_wconf 75' lang='lat' dir='ltr'><strong>administrante,</strong></span> <span class='ocrx_word' id='word_1_134' title='bbox 1707 1807 1838 1855; x_wconf 80' lang='lat' dir='ltr'><strong>vinci</strong></span> 
     </span>
     <span class='ocr_line' id='line_1_21' title="bbox 166 1886 1836 1951; baseline 0.001 -17"><span class='ocrx_word' id='word_1_135' title='bbox 166 1886 339 1935; x_wconf 89' lang='lat' dir='ltr'><strong>hostes</strong></span> <span class='ocrx_word' id='word_1_136' title='bbox 375 1894 427 1936; x_wconf 89' lang='lat' dir='ltr'><strong>et</strong></span> <span class='ocrx_word' id='word_1_137' title='bbox 457 1888 661 1950; x_wconf 88' lang='lat' dir='ltr'><strong>patriam</strong></span> <span class='ocrx_word' id='word_1_138' title='bbox 691 1887 1010 1950; x_wconf 81' lang='lat' dir='ltr'><strong>triumphare.</strong></span> <span class='ocrx_word' id='word_1_139' title='bbox 1062 1887 1126 1934; x_wconf 83' lang='lat' dir='ltr'><strong>Et</strong></span> <span class='ocrx_word' id='word_1_140' title='bbox 1150 1887 1409 1935; x_wconf 83' lang='lat' dir='ltr'><strong>insolentia</strong></span> <span class='ocrx_word' id='word_1_141' title='bbox 1441 1887 1706 1935; x_wconf 80' lang='lat' dir='ltr'><strong>Alcibiadis</strong></span> <span class='ocrx_word' id='word_1_142' title='bbox 1728 1888 1836 1951; x_wconf 85' lang='lat' dir='ltr'><strong>ipsa</strong></span> 
     </span>
     <span class='ocr_line' id='line_1_22' title="bbox 164 1966 1836 2029; baseline 0.001 -15"><span class='ocrx_word' id='word_1_143' title='bbox 164 1967 281 2014; x_wconf 90' lang='lat' dir='ltr'><strong>iude</strong></span> <span class='ocrx_word' id='word_1_144' title='bbox 315 1972 429 2014; x_wconf 87' lang='lat' dir='ltr'><strong>uata</strong></span> <span class='ocrx_word' id='word_1_145' title='bbox 462 1973 596 2023; x_wconf 89' lang='lat' dir='ltr'><strong>erat,</strong></span> <span class='ocrx_word' id='word_1_146' title='bbox 632 1966 760 2029; x_wconf 88' lang='lat' dir='ltr'><strong>quod</strong></span> <span class='ocrx_word' id='word_1_147' title='bbox 796 1967 1039 2015; x_wconf 87' lang='lat' dir='ltr'><strong>neminem</strong></span> <span class='ocrx_word' id='word_1_148' title='bbox 1073 1968 1122 2013; x_wconf 90' lang='lat' dir='ltr'><strong>in</strong></span> <span class='ocrx_word' id='word_1_149' title='bbox 1156 1966 1255 2013; x_wconf 87' lang='lat' dir='ltr'><strong>ulla</strong></span> <span class='ocrx_word' id='word_1_150' title='bbox 1294 1982 1349 2014; x_wconf 90' lang='lat' dir='ltr'><strong>re</strong></span> <span class='ocrx_word' id='word_1_151' title='bbox 1384 1966 1478 2014; x_wconf 88' lang='lat' dir='ltr'><strong>sibi</strong></span> <span class='ocrx_word' id='word_1_152' title='bbox 1517 1982 1681 2029; x_wconf 86' lang='lat' dir='ltr'><strong>parem</strong></span> <span class='ocrx_word' id='word_1_153' title='bbox 1723 1983 1836 2016; x_wconf 86' lang='lat' dir='ltr'><strong>esse</strong></span> 
     </span>
     <span class='ocr_line' id='line_1_23' title="bbox 166 2045 1837 2110; baseline 0.001 -16"><span class='ocrx_word' id='word_1_154' title='bbox 166 2045 484 2110; x_wconf 79' lang='lat' dir='ltr'><strong>intelligebat.</strong></span> <span class='ocrx_word' id='word_1_155' title='bbox 565 2045 799 2093; x_wconf 89' lang='lat' dir='ltr'><strong>Ceterum</strong></span> <span class='ocrx_word' id='word_1_156' title='bbox 845 2046 1082 2094; x_wconf 87' lang='lat' dir='ltr'><strong>nihildum</strong></span> <span class='ocrx_word' id='word_1_157' title='bbox 1127 2045 1240 2093; x_wconf 89' lang='lat' dir='ltr'><strong>mali</strong></span> <span class='ocrx_word' id='word_1_158' title='bbox 1289 2045 1474 2108; x_wconf 86' lang='lat' dir='ltr'><strong>patriae</strong></span> <span class='ocrx_word' id='word_1_159' title='bbox 1523 2062 1582 2094; x_wconf 87' lang='lat' dir='ltr'><strong>ex</strong></span> <span class='ocrx_word' id='word_1_160' title='bbox 1620 2048 1837 2095; x_wconf 87' lang='lat' dir='ltr'><strong>moribus</strong></span> 
     </span>
     <span class='ocr_line' id='line_1_24' title="bbox 165 2125 1836 2189; baseline -0.001 -15"><span class='ocrx_word' id='word_1_161' title='bbox 165 2126 270 2174; x_wconf 87' lang='lat' dir='ltr'><strong>eius</strong></span> <span class='ocrx_word' id='word_1_162' title='bbox 305 2125 490 2174; x_wconf 86' lang='lat' dir='ltr'><strong>illatum</strong></span> <span class='ocrx_word' id='word_1_163' title='bbox 527 2133 652 2186; x_wconf 85' lang='lat' dir='ltr'><strong>erat,</strong></span> <span class='ocrx_word' id='word_1_164' title='bbox 687 2132 854 2174; x_wconf 84' lang='lat' dir='ltr'><strong>contra</strong></span> <span class='ocrx_word' id='word_1_165' title='bbox 890 2142 951 2174; x_wconf 86' lang='lat' dir='ltr'><strong>ex</strong></span> <span class='ocrx_word' id='word_1_166' title='bbox 985 2125 1166 2187; x_wconf 79' lang='lat' dir='ltr'><strong>ingenii</strong></span> <span class='ocrx_word' id='word_1_167' title='bbox 1194 2125 1411 2174; x_wconf 84' lang='lat' dir='ltr'><strong>sollertia</strong></span> <span class='ocrx_word' id='word_1_168' title='bbox 1436 2125 1546 2189; x_wconf 91' lang='lat' dir='ltr'><strong>plus</strong></span> <span class='ocrx_word' id='word_1_169' title='bbox 1575 2126 1836 2186; x_wconf 91' lang='lat' dir='ltr'><strong>commodi,</strong></span> 
     </span>
     <span class='ocr_line' id='line_1_25' title="bbox 163 2205 1836 2270; baseline 0 -17"><span class='ocrx_word' id='word_1_170' title='bbox 163 2221 311 2269; x_wconf 88' lang='lat' dir='ltr'><strong>quam</strong></span> <span class='ocrx_word' id='word_1_171' title='bbox 360 2205 586 2253; x_wconf 87' lang='lat' dir='ltr'><strong>omuibus</strong></span> <span class='ocrx_word' id='word_1_172' title='bbox 636 2205 880 2267; x_wconf 88' lang='lat' dir='ltr'><strong>prioribus</strong></span> <span class='ocrx_word' id='word_1_173' title='bbox 925 2205 1128 2269; x_wconf 86' lang='lat' dir='ltr'><strong>proeliis</strong></span> <span class='ocrx_word' id='word_1_174' title='bbox 1175 2205 1428 2253; x_wconf 84' lang='lat' dir='ltr'><strong>effectum.</strong></span> <span class='ocrx_word' id='word_1_175' title='bbox 1499 2205 1671 2270; x_wconf 83' lang='lat' dir='ltr'><strong>lugens</strong></span> <span class='ocrx_word' id='word_1_176' title='bbox 1707 2206 1836 2254; x_wconf 89' lang='lat' dir='ltr'><strong>enim</strong></span> 
     </span>
     <span class='ocr_line' id='line_1_26' title="bbox 162 2284 1835 2348; baseline -0.001 -14"><span class='ocrx_word' id='word_1_177' title='bbox 162 2287 224 2334; x_wconf 87' lang='lat' dir='ltr'><strong>ab</strong></span> <span class='ocrx_word' id='word_1_178' title='bbox 258 2301 317 2333; x_wconf 92' lang='lat' dir='ltr'><strong>eo</strong></span> <span class='ocrx_word' id='word_1_179' title='bbox 351 2284 447 2332; x_wconf 82' lang='lat' dir='ltr'><strong>fuit</strong></span> <span class='ocrx_word' id='word_1_180' title='bbox 479 2300 559 2333; x_wconf 88' lang='lat' dir='ltr'><strong>res</strong></span> <span class='ocrx_word' id='word_1_181' title='bbox 594 2290 906 2348; x_wconf 84' lang='lat' dir='ltr'><strong>perpetrata,</strong></span> <span class='ocrx_word' id='word_1_182' title='bbox 954 2293 1011 2332; x_wconf 91' lang='lat' dir='ltr'><strong>ut</strong></span> <span class='ocrx_word' id='word_1_183' title='bbox 1057 2284 1140 2346; x_wconf 86' lang='lat' dir='ltr'><strong>qui</strong></span> <span class='ocrx_word' id='word_1_184' title='bbox 1174 2301 1331 2348; x_wconf 86' lang='lat' dir='ltr'><strong>paene</strong></span> <span class='ocrx_word' id='word_1_185' title='bbox 1364 2286 1639 2333; x_wconf 88' lang='lat' dir='ltr'><strong>universam</strong></span> <span class='ocrx_word' id='word_1_186' title='bbox 1675 2285 1835 2333; x_wconf 89' lang='lat' dir='ltr'><strong>disso-</strong></span> 
     </span>
     <span class='ocr_line' id='line_1_27' title="bbox 164 2363 1836 2429; baseline 0.001 -18"><span class='ocrx_word' id='word_1_187' title='bbox 164 2365 346 2413; x_wconf 87' lang='lat' dir='ltr'><strong>ciasset</strong></span> <span class='ocrx_word' id='word_1_188' title='bbox 388 2370 439 2412; x_wconf 87' lang='lat' dir='ltr'><strong>et</strong></span> <span class='ocrx_word' id='word_1_189' title='bbox 481 2364 815 2413; x_wconf 79' lang='lat' dir='ltr'><strong>concussisset</strong></span> <span class='ocrx_word' id='word_1_190' title='bbox 861 2363 1282 2427; x_wconf 85' lang='lat' dir='ltr'><strong>Peloponnesum,</strong></span> <span class='ocrx_word' id='word_1_191' title='bbox 1331 2371 1480 2429; x_wconf 86' lang='lat' dir='ltr'><strong>atque</strong></span> <span class='ocrx_word' id='word_1_192' title='bbox 1516 2381 1611 2412; x_wconf 90' lang='lat' dir='ltr'><strong>uno</strong></span> <span class='ocrx_word' id='word_1_193' title='bbox 1647 2365 1727 2412; x_wconf 91' lang='lat' dir='ltr'><strong>die</strong></span> <span class='ocrx_word' id='word_1_194' title='bbox 1762 2371 1836 2413; x_wconf 89' lang='lat' dir='ltr'><strong>tot</strong></span> 
     </span>
     <span class='ocr_line' id='line_1_28' title="bbox 165 2442 1834 2506; baseline 0.001 -16"><span class='ocrx_word' id='word_1_195' title='bbox 165 2442 385 2506; x_wconf 79' lang='lat' dir='ltr'><strong>legiones</strong></span> <span class='ocrx_word' id='word_1_196' title='bbox 442 2445 503 2492; x_wconf 85' lang='lat' dir='ltr'><strong>ad</strong></span> <span class='ocrx_word' id='word_1_197' title='bbox 559 2443 856 2493; x_wconf 81' lang='lat' dir='ltr'><strong>Mantineam</strong></span> <span class='ocrx_word' id='word_1_198' title='bbox 910 2443 1310 2492; x_wconf 86' lang='lat' dir='ltr'><strong>Lacedaemoniis</strong></span> <span class='ocrx_word' id='word_1_199' title='bbox 1357 2446 1624 2493; x_wconf 85' lang='lat' dir='ltr'><strong>obiecisset</strong></span> <span class='ocrx_word' id='word_1_200' title='bbox 1673 2451 1834 2493; x_wconf 83' lang='lat' dir='ltr'><strong>certa-</strong></span> 
     </span>
     <span class='ocr_line' id='line_1_29' title="bbox 164 2523 1835 2588; baseline 0.001 -18"><span class='ocrx_word' id='word_1_201' title='bbox 164 2539 374 2586; x_wconf 86' lang='lat' dir='ltr'><strong>menque</strong></span> <span class='ocrx_word' id='word_1_202' title='bbox 431 2523 490 2570; x_wconf 89' lang='lat' dir='ltr'><strong>iis</strong></span> <span class='ocrx_word' id='word_1_203' title='bbox 517 2523 520 2524; x_wconf 44' lang='lat'><em>⁷</em></span> <span class='ocrx_word' id='word_1_204' title='bbox 548 2528 600 2572; x_wconf 86' lang='lat' dir='ltr'><strong>et</strong></span> <span class='ocrx_word' id='word_1_205' title='bbox 645 2524 916 2588; x_wconf 90' lang='lat' dir='ltr'><strong>periculum</strong></span> <span class='ocrx_word' id='word_1_206' title='bbox 967 2523 1298 2571; x_wconf 87' lang='lat' dir='ltr'><strong>remotissime</strong></span> <span class='ocrx_word' id='word_1_207' title='bbox 1347 2525 1407 2571; x_wconf 88' lang='lat' dir='ltr'><strong>ab</strong></span> <span class='ocrx_word' id='word_1_208' title='bbox 1460 2525 1835 2572; x_wconf 80' lang='lat' dir='ltr'><strong>Atheniensium</strong></span> 
     </span>
     <span class='ocr_line' id='line_1_30' title="bbox 165 2601 1834 2668; baseline 0.002 -20"><span class='ocrx_word' id='word_1_209' title='bbox 165 2601 346 2649; x_wconf 87' lang='lat' dir='ltr'><strong>finibus</strong></span> <span class='ocrx_word' id='word_1_210' title='bbox 382 2603 668 2661; x_wconf 88' lang='lat' dir='ltr'><strong>conflasset,</strong></span> <span class='ocrx_word' id='word_1_211' title='bbox 706 2604 753 2652; x_wconf 92' lang='lat' dir='ltr'><strong>in</strong></span> <span class='ocrx_word' id='word_1_212' title='bbox 796 2621 893 2667; x_wconf 90' lang='lat' dir='ltr'><strong>quo</strong></span> <span class='ocrx_word' id='word_1_213' title='bbox 927 2604 996 2652; x_wconf 88' lang='lat' dir='ltr'><strong>illi</strong></span> <span class='ocrx_word' id='word_1_214' title='bbox 1034 2619 1128 2651; x_wconf 90' lang='lat' dir='ltr'><strong>nou</strong></span> <span class='ocrx_word' id='word_1_215' title='bbox 1164 2604 1370 2651; x_wconf 89' lang='lat' dir='ltr'><strong>multum</strong></span> <span class='ocrx_word' id='word_1_216' title='bbox 1405 2620 1587 2668; x_wconf 81' lang='lat' dir='ltr'><strong>operae</strong></span> <span class='ocrx_word' id='word_1_217' title='bbox 1621 2604 1834 2667; x_wconf 86' lang='lat' dir='ltr'><strong>pretium</strong></span> 
     </span>
     <span class='ocr_line' id='line_1_31' title="bbox 166 2680 1834 2747; baseline 0.002 -19"><span class='ocrx_word' id='word_1_218' title='bbox 166 2680 417 2743; x_wconf 81' lang='lat' dir='ltr'><strong>facerent,</strong></span> <span class='ocrx_word' id='word_1_219' title='bbox 454 2683 495 2730; x_wconf 88' lang='lat' dir='ltr'><strong>si</strong></span> <span class='ocrx_word' id='word_1_220' title='bbox 529 2683 811 2747; x_wconf 83' lang='lat' dir='ltr'><strong>superiores</strong></span> <span class='ocrx_word' id='word_1_221' title='bbox 847 2684 1223 2743; x_wconf 87' lang='lat' dir='ltr'><strong>discessissent,</strong></span> <span class='ocrx_word' id='word_1_222' title='bbox 1259 2684 1330 2731; x_wconf 88' lang='lat' dir='ltr'><strong>siu</strong></span> <span class='ocrx_word' id='word_1_223' title='bbox 1366 2683 1482 2731; x_wconf 69' lang='lat' dir='ltr'><strong>victi</strong></span> <span class='ocrx_word' id='word_1_224' title='bbox 1516 2690 1703 2742; x_wconf 85' lang='lat' dir='ltr'><strong>essent,</strong></span> <span class='ocrx_word' id='word_1_225' title='bbox 1757 2683 1834 2732; x_wconf 82' lang='lat' dir='ltr'><strong>vix</strong></span> 
     </span>
     <span class='ocr_line' id='line_1_32' title="bbox 164 2762 1834 2826; baseline 0.003 -20"><span class='ocrx_word' id='word_1_226' title='bbox 164 2766 369 2824; x_wconf 88' lang='lat' dir='ltr'><strong>possent</strong></span> <span class='ocrx_word' id='word_1_227' title='bbox 402 2777 513 2809; x_wconf 90' lang='lat' dir='ltr'><strong>esse</strong></span> <span class='ocrx_word' id='word_1_228' title='bbox 546 2763 830 2815; x_wconf 85' lang='lat' dir='ltr'><strong>incolumes.</strong></span> <span class='ocrx_word' id='word_1_229' title='bbox 900 2763 1021 2812; x_wconf 89' lang='lat' dir='ltr'><strong>Post</strong></span> <span class='ocrx_word' id='word_1_230' title='bbox 1052 2762 1173 2810; x_wconf 85' lang='lat' dir='ltr'><strong>illud</strong></span> <span class='ocrx_word' id='word_1_231' title='bbox 1215 2763 1456 2826; x_wconf 87' lang='lat' dir='ltr'><strong>proelium</strong></span> <span class='ocrx_word' id='word_1_232' title='bbox 1492 2762 1623 2811; x_wconf 91' lang='lat' dir='ltr'><strong>idem</strong></span> <span class='ocrx_word' id='word_1_233' title='bbox 1660 2769 1834 2826; x_wconf 86' lang='lat' dir='ltr'><strong>poten-</strong></span> 
     </span>
     <span class='ocr_line' id='line_1_33' title="bbox 164 2839 1833 2908; baseline 0.004 -22"><span class='ocrx_word' id='word_1_234' title='bbox 164 2839 282 2887; x_wconf 86' lang='lat' dir='ltr'><strong>tiam</strong></span> <span class='ocrx_word' id='word_1_235' title='bbox 316 2839 606 2903; x_wconf 79' lang='lat' dir='ltr'><strong>Argivorum</strong></span> <span class='ocrx_word' id='word_1_236' title='bbox 653 2842 735 2904; x_wconf 89' lang='lat' dir='ltr'><strong>iis,</strong></span> <span class='ocrx_word' id='word_1_237' title='bbox 772 2844 854 2907; x_wconf 90' lang='lat' dir='ltr'><strong>qui</strong></span> <span class='ocrx_word' id='word_1_238' title='bbox 898 2844 1121 2908; x_wconf 89' lang='lat' dir='ltr'><strong>populari</strong></span> <span class='ocrx_word' id='word_1_239' title='bbox 1169 2843 1377 2907; x_wconf 86' lang='lat' dir='ltr'><strong>imperio</strong></span> <span class='ocrx_word' id='word_1_240' title='bbox 1411 2849 1461 2891; x_wconf 89' lang='lat' dir='ltr'><strong>et</strong></span> <span class='ocrx_word' id='word_1_241' title='bbox 1493 2843 1642 2891; x_wconf 85' lang='lat' dir='ltr'><strong>rebus</strong></span> <span class='ocrx_word' id='word_1_242' title='bbox 1680 2842 1833 2892; x_wconf 86' lang='lat' dir='ltr'><strong>Athe-</strong></span> 
     </span>
     <span class='ocr_line' id='line_1_34' title="bbox 163 2919 1833 2988; baseline 0.002 -21"><span class='ocrx_word' id='word_1_243' title='bbox 163 2919 402 2967; x_wconf 88' lang='lat' dir='ltr'><strong>niensium</strong></span> <span class='ocrx_word' id='word_1_244' title='bbox 440 2921 717 2979; x_wconf 86' lang='lat' dir='ltr'><strong>studebant,</strong></span> <span class='ocrx_word' id='word_1_245' title='bbox 754 2924 999 2985; x_wconf 88' lang='lat' dir='ltr'><strong>restituit,</strong></span> <span class='ocrx_word' id='word_1_246' title='bbox 1035 2932 1186 2988; x_wconf 89' lang='lat' dir='ltr'><strong>utque</strong></span> <span class='ocrx_word' id='word_1_247' title='bbox 1222 2924 1377 2987; x_wconf 76' lang='lat' dir='ltr'><strong>longis</strong></span> <span class='ocrx_word' id='word_1_248' title='bbox 1411 2924 1563 2971; x_wconf 88' lang='lat' dir='ltr'><strong>muris</strong></span> <span class='ocrx_word' id='word_1_249' title='bbox 1600 2923 1660 2970; x_wconf 88' lang='lat' dir='ltr'><strong>ad</strong></span> <span class='ocrx_word' id='word_1_250' title='bbox 1699 2939 1833 2972; x_wconf 86' lang='lat' dir='ltr'><strong>mare</strong></span> 
     </span>
     <span class='ocr_line' id='line_1_35' title="bbox 164 2996 1833 3063; baseline 0.004 -18"><span class='ocrx_word' id='word_1_251' title='bbox 164 2996 391 3047; x_wconf 90' lang='lat' dir='ltr'><strong>deductis</strong></span> <span class='ocrx_word' id='word_1_252' title='bbox 433 2999 677 3048; x_wconf 82' lang='lat' dir='ltr'><strong>civitatem</strong></span> <span class='ocrx_word' id='word_1_253' title='bbox 713 3002 1087 3053; x_wconf 83' lang='lat' dir='ltr'><strong>Atheniensium</strong></span> <span class='ocrx_word' id='word_1_254' title='bbox 1127 3004 1232 3051; x_wconf 87' lang='lat' dir='ltr'><strong>urbi</strong></span> <span class='ocrx_word' id='word_1_255' title='bbox 1271 3010 1612 3063; x_wconf 83' lang='lat' dir='ltr'><strong>auuectereut,</strong></span> <span class='ocrx_word' id='word_1_256' title='bbox 1659 3010 1833 3052; x_wconf 89' lang='lat' dir='ltr'><strong>auctor</strong></span> 
     </span>
     <span class='ocr_line' id='line_1_36' title="bbox 165 3075 1832 3143; baseline 0.004 -19"><span class='ocrx_word' id='word_1_257' title='bbox 165 3075 273 3125; x_wconf 84' lang='lat' dir='ltr'><strong>fuit.</strong></span> <span class='ocrx_word' id='word_1_258' title='bbox 327 3079 390 3127; x_wconf 88' lang='lat' dir='ltr'><strong>At</strong></span> <span class='ocrx_word' id='word_1_259' title='bbox 420 3095 651 3143; x_wconf 89' lang='lat' dir='ltr'><strong>proceres</strong></span> <span class='ocrx_word' id='word_1_260' title='bbox 687 3082 1057 3132; x_wconf 88' lang='lat' dir='ltr'><strong>Atheniensium</strong></span> <span class='ocrx_word' id='word_1_261' title='bbox 1094 3084 1477 3132; x_wconf 83' lang='lat' dir='ltr'><strong>exsecrabantur</strong></span> <span class='ocrx_word' id='word_1_262' title='bbox 1501 3100 1612 3132; x_wconf 89' lang='lat' dir='ltr'><strong>eum</strong></span> <span class='ocrx_word' id='word_1_263' title='bbox 1640 3090 1688 3131; x_wconf 89' lang='lat' dir='ltr'><strong>et</strong></span> <span class='ocrx_word' id='word_1_264' title='bbox 1717 3098 1832 3131; x_wconf 88' lang='lat' dir='ltr'><strong>me—</strong></span> 
     </span>
     <span class='ocr_line' id='line_1_37' title="bbox 162 3158 1831 3228; baseline 0.004 -24"><span class='ocrx_word' id='word_1_265' title='bbox 162 3158 366 3205; x_wconf 76' lang='lat' dir='ltr'><strong>tuebant</strong></span> <span class='ocrx_word' id='word_1_266' title='bbox 398 3159 644 3221; x_wconf 76' lang='lat' dir='ltr'><strong>ingenium</strong></span> <span class='ocrx_word' id='word_1_267' title='bbox 680 3161 814 3219; x_wconf 88' lang='lat' dir='ltr'><strong>eius,</strong></span> <span class='ocrx_word' id='word_1_268' title='bbox 849 3170 902 3212; x_wconf 89' lang='lat' dir='ltr'><strong>ut</strong></span> <span class='ocrx_word' id='word_1_269' title='bbox 935 3165 1238 3228; x_wconf 83' lang='lat' dir='ltr'><strong>tyrannicum</strong></span> <span class='ocrx_word' id='word_1_270' title='bbox 1275 3168 1423 3226; x_wconf 88' lang='lat' dir='ltr'><strong>atque</strong></span> <span class='ocrx_word' id='word_1_271' title='bbox 1456 3163 1831 3211; x_wconf 87' lang='lat' dir='ltr'><strong>monstrificum.</strong></span> 
     </span>
     <span class='ocr_line' id='line_1_38' title="bbox 163 3234 1832 3306; baseline 0.003 -23"><span class='ocrx_word' id='word_1_272' title='bbox 163 3234 382 3296; x_wconf 74' lang='lat' dir='ltr'><strong>Quorum</strong></span> <span class='ocrx_word' id='word_1_273' title='bbox 416 3239 595 3286; x_wconf 89' lang='lat' dir='ltr'><strong>invidia</strong></span> <span class='ocrx_word' id='word_1_274' title='bbox 629 3242 848 3302; x_wconf 86' lang='lat' dir='ltr'><strong>quamvis</strong></span> <span class='ocrx_word' id='word_1_275' title='bbox 882 3243 1112 3306; x_wconf 80' lang='lat' dir='ltr'><strong>flagraret</strong></span> <span class='ocrx_word' id='word_1_276' title='bbox 1140 3243 1439 3304; x_wconf 83' lang='lat' dir='ltr'><strong>Alcibiades,</strong></span> <span class='ocrx_word' id='word_1_277' title='bbox 1472 3250 1637 3290; x_wconf 88' lang='lat' dir='ltr'><strong>tamen</strong></span> <span class='ocrx_word' id='word_1_278' title='bbox 1672 3241 1832 3305; x_wconf 85' lang='lat' dir='ltr'><strong>plebis</strong></span> 
     </span>
     <span class='ocr_line' id='line_1_39' title="bbox 163 3312 1831 3386; baseline 0.003 -25"><span class='ocrx_word' id='word_1_279' title='bbox 163 3312 334 3364; x_wconf 86' lang='lat' dir='ltr'><strong>favore</strong></span> <span class='ocrx_word' id='word_1_280' title='bbox 367 3322 501 3365; x_wconf 86' lang='lat' dir='ltr'><strong>tutus</strong></span> <span class='ocrx_word' id='word_1_281' title='bbox 536 3326 656 3369; x_wconf 88' lang='lat' dir='ltr'><strong>erat.</strong></span> <span class='ocrx_word' id='word_1_282' title='bbox 724 3318 1031 3385; x_wconf 82' lang='lat' dir='ltr'><strong>Largitiones</strong></span> <span class='ocrx_word' id='word_1_283' title='bbox 1066 3324 1194 3372; x_wconf 89' lang='lat' dir='ltr'><strong>euim</strong></span> <span class='ocrx_word' id='word_1_284' title='bbox 1220 3322 1544 3386; x_wconf 88' lang='lat' dir='ltr'><strong>ludorumque</strong></span> <span class='ocrx_word' id='word_1_285' title='bbox 1567 3320 1831 3369; x_wconf 87' lang='lat' dir='ltr'><strong>exhibitio-</strong></span> 
     </span>
     <span class='ocr_line' id='line_1_40' title="bbox 164 3399 1829 3467; baseline 0.004 -26"><span class='ocrx_word' id='word_1_286' title='bbox 164 3405 252 3443; x_wconf 86' lang='lat' dir='ltr'><strong>nes</strong></span> <span class='ocrx_word' id='word_1_287' title='bbox 286 3402 337 3445; x_wconf 90' lang='lat' dir='ltr'><strong>et</strong></span> <span class='ocrx_word' id='word_1_288' title='bbox 369 3399 699 3449; x_wconf 84' lang='lat' dir='ltr'><strong>munificentia</strong></span> <span class='ocrx_word' id='word_1_289' title='bbox 732 3400 782 3449; x_wconf 89' lang='lat' dir='ltr'><strong>iu</strong></span> <span class='ocrx_word' id='word_1_290' title='bbox 817 3402 1077 3464; x_wconf 86' lang='lat' dir='ltr'><strong>civitatem,</strong></span> <span class='ocrx_word' id='word_1_291' title='bbox 1112 3402 1290 3467; x_wconf 88' lang='lat' dir='ltr'><strong>quibus</strong></span> <span class='ocrx_word' id='word_1_292' title='bbox 1324 3402 1439 3452; x_wconf 88' lang='lat' dir='ltr'><strong>addi</strong></span> <span class='ocrx_word' id='word_1_293' title='bbox 1472 3401 1592 3450; x_wconf 86' lang='lat' dir='ltr'><strong>nihil</strong></span> <span class='ocrx_word' id='word_1_294' title='bbox 1618 3404 1829 3464; x_wconf 88' lang='lat' dir='ltr'><strong>poterat,</strong></span> 
     </span>
    </p>
   </div>
  </div>
 </body>
</html>
