2170 3866
898 245 1021 306 425

138 398 215 449 bit
226 395 297 462 *).
365 394 498 446 Tum
533 410 701 457 senex,
735 411 848 446 cum
882 410 944 446 ex
968 394 1248 444 narratione
1282 392 1559 459 Antiopae,
1595 376 1810 459 confgru-

138 482 256 529 ente
307 480 359 527 et
403 477 513 525 loco
557 481 609 525 et
653 482 907 541 tempore,
959 475 1264 539 exploratum
1313 480 1459 538 atque
1503 478 1812 538 compertum

137 559 319 608 habeat
365 556 501 605 illam
560 572 671 605 esse
725 562 931 605 matrem
979 554 1313 620 geminorum,
1372 568 1494 618 quos
1541 553 1812 616 sustulerit,

139 637 402 702 Antiopam
439 637 635 701 quidem
674 651 847 685 curare
881 635 1080 693 statuit,
1115 633 1245 681 filios
1281 638 1475 693 autem,
1515 650 1576 682 ne
1609 633 1719 699 ipse
1750 634 1812 682 iis

142 717 384 784 privetur,
418 732 544 781 quae
577 715 818 779 comperit
851 715 1015 763 celare
1029 714 1131 780 **).
1199 713 1276 762 Ex
1309 713 1455 762 huius
1488 713 1670 770 verbis,
1708 714 1814 779 qui-

139 799 233 848 bus
267 796 530 861 Antiopam
565 795 1029 855 commiserabatur,
1080 794 1204 843 haec
1253 793 1512 858 depromta
1554 809 1668 842 esse
1701 810 1813 845 sen-

141 876 296 926 tentia
331 880 525 941 potest:

273 953 438 1021 κῆδος
471 955 596 1004 καθ’
633 948 799 1004 αὑτὸν
830 951 927 1004 τὸν
960 952 1135 1019 σοφὸν
1166 955 1394 1004 κτᾶσθαι
1425 951 1609 1019 χρεών.

142 1035 239 1099 Qui
269 1037 354 1085 ubi
389 1035 647 1085 mulierem
681 1036 730 1084 in
765 1035 954 1085 stabula
987 1035 1155 1085 ferens
1188 1035 1452 1096 discessit,
1502 1036 1683 1084 chorus
1716 1034 1818 1085 An-

142 1116 307 1182 tiopae
343 1122 529 1164 sortem
565 1114 819 1179 deplorat:

273 1195 696 1256 „Aerumnis
732 1212 845 1244 cor
884 1194 1375 1259 luctificabile
1406 1192 1655 1256 sult‘a3'

144 1275 199 1324 In
245 1275 380 1324 calce
428 1275 655 1323 carminis
703 1275 926 1323 additum
974 1274 1133 1322 fuisse
1178 1279 1297 1338 puto
1332 1271 1571 1339 σύστημα
1605 1269 1821 1340 ἐπιφθε-

144 1352 430 1420 γματικόν,
472 1369 570 1418 quo
607 1353 751 1402 Dirce
785 1369 898 1401 cum
936 1353 1138 1402 bacchis
1172 1354 1232 1401 ab
1266 1354 1418 1403 altera
1451 1361 1596 1420 parte
1629 1356 1679 1405 in
1712 1373 1822 1406 sce·

144 1451 258 1484 nam
291 1433 525 1499 prodiens
560 1433 926 1483 ostenderetur.

275 1513 496 1562 Bacchas
542 1528 654 1561 cum
690 1519 838 1562 cantu
874 1512 1047 1562 eodem
1084 1513 1262 1575 modo,
1310 1529 1405 1579 quo
1438 1514 1702 1581 Hippolyti
1742 1532 1822 1565 ve·

143 1598 342 1643 natores
377 1600 430 1643 et
462 1592 726 1662 Alexandri
760 1599 1017 1657 pastores,
1063 1592 1275 1642 intrasse
1314 1602 1694 1645 consentaneum
1731 1602 1825 1647 est.

149 1675 262 1738 Quo
297 1674 462 1735 finito,
497 1689 593 1722 una
627 1689 687 1721 ex
722 1673 940 1734 bacchis,
975 1679 1116 1723 antea
1151 1674 1282 1722 circa
1315 1675 1507 1723 stabula
1538 1683 1729 1741 vagata,
1762 1676 1824 1726 ad

148 1755 374 1819 reginam
411 1753 558 1801 rediit
591 1752 821 1801 nuntians
851 1770 977 1818 quae
1011 1755 1250 1818 cognovit.
1320 1755 1561 1819 Antiopae
1593 1757 1722 1806 enim
1754 1757 1825 1805 la-

150 1834 329 1883 mentis
364 1833 493 1882 intus
539 1833 745 1893 auditis,
792 1849 904 1882 cum
951 1835 1161 1883 animum
1206 1834 1504 1884 advertisset
1546 1836 1609 1885 ad
1656 1837 1827 1902 explo-

150 1914 378 1975 randum,
414 1912 532 1976 quid
567 1913 618 1961 in
651 1912 764 1961 villa
795 1914 870 1962 rei
906 1920 1152 1979 ageretur,

283 1991 470 2056 „Sed
505 2009 643 2042 cum
689 1993 980 2043 animum
1027 1993 1303 2043 attendi
1352 1993 1434 2043 ad
1478 2011 1827 2062 quaeren-

975 2073 1149 2136 dum,
1200 2074 1358 2141 quid
1404 2076 1599 2138 siet‚”

151 2153 402 2219 Antiopen
439 2153 570 2218 apud
605 2168 774 2201 senem
810 2153 1076 2203 bubulcum
1112 2163 1501 2204 commorantem
1535 2158 1750 2223 agnovit:

583 2230 742 2282 ἔνδον
777 2230 834 2282 δὲ
865 2233 1130 2298 θαλάμοις
1164 2233 1432 2297 βουκόλον

287 2315 596 2378 κοσμοῦντα
628 2317 792 2378 κισσῷ
826 2314 1022 2363 στῦλον
1055 2313 1231 2364 Εὐΐου
1263 2316 1399 2366 θεοῦ
1414 2311 1537 2379 ***).

151 2394 276 2444 Sero
320 2396 467 2461 igitur
500 2409 680 2456 senex,
725 2394 803 2442 cui
841 2394 974 2442 salus
1009 2397 1223 2445 miserae
1258 2395 1396 2444 cordi
1433 2401 1569 2456 erat,
1616 2398 1833 2450 animad-

155 2490 301 2523 versa
337 2474 684 2540 speculatrice,
718 2490 826 2523 eam
861 2490 890 2522 a
922 2475 1184 2538 penatibus
1219 2475 1409 2541 abegit:

212 2602 262 2656 >l‘)
290 2601 491 2655 Propere.
521 2601 551 2642 1.
592 2601 648 2642 L:

404 2670 495 2723 „Et
525 2669 675 2711 durum
706 2671 886 2713 Zethum
914 2677 956 2713 et
985 2670 1174 2712 lacrimis
1204 2670 1445 2726 Amphiona
1472 2671 1638 2714 mollem

520 2739 712 2794 Experto
739 2747 802 2783 est
831 2742 1011 2783 stabulis
1038 2748 1177 2782 mater
1204 2742 1360 2782 abacta
1388 2742 1489 2783 suis.

410 2811 475 2852 Ac
504 2810 636 2851 veluti
663 2825 847 2867 magnos
875 2827 965 2853 cum
990 2818 1157 2868 ponunt
1184 2826 1369 2867 aequora
1396 2818 1548 2865 motus,

520 2880 658 2921 Eurus
687 2881 731 2921 in
762 2882 965 2924 adversos
994 2882 1148 2924 desinit
1175 2883 1238 2924 ire
1273 2882 1424 2934 Notos,

410 2948 578 2992 Littore
607 2950 644 2991 si
672 2952 805 2993 tacito
835 2953 998 2995 sonitus
1024 2952 1416 3011 rarescitlarenae:

520 3021 590 3061 Sic
621 3021 739 3062 cadit
767 3022 920 3076 inflexo
951 3024 1076 3078 lapsa
1104 3024 1249 3078 puella
1279 3025 1439 3079 genu.'’

189 3092 266 3147 >lt“=‘)
303 3090 389 3133 Dio
428 3090 587 3145 Chrys.
622 3091 652 3132 l.
683 3091 738 3132 1.2
778 3088 987 3149 εὑρόντες
1016 3092 1063 3136 ἐν
1091 3094 1148 3150 τῇ
1179 3091 1272 3151 ὁδῷ
1303 3095 1491 3144 παιδία,
1531 3091 1615 3137 οὐκ
1655 3091 1845 3145 εἰδότες,

299 3156 411 3205 ὅτου
441 3158 552 3204 ποτὲ
594 3151 732 3215 ἦσαν,
771 3160 1036 3216 ἀνελόμενοι
1066 3161 1257 3221 ἔτρεφον
1287 3162 1349 3215 ὥς
1377 3161 1555 3219 αὐτῶν,
1585 3163 1684 3208 καὶ
1712 3160 1777 3207 ου’
1786 3162 1845 3208 δὲ

298 3227 546 3287 ὕστερον
576 3227 816 3283 ἑκόντες
856 3230 1144 3279 οὐδέποτε
1185 3233 1595 3292 ὡμολόγησαν,
1625 3229 1718 3278 ὅτι
1746 3231 1843 3278 ἆλ-

301 3301 542 3358 λότριοι
572 3292 734 3355 ἦσαν.

163 3372 267 3428 *Ἣ
297 3373 443 3428 Vulgo
473 3372 687 3426 κομῶντα
729 3387 811 3427 pro
835 3377 1113 3432 κοσμοῦντα.
1173 3375 1444 3421 Emendavit
1470 3373 1672 3431 Toupius
1699 3374 1845 3420 refra-

301 3447 439 3499 gante
475 3441 726 3487 Matthiaeo
754 3455 802 3498 p:
826 3444 895 3488 7⁰.
