2170 3848
930 231 1011 289 87

140 381 475 434 necessarium
520 387 627 429 erat
672 396 728 428 ac
774 385 979 429 naturae
1028 378 1479 439 accommodatum3
1525 385 1581 448 et.
1624 380 1667 429 si
1718 396 1812 430 un-

138 479 286 527 quam
310 460 538 525 Euripidi
565 461 763 509 occasio
790 460 885 508 fuit
907 460 1165 526 prologum
1200 458 1354 506 choro
1389 459 1633 523 agendum
1667 460 1809 509 defe-

137 542 279 592 rendi
314 547 368 590 et
400 557 513 591 cum
548 541 735 604 parodo
768 540 1024 601 miscendi,
1058 539 1203 587 huius
1239 541 1377 586 certe
1401 539 1682 602 tragoediae
1706 556 1808 588 ma-

135 623 262 672 teria
297 610 404 670 eam
439 621 680 670 rationem
716 619 1101 683 praescribebat.
1171 616 1271 665 Sed
1308 619 1435 666 enim
1470 620 1530 667 ab
1569 620 1809 668 eiusmodi

135 703 373 752 mixtione
419 703 544 751 adeo
591 699 916 772 abhorrebat,
964 703 1021 748 ut
1067 698 1238 747 mallet
1285 697 1362 746 vel
1410 698 1570 747 minus
1603 705 1808 748 naturae

135 783 468 832 convenientia
502 781 704 842 fingere,
739 794 885 841 quam
918 794 1015 827 non
1058 779 1242 828 iustum
1278 779 1585 843 prooemium
1621 779 1806 843 parodo

134 863 468 929 praemittere.
534 858 680 908 Fecit
726 858 856 907 enim
902 859 1138 908 Aethram
1186 859 1323 923 prius
1370 873 1594 906 caussam
1631 858 1805 907 mulie-

134 959 268 1003 rum,
313 956 439 1005 quae
485 938 790 1003 supplicant,
844 943 1203 1004 exponentem,
1247 954 1392 1002 quam
1447 937 1622 987 harum
1658 954 1804 988 voces

133 1035 406 1086 precesque
437 1019 750 1068 audirentur:
789 1035 913 1082 quae
947 1035 1029 1068 res
1066 1021 1250 1070 absona
1285 1023 1337 1067 et
1363 1023 1680 1084 praepostera
1714 1020 1803 1068 ha-

130 1101 288 1150 benda
324 1105 476 1160 esset,
511 1099 604 1147 nisi
636 1098 819 1149 dudum
856 1100 1061 1149 chorum
1097 1100 1146 1148 in
1179 1098 1414 1165 gradibus
1449 1100 1643 1164 arisque
1679 1106 1802 1148 tem-

128 1179 199 1244 pli
235 1179 547 1248 consedisse,
572 1179 756 1228 dudum
791 1180 990 1244 reginae
1024 1179 1354 1244 supplicatum
1391 1195 1504 1228 esse
1538 1184 1590 1228 et
1624 1180 1803 1228 multas

126 1261 221 1309 iam
270 1276 466 1326 preces,
514 1266 773 1323 antequam
807 1259 980 1309 aulaea
1026 1261 1428 1319 demitterentur,
1493 1260 1677 1309 similes
1723 1260 1803 1320 iis,

128 1356 250 1405 quas
283 1340 487 1389 iteratas
523 1340 778 1401 audimus,
828 1339 983 1388 factas
1031 1356 1144 1389 esse
1179 1345 1457 1405 appareret.
1527 1339 1578 1388 In
1616 1339 1803 1388 medias

125 1420 278 1485 igitur
321 1437 402 1470 res
450 1421 694 1485 rapimur,
743 1436 892 1484 quum
941 1425 1187 1470 catervam
1235 1422 1486 1470 hominum
1531 1437 1626 1469 non
1675 1436 1803 1469 nunc

125 1500 323 1550 demum
360 1501 721 1560 advenientem,
756 1500 845 1549 sed
881 1501 1129 1551 assiduam
1165 1507 1216 1550 et
1250 1500 1441 1565 pridem
1477 1502 1525 1549 in
1554 1501 1800 1565 supplica-

125 1582 260 1631 tione
294 1587 585 1646 occupatam
637 1581 1016 1646 conspiciamus,
1052 1586 1103 1629 et
1137 1581 1348 1629 mediam
1383 1581 1516 1629 inter
1550 1580 1800 1645 supplices

123 1662 362 1711 Aethram
398 1661 625 1710 verbenis
662 1660 871 1710 cinctam
909 1660 978 1724 (v.
1014 1662 1153 1724 359.)
1201 1666 1263 1710 et
1296 1661 1437 1724 quasi
1472 1663 1532 1710 ab
1568 1660 1798 1710 obsiden-

122 1742 253 1792 tibus
286 1747 527 1791 retentam
557 1741 605 1788 in
640 1740 782 1801 loco,
828 1740 878 1788 iu
913 1756 1010 1803 quo
1043 1741 1241 1790 rediens
1278 1757 1306 1788 e
1339 1741 1526 1805 templo
1561 1741 1799 1802 constitit,

124 1823 212 1871 filii
247 1822 526 1879 adventum,
563 1836 711 1884 quem
745 1835 837 1885 per
868 1821 1095 1868 nuntium
1121 1821 1393 1882 arcessivit,
1429 1824 1797 1884 exspectantem

124 1907 273 1966 atque
307 1901 504 1949 interim
541 1899 603 1948 de
637 1901 787 1948 rebus
821 1901 943 1948 actis
979 1907 1321 1964 exponentem.

220 1982 403 2035 Preces
416 1996 507 2044 pro
523 1986 746 2028 semente
757 1979 951 2044 publice
965 1978 1156 2028 factura
1172 1980 1411 2045 templum
1426 1981 1625 2030 Cereris
1649 1980 1796 2030 Eleu-

123 2061 300 2120 siniae,
345 2061 526 2124 stipata
555 2060 661 2108 sine
686 2059 835 2108 dubio
863 2065 1194 2108 matronarum
1224 2060 1601 2110 Atheniensium
1629 2077 1796 2127 grege,

120 2142 238 2190 adiit
267 2141 478 2200 Aethra,
513 2138 702 2188 Thesei
724 2141 853 2206 regis
878 2145 1065 2199 mater,
1091 2139 1249 2204 Aegei
1280 2155 1428 2202 uxor,
1471 2141 1656 2190 Pitthei
1682 2141 1796 2191 filia.

118 2223 310 2271 Functa
353 2221 507 2269 sacris
553 2236 663 2269 cum
714 2236 775 2268 ex
811 2221 1013 2270 aedibus
1064 2220 1187 2269 deae
1221 2220 1464 2282 redisset,
1514 2226 1627 2270 ante
1660 2221 1796 2270 fores

118 2301 312 2366 templi,
346 2301 396 2349 in
431 2300 666 2366 gradibus
703 2306 756 2349 et
789 2301 920 2365 apud
955 2317 1064 2350 aras
1099 2306 1282 2350 matres
1319 2302 1578 2365 conspexit
1613 2301 1795 2349 ducum

116 2387 417 2447 prostratas,
472 2381 553 2445 qui
598 2381 661 2429 ad
709 2382 1058 2444 oppugnandas
1094 2380 1294 2430 Thebas
1343 2397 1454 2429 cum
1490 2383 1704 2431 Adrasto
1738 2397 1795 2430 ac

118 2461 380 2526 Polynice,
426 2460 570 2524 Argis
613 2460 859 2525 profecti,
904 2462 970 2511 ibi
1013 2477 1184 2509 omnes
1231 2462 1553 2522 interierunt,
1602 2477 1795 2525 unaque

118 2558 229 2591 cum
274 2542 337 2590 iis
386 2541 653 2590 Adrastum
702 2541 1078 2606 supplicantem.
1148 2540 1335 2589 Omnes
1382 2540 1506 2589 vidit
1548 2557 1794 2601 moerore,

118 2622 283 2682 luctu,
319 2620 548 2686 squalore
581 2621 831 2683 iacentes,
867 2621 1111 2685 supplicia
1145 2625 1400 2682 tenenteS,
1446 2638 1606 2686 genua
1639 2621 1793 2685 ipsius

118 2718 231 2750 cum
266 2700 481 2749 lacrimis
516 2700 896 2765 amplectentes,
931 2708 984 2750 ut
1020 2708 1069 2749 et
1101 2701 1441 2750 misericordia
1470 2706 1520 2749 et
1546 2716 1793 2750 ramorum

117 2797 372 2830 sacrorum
405 2781 677 2830 reverentia
714 2782 853 2844 quasi
887 2781 1091 2830 vinculis
1138 2782 1376 2830 adstricta
1422 2777 1642 2845 (δεσμὸν
1675 2779 1792 2830 ἄδε-

117 2872 255 2926 σμον
308 2857 524 2926 ἔχουσα)
572 2862 885 2911 retineretur.
964 2861 1095 2910 Tum
1143 2861 1382 2911 Adrastus
1440 2878 1614 2910 caussa
1660 2862 1795 2910 dicta

118 2942 291 3003 oravit,
325 2946 381 2990 ut
414 2956 590 3006 preces
625 2941 985 3006 interponendo
1019 2943 1124 2997 filio
1158 2942 1515 3006 persuaderet,
1553 2947 1608 2990 ut
1641 2942 1792 2990 mise—

117 3023 188 3071 ris
222 3021 404 3071 auxilio
441 3037 554 3070 esse
589 3027 641 3070 et
674 3023 878 3070 mortuis
913 3023 992 3070 vel
1025 3023 1191 3071 verbis
1227 3021 1303 3070 vel
1338 3038 1588 3070 armorum
1616 3023 1661 3070 vi
1693 3023 1791 3071 vin-

117 3103 292 3151 dicatis
351 3102 501 3150 vellet
558 3101 843 3165 sepulturae
905 3109 1079 3151 auctor
1134 3119 1261 3151 esse.
1339 3101 1615 3166 insepultos
1661 3104 1792 3151 enim

119 3197 322 3242 omnes,
372 3182 454 3245 qui
499 3186 668 3229 conta
701 3180 902 3229 Thebas
951 3198 1083 3230 arma
1134 3182 1363 3242 tulerint,
1412 3183 1576 3230 iacere
1626 3183 1794 3231 iubent

116 3262 366 3320 victores,
429 3262 535 3309 iura
586 3260 792 3308 deorum
842 3266 1227 3310 contemnentes,
1309 3262 1500 3323 Quibus
1549 3266 1792 3309 commota

117 3341 349 3406 precibus
382 3341 599 3400 Aethra,
635 3354 749 3388 cum
781 3340 928 3402 nihil,
961 3347 1018 3390 ut
1052 3342 1258 3398 mulier,
1294 3342 1399 3389 sola
1434 3342 1595 3390 moliri
1628 3341 1791 3402 vellet,

121 3421 295 3471 nuntio
340 3421 493 3470 misso
537 3419 692 3468 filium
741 3421 1016 3470 arcessivit.
1083 3421 1264 3471 Refert
1307 3422 1458 3488 igitur
1490 3423 1681 3472 Aethra
1716 3438 1792 3483 ea,
