2170 3866
1168 242 1294 303 528
1367 192 1383 196 ἱ

372 386 592 438 lacrimis
642 385 849 454 oppleto
896 403 1091 454 unaque
1125 390 1280 443 flente
1313 390 1508 443 Oreste.
1577 392 1890 460 colloquium
1921 394 2063 447 insti-

373 468 528 517 tuitur
560 466 934 518 huiuscemodi:

371 546 582 613 Agam.
653 548 785 611 Quid
818 549 929 612 fles,
962 550 1080 614 filia,
1114 567 1278 617 neque
1311 552 1564 615 hilariter,
1599 556 1656 602 ut
1685 555 1831 616 ante,
1864 554 2063 621 prospi-

510 628 621 678 cis?
678 628 794 693 quid
853 630 1053 679 obiecta
1108 638 1251 682 veste
1294 634 1345 683 in
1393 616 1577 683 terram
1625 632 1796 682 oculos
1842 632 2064 699 defigis!

504 707 751 770 Quidnam
786 709 969 759 accidit
1002 711 1095 769 rei,
1131 713 1264 776 quod
1299 713 1506 763 moestis
1540 729 1598 763 ac
1631 713 1935 778 perturbatis
1957 713 2064 764 vul-

503 789 636 838 tibus
675 789 838 838 cuncti
873 790 1208 855 conspiratis?
1242 793 1353 856 quis
1388 795 1526 844 vobis
1560 793 1688 843 fecit
1719 794 1987 844 iniuriam}

372 867 538 934 Clyt.
606 868 760 918 Mene
794 875 848 918 tu
882 870 1015 919 istud
1049 871 1275 935 rogitas?
1310 872 1413 923 Iste
1447 889 1628 923 sensus
1661 873 1772 939 ipse
1796 889 1949 925 seusu
1973 888 2062 924 ca-

501 953 597 997 ret.
668 948 759 997 Dic
793 965 922 1013 quae
955 956 1009 999 te
1043 950 1413 1018 interrogavero
1445 954 1675 1019 ingenue,
1710 954 1918 1003 coniux!

368 1029 580 1093 Agam.
647 1027 782 1077 Nihil
816 1044 942 1095 opus
978 1035 1057 1079 est
1089 1032 1322 1082 hortatu:
1365 1033 1498 1083 ultro
1531 1034 1828 1100 interrogari
1863 1032 2026 1098 cupio.

370 1108 539 1173 Clyt.
608 1107 787 1158 Filiam
822 1126 982 1159 meam
1017 1116 1253 1176 tuamque
1284 1116 1342 1162 tu
1375 1114 1661 1164 interficere
1694 1114 1929 1165 conaris?

367 1189 499 1256 Aga
512 1204 578 1238 m.
644 1188 818 1239 Eheu!
867 1189 976 1240 dira
1023 1190 1220 1242 elocuta
1266 1208 1323 1242 es
1367 1198 1421 1243 et
1467 1194 1739 1257 suspicaris
1785 1209 1915 1260 quae
1959 1207 2058 1244 non

505 1269 730 1334 oportet!

369 1348 535 1415 Clyt.
605 1347 756 1399 Mitte
788 1350 941 1414 haec,
992 1355 1044 1400 et
1075 1366 1250 1401 rursus
1283 1351 1406 1402 illud
1441 1353 1691 1419 primum,
1739 1353 1874 1418 quod
1907 1367 2059 1418 quae-

499 1429 608 1492 sivi,
643 1431 911 1495 responde.

367 1510 574 1575 Agam.
627 1509 977 1560 convenientia
1002 1516 1054 1561 te
1087 1511 1398 1576 interrogare
1422 1516 1639 1576 oportet,
1666 1511 1711 1562 si
1734 1512 1807 1561 vis
1831 1527 1915 1561 me
1939 1526 2057 1562 cou-

500 1589 748 1640 venientia
786 1592 1110 1656 respondere.

366 1670 533 1736 clyt.
602 1672 670 1722 At
702 1670 830 1720 haec
863 1672 992 1737 ipsa,
1027 1687 1153 1736 quae
1186 1685 1390 1735 quaero,
1424 1669 1770 1721 convenientia
1800 1675 1943 1733 sunt,
1975 1674 2057 1721 tu—

498 1766 596 1816 que
631 1766 751 1800 cave
783 1751 943 1801 aliena
984 1752 1308 1816 respondeas

364 1830 578 1897 Agam.
647 1831 691 1881 Ο
727 1848 810 1882 me
842 1831 1124 1881 infelicem!
1173 1848 1204 1881 o
1238 1848 1437 1899 gravem
1470 1848 1633 1882 meam
1665 1829 2023 1880 calamitatem!

366 1910 538 1978 Clyt.
603 1913 673 1962 Et
721 1928 885 1962 meam
921 1912 1071 1962 simul
1119 1915 1173 1963 et
1203 1911 1383 1962 huius!
1433 1928 1464 1962 o
1498 1928 1589 1963 nos
1623 1927 1796 1963 omnes
1829 1926 1926 1962 uua
1959 1910 2056 1961 mi-

501 1993 765 2042 serrimos!

363 2073 569 2137 Agam.
635 2071 790 2122 Perii!
826 2073 1023 2139 prodita
1058 2077 1175 2123 sunt
1209 2077 1406 2123 secreta
1439 2071 1574 2122 mea!
1615 2069 1621 2077 '

364 2151 646 2202 Confitetur
679 2154 830 2217 igitur
865 2169 991 2218 quae
1037 2154 1138 2203 iam
1182 2153 1384 2202 infitiari
1424 2153 1615 2217 nequit.
1686 2150 1818 2201 Tum
1853 2149 2056 2216 Clytae-

363 2237 585 2282 mnestra
617 2233 768 2282 verba
801 2232 924 2282 facit
957 2234 1046 2291 sic,
1077 2237 1134 2283 ut
1157 2234 1345 2297 optimo
1368 2233 1475 2280 iure
1499 2234 1938 2323 Agamemnonem,
1971 2246 2054 2279 re-

363 2311 547 2362 ducem
580 2310 762 2372 Troia,
811 2312 873 2360 ab
919 2327 1076 2361 uxore
1120 2318 1173 2360 et
1224 2311 1396 2360 liberis
1443 2310 1760 2359 interfectum
1795 2309 1860 2359 iri
1893 2325 2056 2374 neque

362 2398 577 2441 mortem
618 2391 907 2457 Iphigeniae
964 2391 1175 2441 inultam
1225 2390 1339 2439 fore
1400 2389 1752 2454 intelligamus.
1834 2388 2057 2439 Multum

364 2472 499 2521 enim
531 2471 683 2521 huius
720 2471 1151 2536 Clytaemnestrae
1183 2486 1352 2520 mores
1387 2470 1448 2519 ab
1483 2470 1561 2529 iis,
1598 2469 1799 2533 quaein
1821 2468 2057 2518 Electrae

362 2551 534 2601 fabula
567 2551 891 2615 effinguntur,
925 2552 1228 2616 discrepant.
1296 2550 1483 2600 Omnes
1522 2550 1654 2598 enim
1689 2564 1921 2599 numeros
1954 2564 2057 2614 pu-

365 2631 529 2692 doris,
590 2632 854 2696 probitatis
907 2632 1211 2696 pietatisque
1254 2631 1468 2692 obtinet,
1526 2629 1832 2694 gravissimis
1864 2627 2055 2679 iniuriis

362 2710 596 2761 lacessita
630 2713 691 2760 ad
726 2712 826 2760 vim
851 2712 899 2760 vi
924 2711 1260 2761 ulciscendam
1286 2715 1468 2759 coacta.
1526 2709 1778 2772 Principio
1799 2708 1947 2774 ⁸enim
1968 2708 2056 2758 iue

363 2791 566 2841 invitam
600 2791 744 2841 duxit
776 2792 943 2853 priore
965 2793 1071 2841 eius
1097 2792 1274 2840 marito
1295 2790 1564 2840 interfecto
1589 2793 1643 2839 et
1666 2788 1855 2839 infante
1875 2801 2054 2837 recens

363 2875 481 2920 nato
521 2887 614 2935 per
647 2872 748 2921 vim
783 2874 1033 2922 abstracto
1047 2871 1129 2934 '‘):
1175 2875 1292 2936 post
1324 2887 1452 2935 quae
1483 2871 1578 2919 etsi
1609 2870 1661 2919 in
1695 2868 1907 2934 gratiam
1939 2882 2055 2916 cum

362 2966 426 3001 eo
458 2952 611 3001 rediit
642 2967 794 3012 uxor,
827 2952 1031 3002 infantis
1063 2951 1293 3001 nimirum
1328 2951 1578 2999 desiderio
1611 2949 1853 3014 impulsa,
1887 2951 2055 2996 tamen

361 3029 510 3080 facile
543 3032 835 3096 intelligitur
866 3047 965 3082 non
997 3033 1222 3097 potuisse
1264 3032 1481 3080 animum
1525 3029 1744 3078 mulieris
1785 3027 1848 3076 ad
1883 3040 2050 3076 aman-

362 3108 483 3159 dum
518 3127 650 3174 eum,
684 3113 767 3176 qui
798 3113 1005 3161 maritus
1040 3127 1103 3161 ex
1135 3111 1283 3160 hoste
1314 3110 1482 3159 factus
1506 3113 1632 3170 erat,
1668 3100 1855 3157 induci.
1904 3103 2051 3155 Nunc

361 3205 536 3240 rursus
581 3192 715 3241 idem
747 3194 1118 3258 recuperandae
1151 3191 1400 3256 pessimae
1433 3187 1658 3238 mulieris
1690 3202 1867 3237 caussa
1897 3184 2050 3233 filiam

362 3269 549 3321 Dianae
581 3271 922 3323 immolaturus
956 3278 1037 3323 est
1078 3271 1211 3322 nulla
1255 3271 1410 3336 ipsius
1454 3268 1634 3320 iniuria
1675 3268 1840 3318 laesae
1884 3279 2049 3329 neque

419 3438 469 3493 *)
500 3438 668 3497 ἔγημας
697 3435 906 3486 ἄκουσάν
933 3456 989 3499 με
1017 3436 1310 3498 κᾶμβαλες
1337 3438 1435 3497 βίᾳ.
