2170 3866
972 269 1094 331 521

183 424 514 495 dispositione
557 422 707 475 simul
755 426 809 473 et
851 420 1015 473 studia
1056 420 1274 470 virorum
1313 418 1511 468 diversa
1543 414 1797 482 significet
1830 418 1883 465 et

181 507 480 558 illustriores
517 521 688 556 eorum
720 503 1009 570 distinguat.
1075 498 1226 561 Tum,
1260 499 1389 561 etsi,
1421 503 1479 549 ut
1510 497 1756 564 paroduS,
1790 497 1884 548 do-

185 588 347 639 cendo
380 587 545 653 aptius
581 601 728 651 quam
764 583 1120 634 commovendo
1146 584 1241 639 est,
1275 585 1444 630 tamen
1467 579 1619 629 etiam
1645 579 1882 645 insurgit,

186 684 286 734 quo
319 669 430 718 loco
465 667 710 717 Achillem
748 681 861 715 cum
906 662 1160 729 quadrigis
1205 676 1355 711 cursu
1402 664 1677 709 certantem
1719 660 1883 710 imita-

186 755 283 799 tur.
367 748 596 811 Quorum
653 747 873 796 omnium
933 742 1182 793 contraria
1233 742 1404 790 insunt
1459 741 1651 789 navium
1712 741 1884 804 indici,

189 844 339 895 quem
372 827 699 892 interpolator
733 824 1064 885 elucubravit3
1110 823 1312 884 omitte,
1349 820 1483 886 quod
1517 820 1759 871 facultate
1793 838 1886 871 nu-

188 909 535 959 merandarum
590 907 787 956 navium
848 905 1281 968 notandorumque
1332 901 1514 952 ducum
1573 902 1886 966 singulorum

187 989 433 1052 feminae,
482 1003 610 1052 quae
642 987 933 1053 praesertim
970 986 1072 1035 cito
1106 984 1377 1034 transirent
1411 987 1463 1033 et
1499 982 1694 1049 pudore
1725 983 1887 1047 impe-

189 1070 434 1128 direntur,
469 1069 619 1134 plane
653 1070 934 1117 caruerunt.

325 1150 522 1213 Quanta
553 1148 818 1197 formidine
853 1163 912 1197 ac
944 1145 1247 1213 poenitentia
1278 1145 1621 1211 Agamemnon
1668 1141 1892 1192 afficitur

191 1231 622 1298 appropinquante
668 1228 776 1290 die,
830 1243 927 1292 quo
974 1227 1078 1276 filia
1127 1226 1179 1275 in
1235 1231 1400 1274 castra
1446 1228 1746 1288 perventura
1792 1229 1890 1286 est,

192 1317 330 1362 tanto
380 1326 494 1361 cum
539 1308 790 1358 desiderio
835 1306 1097 1356 Menelaus
1143 1305 1367 1354 eiusdem
1418 1299 1711 1367 adventum,
1746 1305 1892 1371 quasi

191 1392 375 1457 pignus
408 1388 724 1453 recipiendae
756 1387 924 1437 uxoris
945 1421 960 1445 ‚
1014 1389 1291 1451 exspectat.
1372 1383 1547 1448 Itaque
1595 1401 1748 1450 quum
1792 1401 1892 1436 uno

191 1477 419 1537 tempore
479 1474 532 1518 et
578 1467 665 1516 ille
707 1467 947 1516 famulum
991 1466 1137 1516 uxori
1183 1465 1418 1530 filiaeque
1474 1466 1669 1516 obviam
1720 1466 1894 1517 mitte-

191 1556 275 1602 ret
320 1564 586 1600 eversurus
631 1564 759 1613 quae
801 1547 1037 1609 instituit,
1088 1552 1143 1596 et
1186 1546 1269 1596 hic
1303 1547 1498 1596 obviam
1544 1547 1894 1611 proficiscere-

193 1638 279 1682 tur
324 1630 388 1680 ad
430 1628 777 1679 deducendam
822 1628 1103 1689 victimam,
1152 1626 1343 1676 factum
1379 1632 1488 1685 est,
1525 1632 1579 1676 ut
1611 1627 1830 1678 famulus
1865 1644 1896 1678 a

195 1710 427 1762 Menelao
459 1710 842 1774 interciperetur
868 1714 920 1758 et
942 1709 1129 1773 ereptis
1152 1709 1517 1774 resignatisque
1551 1708 1731 1758 litteris
1756 1708 1894 1758 fraus

199 1797 607 1857 cognosceretur.
676 1788 809 1838 Sene
855 1789 1118 1854 epistolam
1165 1789 1392 1837 manibus
1426 1789 1559 1855 regis
1591 1804 1768 1838 rursus
1804 1804 1898 1839 ex-

196 1877 435 1937 torquere
471 1875 696 1931 conante,
730 1870 830 1919 hoc
862 1875 1031 1919 autem
1063 1869 1273 1918 verbera
1302 1868 1374 1917 illi
1399 1869 1697 1931 intentante,
1730 1871 1898 1920 rixan-

198 1958 276 2002 tes
325 1953 471 2001 ambo
513 1952 576 2000 ad
624 1950 931 2016 praet-orium
976 1955 1324 2010 revertuntur,
1377 1965 1439 1998 ex
1487 1966 1584 2014 quo
1631 1956 1897 2017 postquam

200 2033 392 2098 prodiit
438 2033 806 2097 Agamemnon,
857 2031 1156 2080 clamoribus
1192 2029 1364 2079 famuli
1398 2031 1671 2090 excitatus,
1718 2031 1899 2082 Mene-

201 2112 308 2163 laus
343 2114 396 2163 in
430 2129 573 2173 eum,
608 2112 751 2176 quasi
784 2111 1038 2160 hominem
1071 2110 1470 2173 fraudulentum,
1509 2112 1696 2161 varium
1730 2112 1900 2162 mobi-

199 2193 419 2258 lemque,
453 2209 632 2259 magna
666 2208 780 2241 cum
816 2191 1118 2242 confidentia
1152 2191 1423 2252 invehitur,
1468 2191 1778 2257 invicemque
1810 2192 1899 2244 ille

199 2274 532 2338 arrogantiam
566 2272 736 2322 fratris
769 2273 954 2321 acriter
989 2271 1254 2323 convincit.
1324 2270 1466 2321 Haec
1502 2273 1754 2323 contentio
1788 2289 1898 2323 mo-

199 2369 310 2404 rum
359 2354 784 2420 depingendorum
821 2353 1031 2418 praebet
1065 2352 1397 2404 occasionem.
1466 2352 1534 2403 Et
1566 2354 1900 2420 Agamemno-

200 2433 282 2483 nis
327 2435 530 2497 quidem
574 2449 788 2497 persona
837 2435 980 2498 quasi
1024 2432 1220 2498 effigies
1267 2438 1322 2482 et
1368 2433 1624 2499 exemplar
1659 2450 1899 2499 expressa

203 2517 283 2562 est
329 2514 716 2579 demagogorum
770 2514 953 2563 misera
1011 2514 1216 2563 honoris
1267 2514 1500 2579 cupidine
1548 2513 1898 2576 laborantium,

203 2608 262 2642 ac
318 2592 444 2641 nihil
503 2608 600 2642 non
646 2593 936 2643 facientium
983 2594 1409 2662 patientiumque,
1456 2595 1575 2645 dum
1624 2596 1899 2660 potentiam

204 2678 586 2737 consequantur.
654 2674 825 2739 ltaque
858 2674 964 2734 ille,
1006 2690 1104 2739 quo
1139 2681 1367 2742 tempore
1401 2692 1604 2741 operam
1641 2676 1811 2739 dedit,
1844 2681 1900 2727 ut

204 2753 467 2819 imperium
514 2754 733 2820 bellique
778 2755 1258 2806 administrationem
1294 2758 1681 2822 adipisceretur,
1729 2773 1900 2822 quam-

204 2833 280 2882 vis
314 2833 650 2884 dissimularet
684 2836 981 2899 cupidinem,
1019 2837 1175 2886 comis
1197 2838 1499 2902 humilisque
1523 2838 1743 2887 omnium
1777 2839 1900 2888 dex-

204 2919 309 2963 tras
342 2915 641 2979 prensabat,
674 2916 835 2965 aditus
871 2917 1073 2966 diurnos
1109 2924 1476 2983 nocturnosque
1510 2919 1718 2968 cuilibet
1752 2935 1901 2983 prae-

205 2994 355 3044 bebat
396 2995 711 3058 popularium
747 3001 798 3044 et
831 3012 1153 3062 quoscunque
1187 3000 1542 3058 conveniebat,
1578 3000 1773 3049 etiamsi
1806 2999 1903 3047 mi-

206 3090 301 3125 nus
337 3074 696 3135 desiderarent,
732 3075 913 3126 blande
948 3078 1294 3143 compellabat,
1330 3080 1553 3129 moribus
1587 3080 1730 3144 quasi
1763 3095 1899 3129 mer-

206 3156 309 3206 cari
357 3156 566 3205 studens
611 3157 853 3205 honorem
895 3158 945 3206 in
987 3159 1154 3207 medio
1199 3161 1436 3224 positum.
1506 3161 1646 3210 Idem
1690 3165 1902 3225 accepto

206 3236 440 3301 imperio,
476 3242 688 3301 repente
722 3242 954 3299 mutatus,
988 3240 1182 3303 priores
1217 3241 1405 3290 amicos
1440 3242 1737 3304 negligebat,
1768 3238 1903 3287 diffi-

209 3317 317 3365 cilis
366 3317 502 3365 aditu
553 3322 603 3365 et
646 3317 694 3366 in
729 3317 935 3368 aedibus
971 3319 1189 3369 clausuS.
1257 3321 1335 3370 Ex
1367 3322 1463 3371 hoc
1496 3321 1704 3370 fastidio
1739 3319 1903 3368 subito

207 3402 468 3447 contracto
514 3413 571 3446 ac
608 3397 831 3446 demisso
866 3414 979 3448 esse
1012 3401 1177 3449 animo
1213 3402 1406 3466 coepit,
1453 3401 1751 3465 simulatque
1785 3414 1901 3448 cum

210 3475 416 3529 adversa
450 3476 654 3528 fortuna
688 3478 999 3530 conflictatus
1034 3486 1136 3531 est:
1184 3497 1296 3533 nam
1331 3498 1483 3547 quum
1516 3479 1750 3533 Aulidem
1782 3493 1899 3544 pro-
