2170 3866
1153 271 1278 329 482

359 416 643 469 Palamedis
675 416 864 479 frater,
918 419 1159 469 societate
1191 419 1314 468 inita
1347 434 1459 468 cum
1493 418 1723 484 Aegisthi
1771 427 1826 472 et
1860 419 2062 486 Clytae-

358 503 611 549 mnestrae
636 499 825 556 amicis,
854 497 1075 548 factione
1097 499 1455 564 rempublicam
1483 515 1776 565 oppressam
1801 505 1945 551 tenet
1975 513 2063 551 ne·-

361 587 459 642 que
493 579 840 628 tantummodo
873 595 1027 643 regno
1062 580 1296 628 Orestem
1334 580 1569 644 spoliare,
1607 582 1697 629 sed
1731 581 1881 630 etiam
1907 581 2064 631 inter-

360 660 517 707 ficere
546 659 846 722 lapidatione
872 660 1043 708 studet
1068 666 1120 708 et
1143 660 1433 708 intercludit
1455 660 1626 725 fugam
1651 662 1853 710 armatis
1880 662 2066 710 circum

362 740 555 788 moenia
592 739 785 803 positiS.
854 739 947 788 His
985 741 1134 803 igitur
1167 740 1380 788 inimicis
1418 739 1677 789 Menelaus
1712 757 1771 790 se
1806 756 1920 790 cum
1956 740 2067 806 opi-

362 822 455 869 bus
501 820 606 867 suis
642 825 873 882 quartum
925 820 1197 884 adiungens
1246 821 1355 869 sine
1404 821 1553 868 dubio
1606 836 1942 886 oppressurus
1988 823 2068 869 est

365 899 618 948 Orestem.

496 979 608 1026 Hoc
644 977 867 1026 diverbio
917 979 1036 1027 nihil
1088 985 1259 1044 potest
1309 979 1597 1028 concinnius
1647 980 1871 1031 inveniri.
1941 978 2068 1028 Tam

367 1064 486 1124 apte
522 1059 651 1106 enim
686 1059 837 1106 verba
871 1060 1033 1107 omnia
1070 1060 1324 1122 quadrant,
1362 1067 1463 1107 tam
1500 1066 1828 1122 congruenter
1858 1067 1960 1110 tum
1992 1059 2067 1108 in-

366 1143 623 1202 terrogata
658 1144 762 1186 tum
799 1155 1041 1203 responsa
1078 1140 1271 1204 singula
1308 1140 1508 1199 cadunt,
1544 1145 1642 1188 tam
1667 1156 1781 1188 vera
1803 1141 1937 1189 inest
1962 1155 2069 1188 mo-

368 1236 481 1269 rum
519 1219 733 1266 imitatio
769 1225 972 1282 tamque
1021 1228 1192 1284 aperta
1229 1219 1500 1267 voluntatis
1554 1225 1719 1267 tectae
1755 1219 2069 1283 significatio,

366 1304 422 1349 ut
456 1304 649 1355 natura,
685 1314 782 1346 non
818 1306 939 1360 arte,
977 1301 1142 1347 omnia
1177 1298 1358 1348 effecta
1394 1314 1507 1346 esse
1542 1299 1818 1347 videantur.

499 1378 597 1428 Vix
632 1385 796 1426 autem
834 1379 911 1426 his
948 1379 1209 1442 explicatis
1248 1378 1455 1427 Orestes
1490 1378 1643 1426 miser
1687 1379 1749 1427 ad
1786 1395 1947 1442 genua
1979 1393 2069 1444 pa-

368 1460 468 1509 trui
502 1457 656 1507 infidi,
678 1459 1012 1521 procumbens
1048 1459 1222 1518 oravit,
1257 1464 1311 1507 ut
1345 1473 1407 1506 ex
1443 1473 1534 1506 sua
1559 1458 1855 1507 abundantia
1881 1459 2068 1522 aliquid

369 1539 569 1588 afflictis
606 1537 857 1586 commodi
893 1539 1149 1602 impertiat
1197 1543 1246 1586 et
1294 1544 1614 1602 paternorum
1651 1554 1842 1587 memor
1877 1539 2072 1587 benefi-

369 1620 562 1669 ciorum
598 1633 769 1665 verum
807 1634 863 1666 se
898 1618 1111 1666 amicum
1148 1618 1319 1665 liberis
1357 1617 1772 1681 Agamemnonis,
1823 1618 1906 1682 qui
1953 1633 2071 1683 pro-

369 1705 484 1766 pter
530 1698 614 1746 illa
658 1698 768 1760 ipsa
803 1698 1048 1746 beneficia
1082 1699 1314 1761 perierit,
1368 1702 1623 1760 praestet,
1671 1714 1782 1746 cum
1819 1697 2075 1761 Tyndarei

369 1780 444 1828 avi
479 1778 698 1827 adventu
733 1777 1097 1842 interpellatur.
1169 1778 1363 1843 lusigne
1397 1777 1596 1840 pietatis
1631 1783 1682 1826 et
1715 1778 1919 1842 pudoris
1947 1776 2075 1826 Ore-

372 1860 463 1910 stis
500 1858 697 1922 signnm
735 1864 838 1918 est,
885 1858 1016 1922 quod
1053 1859 1294 1922 adspectu
1330 1858 1491 1919 seniS‚
1527 1873 1554 1905 a
1590 1874 1687 1921 quo
1723 1875 1779 1908 se
1813 1857 2076 1923 parvulum

369 1939 553 1990 blande
587 1938 830 2004 appellari
862 1937 1123 2002 foverique
1158 1938 1408 1997 meminit,
1445 1939 1768 2002 perturbatur
1817 1944 1871 1988 et
1904 1937 2076 2001 caligi-

371 2037 484 2071 nem
522 2019 616 2067 sibi
651 2018 842 2066 offundi
878 2019 1031 2082 cupit,
1066 2035 1129 2067 ne
1165 2020 1271 2068 eius
1307 2018 1466 2066 oculis
1494 2019 1845 2082 conspiciatur.
1915 2018 1960 2067 A
1994 2022 2076 2066 tu-‘

371 2100 508 2149 mulo
555 2100 690 2147 filiae
730 2099 931 2147 rediens
973 2097 1270 2162 Tyndareus
1319 2096 1349 2148 ὁ
1383 2095 1478 2157 τὰς
1513 2096 1731 2162 ἀρίστας
1773 2094 2078 2164 θυγατέρας

374 2177 608 2243 σπείρων
659 2175 834 2242 πατὴρ
883 2185 934 2226 et
980 2179 1247 2227 salutatum
1296 2178 1581 2228 Menelaum
1648 2180 1849 2228 veniens
1895 2179 2076 2228 merito

374 2260 546 2309 odium
607 2264 658 2307 et
722 2258 1079 2306 aversationem
1137 2265 1410 2320 conspecto
1454 2259 1715 2307 matricida
1777 2255 2076 2319 testatur*)‚

374 2346 426 2390 et
460 2340 718 2403 indignum
767 2354 881 2386 eum
927 2336 1051 2385 dicit
1085 2336 1298 2400 alloquio
1336 2336 1554 2385 Menelai
1589 2353 1731 2385 esse:
1777 2353 1876 2401 quo
1909 2337 2076 2402 pieta-

374 2426 479 2469 tem
527 2419 794 2468 simulante
849 2417 1118 2480 officioque
1173 2432 1228 2464 se
1287 2418 1446 2465 teneri
1503 2417 1786 2466 affirmante
1839 2421 1892 2465 et
1950 2416 2077 2465 iram

379 2501 514 2549 senis
549 2498 970 2564 reprehendente,
1007 2496 1088 2544 hic
1113 2497 1175 2544 ad
1211 2497 1541 2545 accusandum
1578 2497 1813 2546 Orestem
1843 2497 2076 2560 insurgit.

379 2581 625 2630 Debuisse
669 2579 737 2627 ait
773 2577 1005 2626 Orestem
1056 2577 1320 2624 interfecto
1369 2577 1740 2640 Agamemnone
1775 2575 1932 2640 (quod
1965 2575 2077 2625 foe·

378 2662 496 2710 dum
534 2675 647 2708 esse
683 2659 875 2706 facinus
912 2649 1200 2718 confitetur)
1254 2656 1527 2719 legitimum
1565 2659 1875 2706 constituere
1911 2656 2078 2705 caedis

379 2741 616 2789 iudicium
655 2755 794 2787 more
822 2738 1032 2787 Graecis
1068 2738 1335 2798 communi,
1373 2741 1424 2783 et
1457 2738 1563 2784 iure
1597 2738 1833 2802 persequi
1865 2742 2077 2785 matrem

379 2822 527 2869 domo
575 2821 816 2878 eiectam,
871 2834 968 2867 non
1015 2818 1066 2866 in
1114 2817 1247 2864 idem
1293 2817 1478 2864 crimen
1530 2817 1803 2866 incurrere.
1871 2816 1997 2866 Nam
2033 2816 2078 2863 si

378 2904 623 2965 perpetua
671 2900 800 2946 serie
836 2898 1014 2946 caedes
1051 2896 1253 2945 caedem
1291 2902 1607 2961 procrearet,
1664 2913 1925 2962 quemnam
1965 2895 2079 2944 fore

378 2980 629 3028 scelerum
668 2979 862 3026 finem?
911 2977 1175 3042 Sapienter
1221 2976 1375 3041 igitur
1422 2994 1450 3024 a
1494 2978 1760 3026 maioribus
1794 2978 2078 3026 institutum

378 3074 512 3117 esse,
550 3064 605 3106 ut
640 3058 726 3121 qui
760 3058 918 3106 caede
949 3058 1126 3122 polluti
1160 3063 1328 3105 essent
1363 3064 1684 3122 conspectum
1715 3057 1972 3106 hominum
2005 3054 2078 3101 vi-

377 3144 540 3188 tarent
585 3142 638 3186 et
684 3138 803 3202 fuga
849 3154 906 3186 se
962 3137 1139 3186 ultioni
1187 3138 1565 3196 subtraherent,
1611 3152 1674 3185 ne
1710 3136 1892 3185 caedes
1925 3133 2081 3182 caede

434 3325 483 3380 ²³⁴)
515 3325 669 3368 Schol.
701 3340 744 3368 v.
775 3324 885 3368 464:
936 3322 1307 3382 εὐοικονομήτως
1346 3325 1532 3382 ἐποίησε
1561 3322 1643 3368 τὸν
1674 3322 1955 3380 Τυνδάρεων
1983 3318 2077 3365 nimi

514 3396 598 3450 τῆς
625 3394 804 3454 πάτρης
835 3393 915 3440 διοέ
949 3394 1033 3447 τὰς
1063 3394 1176 3453 χοὰς
1204 3398 1287 3452 τῆς
1315 3394 1552 3454 θυγατρὸς
1582 3394 1871 3451 ἐληλυθέναι,
1900 3394 1978 3438 ἵνα
1998 3391 2078 3437 εὖ·

511 3466 682 3523 καίρως
714 3468 780 3526 τῷ
810 3465 1037 3525 Μενελάῳ
1067 3468 1145 3512 καὶ
1182 3469 1248 3526 τῷ
1279 3465 1469 3527 Ὀρέστῃ
1503 3467 1746 3523 διαλεχθῇ.
