2170 3866
1130 270 1255 328 446

371 411 777 463 matis·efficeret
807 428 967 477 neque
999 417 1241 465 exercitus
1274 418 1656 481 oppugnantium
1694 419 1805 485 ipse
1836 419 2036 470 theatro

370 491 561 542 ostendi
595 496 780 556 posset,
814 500 951 542 certe
982 495 1117 542 illum
1155 496 1366 546 describi
1402 498 1499 558 sic,
1546 504 1601 546 ut
1633 499 1693 547 ad
1729 506 2035 564 spectatores

370 573 520 621 timor
541 580 593 620 et
615 572 851 633 anxietas,
888 590 982 637 qua
1005 576 1194 623 obsessi
1221 584 1524 635 vexarentur,
1563 585 1859 638 penetraret.
1910 580 2034 630 Per-

367 658 514 715 petua
547 651 806 700 mulierum
843 654 1168 716 trepidatione
1205 657 1479 720 Aeschylus
1518 657 1612 705 hoc
1648 658 1854 707 efficere
1888 674 2032 714 cona-

367 736 445 779 tus
480 737 571 790 est,
607 732 865 795 strepitum
911 749 1186 794 armorum,
1235 751 1378 797 quem
1429 744 1579 785 nemo·
1623 739 1931 802 perciperet,
1979 754 2033 787 se

367 810 535 857 audire
568 813 862 859 testantium.
931 813 1194 877 Euripides
1230 822 1422 874 contra,
1468 818 1644 864 melius
1680 817 1797 880 quid
1831 818 2032 865 deceret

365 890 580 937 sentiens
615 906 773 953 neque
804 891 912 940 fere
942 894 1213 956 quicquam,
1248 897 1376 956 quod
1406 912 1514 943 cum
1544 898 1749 945 veritate
1775 901 2030 959 pugnaret,

362 969 410 1017 in
445 979 710 1033 conspectu
757 987 971 1034 ponenS,
1018 974 1380 1036 τειχοσκοπίαν
1413 976 1631 1023 imitatus
1668 983 1773 1032 est,
1826 975 2031 1023 Homeri

362 1049 558 1111 quidem
595 1050 818 1111 exemplo
854 1051 1164 1113 delineatam,
1200 1055 1285 1102 sed
1324 1055 1477 1102 multo
1499 1056 1844 1119 vegetioribus,
1881 1070 2031 1118 quam

301 1135 303 1137 ’
362 1134 438 1175 est
481 1130 609 1191 apud
659 1129 825 1188 illum,
884 1131 1130 1179 coloribus
1178 1134 1471 1181 illustratam
1519 1135 1768 1196 multoque
1814 1134 1874 1180 ad
1922 1148 2028 1180 mo-

358 1208 570 1256 vendum
604 1209 857 1271 aptiorem.
925 1210 1033 1257 Non
1070 1213 1195 1259 enim
1233 1214 1540 1276 quiescentes
1573 1214 1724 1262 duces
1761 1213 1820 1260 ab
1855 1213 2028 1261 otiosis

358 1294 673 1353 spectantur,
734 1289 820 1335 sed
870 1293 1279 1353 oppugnationem
1329 1293 1655 1339 cummaxime
1700 1299 1929 1356 parantes
1976 1297 2029 1341 et

356 1384 470 1417 suas
506 1368 711 1432 quisque
745 1368 976 1416 cohortes
1010 1370 1058 1416 in
1092 1371 1244 1418 aciem
1293 1370 1560 1418 educentes
1608 1374 1666 1420 ab
1701 1371 1791 1428 iis,
1838 1373 1921 1434 qui
1962 1373 2027 1420 de

356 1448 515 1497 salute
575 1463 662 1495 sua
718 1447 939 1498 timeant.
1024 1448 1413 1510 Magnificentius
1470 1450 1619 1510 igitur
1665 1450 1745 1497 hic
1790 1450 2024 1515 prologus

354 1544 497 1591 quam
536 1527 880 1592 plerarumque
915 1529 1275 1589 tragoediarum
1311 1535 1617 1590 comparatus
1653 1537 1756 1587 est,
1809 1545 1900 1578 nec
1934 1545 2024 1592 po-

351 1608 448 1656 tuit
480 1606 773 1655 vestibulum
810 1606 908 1653 ullo
945 1608 1090 1656 modo
1122 1609 1182 1656 ad
1218 1607 1579 1671 praeparandos
1613 1609 2025 1671 occupandusque

352 1688 538 1736 animos
587 1703 787 1746 eorum,
831 1686 914 1748 qui
959 1688 1167 1746 intrant,
1212 1688 1373 1752 aptius
1418 1686 1774 1750 honestiusque
1821 1687 2022 1736 institui.

349 1767 548 1817 Timida
581 1767 759 1831 puella,
797 1782 906 1814 cum
945 1783 1061 1815 sene
1098 1767 1222 1815 ultra
1258 1774 1470 1814 aetatem
1507 1767 1766 1814 militarem
1787 1773 2022 1830 provecto

350 1846 652 1910 colloquens,
688 1863 781 1894 non
818 1862 943 1909 quae
978 1848 1203 1910 opinatur
1236 1846 1310 1893 vel
1345 1846 1495 1894 faudo
1531 1846 1735 1904 audivit,
1772 1847 1861 1894 sed
1897 1861 2023 1909 quae

349 1942 510 1975 coram
548 1930 742 1990 spectat
777 1927 837 1974 de
872 1927 1181 1975 multitudine
1215 1927 1488 1984 exercitus,
1525 1925 1587 1974 de
1623 1926 1800 1972 ducum
1836 1925 2021 1974 ferocia

346 2013 397 2056 et
430 2007 745 2066 fortitudine,
791 2007 853 2054 de
887 2022 1131 2054 armorum
1167 2007 1381 2054 novitate
1417 2022 1473 2053 ac
1507 2005 1769 2068 splendore
1803 2005 2018 2068 exponit.

346 2086 538 2148 Quanto
574 2086 669 2136 hoc
704 2087 1010 2134 commodius
1044 2094 1138 2146 est,
1175 2103 1317 2151 quam
1353 2088 1546 2134 turbam
1571 2084 1849 2145 mulierum,
1894 2100 2019 2148 quae

344 2181 588 2228 nunquam
625 2168 793 2214 hostes
829 2167 967 2228 ipsae
1000 2168 1388 2230 conspexissent,
1427 2165 1684 2229 perpetuis
1717 2164 2016 2213 clamoribus

344 2261 491 2294 aures
507 2246 809 2293 obtundere!
847 2246 972 2293 Esse
993 2253 1154 2294 autem
1183 2242 1602 2306 ἰεῐαε-θρὲμματα
1625 2242 1725 2292 οὐκ
1757 2240 2015 2306 ἀνασχετὰ

342 2325 619 2389 Aeschylus
653 2325 762 2388 ipse
797 2330 1003 2372 testatus
1037 2329 1127 2373 est.
1198 2323 1458 2370 Praeterea
1486 2322 1754 2385 prudenter
1784 2337 1902 2370 usus
1937 2327 2015 2371 est

341 2410 511 2454 noster
544 2405 911 2468 opportunitate
946 2404 1252 2467 Antigonam,
1288 2403 1571 2467 priusquam
1597 2401 1852 2450 induceret
1874 2417 2011 2451 moe-

339 2499 455 2533 rore
501 2483 832 2544 immutatam,
884 2483 1173 2531 ostendendi
1221 2498 1280 2530 eo
1324 2482 1470 2528 animi
1517 2482 1686 2529 habitu
1723 2480 2012 2544 praeditam,

341 2563 425 2628 qui
457 2563 695 2627 pudorem
733 2579 791 2612 ac
823 2567 1127 2610 venustatem
1162 2578 1258 2611 nou
1293 2568 1559 2609 excuteret.
1629 2560 1785 2622 Quam
1811 2560 2011 2625 egregie

339 2644 507 2708 paucis
553 2644 716 2691 verbis
763 2643 1044 2692 adumbrata
1081 2647 1159 2690 est
1192 2642 1430 2689 timiditas
1467 2640 1659 2704 puellae
1694 2655 1723 2687 e
1755 2654 2007 2702 gynaeceo

338 2723 400 2771 ad
447 2724 745 2786 spectandos
786 2722 961 2787 procul
1018 2721 1146 2769 viros
1201 2726 1410 2768 armatos
1465 2719 1780 2784 progressae!
1850 2718 2007 2780 Quam

337 2802 522 2851 decore
573 2810 909 2851 commovetur
966 2802 1132 2849 subito
1187 2799 1490 2864 conspiciens
1539 2815 1764 2863 campum
1809 2798 2007 2846 armatis

334 2882 578 2945 repletum
613 2883 849 2945 ferroque
882 2882 1147 2943 fulgentem
1180 2895 1238 2927 ac
1271 2887 1496 2939 veretur,
1542 2894 1602 2926 ne
1638 2883 1889 2942 portarum
1923 2892 2004 2925 re-
2084 2876 2090 2880 ’

333 2961 509 3023 pagula
555 2968 736 3010 tantam
796 2962 1012 3010 hostium
1057 2960 1151 3008 vim
1208 2974 1302 3007 non
1352 2958 1621 3006 retineant!
1693 2956 1847 3017 Quam
1893 2961 2006 3020 apte

335 3041 616 3089 sciscitatur
651 3057 800 3101 nova,
837 3042 1106 3090 admiratur
1139 3039 1606 3095 habitumvirorum
1650 3041 1699 3082 et
1734 3035 1864 3083 vario
1899 3050 2003 3083 mo·

333 3119 398 3167 do
435 3135 602 3168 eorum
639 3121 806 3185 specie
839 3121 1082 3169 afficitur!
1128 3119 1353 3167 Fratrem
1388 3133 1505 3166 vero
1542 3115 1695 3163 oculis
1730 3114 1813 3161 diu
1848 3129 1999 3176 quae-

333 3199 483 3247 situm
517 3215 787 3263 agnoscens
834 3201 966 3265 cupit
1011 3216 1067 3248 se
1112 3214 1222 3246 cum
1261 3199 1388 3246 nube
1423 3212 1511 3262 per
1546 3210 1713 3243 aerem
1746 3194 1896 3249 ferri,
1943 3197 1998 3240 ut

332 3279 458 3327 collo
493 3279 674 3328 exsulis
718 3281 887 3328 miseri
921 3279 1121 3328 brachia
1155 3278 1495 3326 circumiiciat.
1563 3274 1683 3323 Mox
1717 3272 1998 3335 Capaneum

330 3359 636 3424 prospiciens
671 3360 833 3410 aditus
870 3360 1155 3408 lustrantem
1190 3359 1344 3417 urbis,
1378 3360 1622 3420 precatur,
1657 3357 1713 3402 ut
1739 3351 1862 3399 lovis
1896 3350 1996 3398 fut-

331 3452 444 3487 men
467 3439 776 3489 insolentiam
800 3439 1016 3505 superbi,
1043 3439 1127 3503 qui
1147 3437 1435 3488 servitutem
1457 3433 1707 3484 Thebanis
1727 3431 1996 3491 minitetur,
