2170 3866
918 232 1040 291 461

134 379 451 442 terebantur,
502 378 743 430 cadavera
790 380 1118 431 cadaveribus
1147 378 1583 430 accumulabantur
1598 378 1668 445 *).
1734 378 1832 431 His

133 461 318 512 auditis
377 460 573 510 Iocaste
620 461 798 526 partim
843 461 1028 527 gaudet
1083 462 1288 510 victoria
1333 461 1510 526 partim
1561 460 1834 512 Creontem

133 542 237 592 filio
272 541 505 591 orbatum
542 542 821 604 miseratur,
859 543 935 590 sui
972 547 1139 591 autem
1174 542 1262 590 filii
1296 542 1415 606 quid
1450 540 1689 607 deinceps
1722 557 1834 591 mo-

134 621 314 672 liantur
348 638 654 685 cognoscere
688 623 840 687 cupit.
911 622 1084 671 Prodit
1118 623 1334 684 nuntius,
1373 622 1594 687 quamvis
1630 622 1834 687 invitus,

136 720 225 753 eos
261 704 323 752 ad
358 703 609 766 singulare
644 709 898 751 certamen
935 702 1145 767 accingi.
1214 702 1479 752 Eteoclem
1513 703 1663 763 enim,
1698 709 1835 753 stan-

137 791 242 834 tem
278 783 329 832 in
364 783 518 844 turri,
569 783 754 832 indicto
802 799 895 847 per
939 799 1238 847 praeconem
1276 783 1505 845 silentio,
1549 783 1836 848 professum

136 863 266 913 velle
300 880 383 925 se,
419 862 616 912 sublato
652 863 898 911 communi
933 863 1185 927 periculo,
1223 865 1386 912 solum
1422 880 1535 912 cum
1569 864 1726 913 fratre
1760 863 1836 913 di-

138 944 405 992 micantem
442 943 581 992 litem
617 943 868 1006 dirimere,
905 944 999 992 hac
1035 943 1164 1009 lege,
1201 949 1257 993 ut
1289 945 1445 993 victor
1480 945 1680 1008 quidem
1711 943 1837 993 reti-

136 1030 296 1081 neret,
333 1023 496 1073 victus
530 1030 696 1072 autem
718 1024 861 1073 fratri
887 1024 1108 1072 traderet
1135 1024 1427 1089 imperium:
1464 1024 1597 1088 quod
1628 1025 1838 1074 verbum

139 1109 192 1152 et
227 1102 476 1167 Polynicis
523 1120 731 1152 assensu
781 1111 833 1153 et
877 1105 1127 1154 exercitus
1175 1105 1414 1169 applausu
1456 1105 1839 1169 comprobatum

139 1200 271 1235 esse.
355 1183 525 1248 ltaque
574 1184 781 1234 foedere
827 1185 953 1246 icto,
1003 1187 1120 1234 dato
1157 1190 1210 1233 et
1257 1190 1465 1250 accepto
1498 1184 1839 1246 iureiurando,

138 1265 355 1324 fratreS,
392 1265 463 1312 nil
495 1269 690 1312 mutato
726 1265 895 1325 vultu,
932 1280 1142 1329 corpora
1178 1264 1374 1313 munire
1409 1265 1559 1312 armis
1593 1265 1841 1329 coepisse,

140 1344 453 1393 adstantibus
505 1344 704 1407 utrique
754 1345 923 1392 amicis
972 1350 1023 1393 et
1073 1360 1199 1393 voce
1243 1343 1651 1406 adhortantibus3
1701 1351 1840 1395 vates

137 1424 342 1474 interim
389 1424 562 1472 ovibus
614 1424 840 1472 mactatis
887 1439 948 1472 ex
983 1424 1180 1473 flamma
1214 1433 1364 1490 atque
1399 1424 1526 1474 extis
1561 1425 1726 1474 omina
1759 1441 1842 1476 ce-

138 1506 296 1572 pisse.
368 1504 467 1553 lam
504 1512 576 1563 tu,
610 1504 774 1568 inquit
807 1505 1034 1564 nuntius,
1085 1505 1127 1552 si
1163 1504 1284 1569 quid
1320 1505 1476 1554 habes
1513 1506 1724 1555 remedii
1756 1510 1843 1555 aut

141 1584 382 1634 orationis
418 1591 500 1634 aut
547 1586 926 1643 incantamenti‚
976 1585 1302 1650 proficiscere
1351 1591 1403 1634 et
1436 1587 1497 1635 ab
1533 1587 1693 1636 atroci
1725 1602 1842 1637 cer·

140 1665 331 1716 tamine
366 1666 551 1715 liberos
586 1666 809 1726 retrahe,
847 1681 909 1714 ne
943 1666 1153 1731 geminis
1189 1666 1305 1714 filiis
1339 1667 1493 1715 hodie
1527 1667 1736 1716 orberis.

275 1746 463 1795 Merito
519 1753 714 1795 veteres
761 1763 859 1795 non
903 1751 1092 1795 tantum
1151 1747 1519 1811 philosophiam
1567 1748 1840 1813 Euripidis,

142 1843 316 1877 verum
350 1827 501 1876 etiam
535 1827 858 1892 multiplicem
906 1845 1073 1877 rerum
1125 1834 1228 1876 tum
1265 1829 1573 1892 publicarum
1608 1834 1716 1879 tum
1750 1828 1844 1878 do-

142 1909 465 1959 mesticarum
499 1908 756 1956 scientiam
793 1924 904 1957 cum
939 1909 1120 1957 artium
1159 1925 1254 1957 usu
1293 1915 1343 1958 et
1371 1910 1445 1957 rei
1472 1910 1696 1959 militaris
1722 1926 1843 1975 pru-

144 1990 313 2039 dentia
348 1988 578 2037 admirati
613 1995 751 2037 sunt:
792 1989 1029 2053 quicquid
1066 1990 1197 2037 enim
1234 1990 1509 2054 attingebat
1545 1991 1844 2041 carminibus

145 2071 216 2119 sic
281 2069 556 2129 tractabat,
620 2074 677 2118 ut
738 2069 922 2118 docere
976 2070 1310 2134 peritissimos
1372 2086 1524 2135 posse
1572 2071 1842 2121 videretur.

142 2150 459 2200 Praedicavit
493 2151 620 2199 hanc
654 2151 840 2216 ingenii
877 2150 1166 2200 varietatem
1203 2157 1254 2199 et
1287 2151 1506 2199 omnium
1541 2167 1708 2199 rerum
1737 2167 1846 2200 ma-

143 2247 350 2296 gnarum
387 2236 541 2295 atque
575 2232 755 2279 artium
794 2231 1051 2279 scientiam
1075 2236 1249 2279 auctor
1284 2232 1673 2296 epigrammatis,
1710 2231 1846 2296 quod

142 2312 208 2365 Τ.
227 2312 264 2362 Ι.
286 2329 335 2376 p.
358 2312 470 2359 284.
495 2312 934 2374 transcripsimus;
973 2320 1427 2360 commemorarunt
1452 2312 1764 2377 grammatici
1793 2316 1846 2362 et

145 2395 276 2442 vitae
323 2391 625 2457 scriptores3
675 2391 973 2441 obtrectavit
1019 2392 1064 2439 ei
1112 2397 1162 2439 et
1196 2392 1454 2440 maledixit
1486 2392 1846 2456 Aristophanes

146 2473 275 2522 Ran.
309 2488 384 2522 vv.
419 2474 724 2524 971—991.
796 2471 1100 2534 Disciplinae
1135 2479 1299 2519 autem
1328 2472 1556 2521 militaris
1585 2473 1846 2521 scientiam

147 2551 416 2617 Euripides
450 2568 562 2600 cum
598 2554 825 2602 omnibus
870 2552 1195 2600 certaminum
1228 2552 1590 2601 imitationibus
1625 2558 1732 2602 tum
1764 2552 1847 2614 iis,

147 2650 277 2699 quae
312 2632 432 2681 huic
466 2632 634 2681 insunt
667 2634 903 2690 dramati,
949 2632 1121 2696 prodit
1155 2647 1309 2695 seque
1342 2632 1438 2681 hac
1470 2633 1518 2680 in
1555 2649 1612 2682 re
1642 2648 1739 2682 non
1771 2634 1847 2681 in-

147 2715 387 2764 feriorem
423 2712 645 2761 Homero
681 2713 955 2778 praestitit.
1025 2711 1126 2760 Sed
1161 2712 1312 2761 animi
1347 2714 1532 2762 virtute
1579 2718 1630 2762 et
1676 2713 1847 2763 consi-

148 2794 214 2844 lio
250 2793 427 2859 magia,
463 2808 610 2856 quam
645 2793 692 2840 vi
728 2794 982 2859 corporis,
1018 2809 1124 2841 rem
1161 2792 1425 2842 militarem
1460 2793 1737 2859 procedere
1770 2793 1848 2844 in-

147 2875 408 2938 telligens,
454 2873 805 2936 imperatorem
839 2875 962 2923 fecit
996 2873 1250 2938 praesenti
1286 2874 1446 2922 animo
1482 2873 1623 2923 ducis
1659 2874 1847 2924 officiis

148 2961 354 3005 strenue
405 2953 729 3017 fungentem,
782 2970 877 3003 non
924 2956 1006 3003 uni
1045 2959 1296 3018 portarum
1345 2954 1627 3018 appositum
1673 2970 1847 3006 manus

146 3035 440 3086 fortitudine
476 3049 587 3081 cum
622 3035 828 3099 reliquis
863 3039 1150 3084 certantem.
1220 3034 1654 3096 Quemadmodum
1678 3040 1848 3086 autem

149 3117 404 3166 Homerus
440 3114 671 3162 Hectoris
707 3121 960 3165 certamen
997 3121 1047 3163 et
1083 3114 1292 3164 Achillis
1338 3131 1367 3164 a
1415 3115 1721 3180 reliquorum
1754 3117 1847 3166 he-

147 3212 291 3246 roum
328 3194 547 3261 proeliis,
583 3195 657 3242 sic
692 3203 864 3245 noster
897 3196 1108 3245 fratrum
1146 3202 1400 3245 certamen
1434 3211 1462 3244 a
1486 3195 1735 3245 communi
1758 3210 1846 3244 ex-

148 3262 396 3326 ercituum
440 3290 606 3339 pugna
650 3277 932 3342 segregavit
985 3283 1036 3326 et
1081 3275 1428 3325 vehementius
1474 3277 1662 3326 animos
1708 3291 1846 3325 com-

149 3459 161 3484 e
202 3447 254 3506 ¹⁸)
289 3447 484 3493 Homeri
513 3451 557 3491 et
589 3447 807 3506 Aeschyli
836 3448 910 3492 his
940 3448 1055 3493 inest
1082 3448 1300 3502 imitatio;
1335 3447 1393 3492 cf.
1414 3447 1554 3492 schol.
1591 3460 1634 3490 v.
1660 3443 1787 3489 1194.
