2202 3892
1135 250 1259 309 266

367 413 557 458 eorum,
580 395 665 460 qui
689 396 807 446 victi
834 400 967 456 sunt,
994 397 1192 447 miseria
1218 413 1404 458 eorum,
1434 398 1519 462 qui
1539 399 1775 461 vicerunt,
1799 413 2044 464 exaeque-

365 483 463 528 tur.
508 475 696 537 „Stulti
726 475 876 540 igitur
910 483 1025 526 sunt
1048 476 1132 540 qui
1155 477 1305 526 urbes
1334 477 1549 526 hostium
1574 483 1626 528 et
1650 478 1854 528 delubra
1889 483 1942 528 et
1967 494 2045 527 se-

369 556 537 623 pulcra
566 562 868 605 mortuorum
895 556 1258 621 depopulantur
1286 557 1379 621 ipsi
1409 557 1724 622 postmodum
1753 554 2045 608 interituri.''

498 636 609 686 Non
641 636 800 684 victae
833 640 1019 685 tautum
1055 636 1280 695 civitatis,
1328 636 1415 685 sed
1452 637 1652 686 victoris
1687 654 1880 702 quoque
1902 653 2045 687 exer-

366 715 496 765 citus
530 716 778 765 interitum
815 716 908 764 hac
953 716 1204 781 tragoedia
1252 716 1443 765 ostendi
1499 717 1665 765 statim
1702 733 1763 766 ex
1796 717 1892 765 hoc
1930 732 2046 780 pro-

367 798 479 860 logo
539 795 847 857 intelligitur.
924 796 991 844 Et
1043 797 1296 859 praemisit
1348 796 1614 862 Euripides
1660 795 2048 861 praedictionem

367 875 566 924 ultionis
600 875 792 923 divinae
827 876 1144 934 eoeconsilio,
1180 884 1235 924 ut
1269 877 1484 924 crudelia
1517 877 1739 926 facinora
1772 876 1864 924 alia
1897 890 2049 940 super

367 955 464 1004 alia
499 954 888 1018 contemplantes
923 956 1244 1012 haberemus,
1280 972 1376 1020 quo
1412 956 1624 1005 animum
1662 956 2047 1016 consolaremur,

365 1034 614 1098 simulque
649 1034 856 1094 effecit,
905 1043 958 1084 ut
1005 1035 1196 1084 initium
1234 1033 1486 1084 Troadum
1522 1036 1608 1084 fini
1643 1035 1920 1084 Palamedis
1955 1049 2048 1082 an·-

366 1122 678 1163 necteretur:
730 1115 969 1164 Euboeae
1016 1116 1148 1164 enim
1193 1116 1418 1178 angulum
1468 1123 1614 1180 atque
1659 1114 2047 1182 promontorium

367 1194 679 1258 Caphareum
736 1195 1055 1244 cadaveribus
1129 1196 1346 1261 repletos
1410 1194 1519 1246 fore
1575 1194 1862 1245 nominatim
1925 1193 2049 1243 fecit

368 1273 669 1339 praedici*).

500 1352 724 1402 Tandem
758 1352 989 1414 Hecuba,
1037 1370 1165 1419 quae
1197 1355 1292 1404 hoc
1336 1359 1444 1403 toto
1491 1359 1719 1418 tempore
1752 1352 1925 1402 dolore
1958 1352 2047 1401 ob-

370 1434 551 1482 mutuit
584 1442 636 1482 et
670 1435 718 1482 in
742 1434 849 1482 solo
879 1434 1043 1495 iacuit,
1080 1442 1228 1499 caput
1251 1436 1402 1484 humo
1426 1434 1601 1483 tollens
1626 1432 1854 1498 querelas
1879 1432 2046 1481 effun-

367 1514 490 1563 dere
524 1513 713 1578 incipit.
781 1513 995 1579 „Surge,
1029 1514 1216 1575 infelix,
1249 1515 1370 1564 tolle
1403 1515 1555 1563 humo
1590 1520 1768 1578 caput:
1817 1528 1915 1561 non
1948 1512 2047 1559 iam

368 1593 494 1642 baec
528 1591 677 1640 Troia
710 1601 816 1651 est,
864 1610 1023 1658 neque
1057 1610 1146 1642 nos
1183 1593 1363 1643 Troiae
1396 1610 1572 1657 reges3
1619 1593 1775 1642 tolera
1807 1597 2047 1641 mutatam

369 1673 649 1735 fortunam,
697 1674 869 1738 naviga
915 1674 1187 1723 secundum
1234 1675 1443 1734 fluctus,
1491 1673 1590 1722 noli
1638 1673 1780 1721 undis
1825 1671 2047 1719 adversis

367 1769 564 1818 proram
628 1753 757 1802 vitae
813 1755 1101 1816 obvertere,
1163 1755 1253 1802 sed
1310 1754 1483 1818 naviga
1529 1752 1754 1801 fortunae
1798 1746 2048 1800 arbitrio.”

367 1833 497 1883 Huic
547 1840 646 1881 tam
693 1834 956 1899 magnifico
1004 1835 1206 1883 exordio
1259 1841 1430 1883 cetera
1482 1831 1816 1897 respondent,
1873 1830 2049 1895 quibua

368 1914 549 1963 amissa
585 1914 713 1963 bona
747 1921 978 1963 recenset
1009 1931 1129 1963 anus
1165 1915 1455 1977 miserrima,
1489 1930 1547 1962 ac
1583 1913 1751 1961 dolere
1778 1917 1944 1977 caput,
1978 1909 2050 1958 la·
2114 1976 2120 1981 “

369 2000 496 2052 tera,
531 1994 733 2042 dorsum
771 2010 831 2042 ex
865 1995 1170 2043 volutatione
1204 2002 1444 2059 perpetua
1480 2003 1530 2042 et
1558 1993 1768 2041 lacrimis
1796 1990 2051 2056 significat.

371 2073 540 2122 Solum
589 2075 716 2122 enim
766 2074 1071 2138 perditorum
1136 2075 1359 2122 solatium
1410 2080 1488 2123 est
1537 2074 1699 2122 luctus
1747 2070 2051 2120 insatiabilis.

372 2153 419 2203 0
455 2169 604 2203 naves
640 2153 781 2215 illae,
819 2170 944 2218 quae
979 2156 1226 2218 quondam
1261 2171 1374 2203 cum
1408 2153 1682 2202 fistularum
1721 2152 2052 2212 tibiarumque

371 2233 571 2284 funesto
620 2240 767 2282 cantu
811 2233 963 2282 celeri
1010 2250 1154 2282 cursu
1200 2251 1290 2299 per
1333 2249 1470 2281 mare
1517 2239 1566 2280 et
1602 2231 1842 2279 Graeciae
1876 2234 2051 2293 portus

370 2318 543 2363 vectae
587 2313 648 2361 ad
694 2312 894 2360 Troiam
930 2312 1220 2378 appulistis,
1262 2312 1534 2374 Helenam,
1571 2311 1782 2376 Spartae
1815 2302 2052 2369 dedecus,

370 2399 616 2459 petentes,
651 2409 778 2458 quae
813 2393 1161 2458 quinquaginta
1189 2393 1310 2441 mihi
1333 2394 1599 2442 liberorum
1625 2399 1814 2455 patrem
1842 2388 2052 2437 interfe-

371 2474 442 2523 cit
477 2480 530 2523 et
564 2489 644 2521 me
677 2473 908 2521 miseram
946 2473 994 2521 in
1021 2473 1147 2521 hanc
1183 2473 1421 2522 demersit
1448 2472 1798 2531 calamitatem,
1832 2485 1927 2534 qua
1955 2468 2052 2516 iam

371 2553 503 2620 apud
534 2552 915 2616 Agamemnonis
947 2553 1216 2601 tentorium
1252 2553 1411 2610 iaceo,
1446 2568 1586 2600 serva
1609 2567 1728 2599 anus
1754 2566 1817 2598 ex
1846 2548 2052 2597 aedibus

372 2639 548 2695 tracta,
585 2633 761 2697 capitis
797 2633 988 2698 lugubri
1024 2649 1190 2681 rasura
1215 2633 1527 2681 dedecorata.
1594 2630 1798 2679 Talibus
1825 2626 2052 2676 lamentis

373 2714 588 2777 reliquas
607 2714 841 2778 captivas,
866 2729 1047 2762 uxores
1071 2713 1286 2760 virorum
1309 2713 1682 2761 interfectorum
1706 2710 1931 2772 filiasque
1954 2706 2053 2754 vir-

372 2794 536 2858 gines,
588 2810 617 2841 e
650 2793 864 2841 tentorio
899 2793 959 2841 ad
996 2791 1321 2840 communiter
1366 2792 1658 2858 plorandum
1693 2788 1903 2849 excitat,
1949 2787 2054 2851 ipsa

373 2872 477 2921 avis
512 2873 668 2920 instar
702 2874 874 2921 modos
909 2873 1145 2938 lugubres
1179 2872 1423 2936 praeiens,
1464 2873 1596 2921 sicut
1628 2877 1770 2920 antea
1806 2885 1915 2918 cum
1952 2868 2053 2914 lae-

373 2953 439 3001 tis
488 2953 785 3002 carminibus
833 2954 953 3001 deos
997 2952 1300 3001 celebraret:
1353 2951 1541 3001 fumum
1587 2952 1714 3000 enim
1761 2964 1824 2998 ex
1869 2945 2053 2996 Troiae

375 3031 613 3082 aedificiis
649 3037 934 3096 surgentem
971 3031 1227 3095 conspicit.
1875 3043 1878 3045 ·

507 3111 735 3160 Nondum
773 3114 1034 3162 sortitione
1068 3112 1217 3172 facta,
1250 3111 1298 3159 in
1333 3111 1582 3175 praetorio
1617 3109 1891 3175 principum
1925 3105 2053 3155 Tro-

433 3296 483 3351 *)
516 3294 585 3337 Cf.
614 3293 809 3336 Schoell.
845 3308 889 3348 p.
921 3292 978 3335 62
1005 3306 1122 3347 seq„
1152 3306 1285 3346 quem
1315 3290 1537 3334 immerito
1566 3288 1895 3345 reprehendunt
1922 3285 2055 3329 Vater

514 3369 560 3407 et
594 3364 777 3406 Planck.
847 3363 962 3406 Nam
1004 3364 1120 3418 quod
1158 3363 1289 3418 priva
1331 3363 1563 3405 Minervae
1601 3360 1670 3402 ira
1698 3371 1843 3414 poena
1871 3356 2057 3401 Graecia

518 3434 759 3491 irrogatur,
789 3434 1064 3490 reliquorum
1091 3435 1311 3478 scelerum
1340 3446 1486 3489 poena
1512 3445 1598 3475 non
1626 3429 1810 3475 tollitur.
