2124 3860
1089 219 1213 276 374

319 363 408 425 καὶ
440 364 752 429 σύλλεκτρος
796 358 934 416 εἶναι
966 364 1040 435 τῷ
1076 362 1187 428 Διί,
1232 364 1322 416 καί
1353 378 1460 417 που
1494 365 1626 434 τάχα
1651 364 1741 428 καὶ
1773 364 1903 433 ἐρᾶν
1933 382 1999 432 με

320 449 536 516 φήσειεν
570 445 772 509 αὐτοῦ,
809 444 863 496 οἱ
894 442 951 497 δὲ
985 444 1390 508 πιστεύσουσιν,
1427 445 1527 497 οὐκ
1558 446 1775 510 εἰδότες,
1811 444 1882 508 ὠς
1913 463 1998 498 νε-

320 528 453 594 φέλῃ
487 529 675 594 συνῆν.
742 526 954 576 Poenam
991 527 1171 577 deinde
1205 527 1344 576 dedit
1377 527 1513 576 Ixion
1542 543 1639 578 nou
1671 530 1873 590 amor-ie,
1909 527 1999 578 sed

319 610 635 668 insolentiae,
686 611 819 656 teste
851 607 1101 657 Luciano:
1151 609 1222 674 ἤν
1254 625 1305 658 τι
1336 610 1586 658 τοιοῦτον
1620 599 1768 672 εἴπῃ,
1820 603 1872 668 ἐς
1904 605 2001 658 τὸν

307 684 496 755 Ἅιδην
531 686 797 753 ἐμπεσών,
843 691 1014 753 τροχῷ
1061 689 1252 749 ἄθλιος
1284 685 1618 753 προςδεθείς,
1668 700 2002 754 συμπεριενε-

323 770 577 837 χθήσεται
610 770 719 834 μετ’
756 766 925 820 αὐτοῦ
962 766 1062 818 αιέὶ
1106 769 1197 820 καὶ
1241 769 1411 820 πόνον
1443 770 1723 819 ἄπαυστον
1754 764 1876 831 ἔξει,
1924 766 2002 820 δι’-

322 868 425 916 κην
473 842 656 910 διδοὺς
701 848 767 899 οὐ
812 851 910 900 τοῦ
957 847 1152 913 ἔρωτος
1199 850 1290 916 (οὐ
1333 847 1436 916 γὰρ
1485 845 1662 901 δεινὸν
1707 847 1866 899 τοῦτό
1899 849 2003 914 γε),

323 929 456 982 ἀλλὰ
489 933 582 998 τῆς
623 928 991 996 μεγαλαυχίας.

455 1012 511 1061 ln
544 1017 766 1060 extrema
800 1011 995 1060 fabulae
1042 1015 1183 1075 parte
1216 1011 1518 1062 Mercurium
1564 1009 1796 1076 prodisse
1836 1014 2004 1059 osten-

325 1092 399 1143 dit
445 1092 687 1157 Hyginus-
778 1091 938 1140 Huius
998 1091 1229 1156 colloquii
1282 1091 1492 1140 similem
1549 1091 1706 1139 fuisse
1764 1089 2006 1139 rationem

324 1177 445 1238 puto
479 1179 628 1235 atque
663 1172 799 1228 eius,
836 1187 935 1234 quo
971 1172 1282 1221 simulacrum
1309 1171 1505 1221 Iunonis
1542 1186 1652 1219 cum
1688 1169 1855 1218 lxione
1889 1185 2005 1235 age-

324 1253 423 1302 bat.
491 1250 684 1300 Rursus
720 1251 848 1298 enim
887 1266 978 1315 per
1013 1250 1236 1299 fraudem
1272 1251 1320 1299 in
1355 1251 1624 1316 perniciem
1660 1250 1809 1298 homo
1845 1254 2005 1299 teme-

324 1332 484 1384 rarius
538 1330 904 1395 pelliciebatur‚
954 1330 1285 1394 persuadente
1336 1331 1383 1378 ei
1434 1328 1712 1388 Mercurio,
1767 1332 1821 1376 ut
1866 1331 2009 1376 rotae

326 1427 508 1478 corpus
541 1410 674 1459 ultro
711 1409 997 1474 applicaret,
1034 1410 1082 1458 in
1118 1425 1212 1473 quo
1248 1409 1427 1457 deinde
1464 1409 1764 1457 constrictus
1800 1422 1890 1472 per
1923 1423 2006 1456 ae-

326 1509 432 1544 rem
488 1490 731 1538 volutatus
785 1494 875 1538 est.
959 1489 1031 1536 De
1073 1503 1168 1552 quo
1216 1488 1448 1537 dramatis
1494 1489 1626 1536 exitu
1673 1486 2007 1536 testimonium

328 1576 490 1621 exstat
513 1568 762 1617 Plutarchi
793 1568 854 1618 Τ.
877 1568 930 1617 ΙΙ.
959 1585 1008 1631 p.
1029 1570 1106 1617 19.
1129 1568 1199 1615 E:
1234 1565 1264 1617 ὁ
1289 1565 1586 1632 Εὐριπίδης
1613 1565 1775 1617 εἰπεῖν
1811 1562 2010 1631 λέγεται

328 1649 461 1715 πρὸς
482 1641 608 1708 τοὺς
634 1646 727 1698 τὸν
750 1640 937 1709 Ἰξίονα
962 1646 1362 1712 λοιδοροῦντας,
1401 1645 1472 1706 ὡς
1495 1644 1659 1715 ἀσεβῆ
1685 1644 1774 1698 καὶ
1799 1645 2010 1712 μιαρόν,

329 1730 409 1782 Οὐ
435 1727 614 1795 μέντοι
643 1727 905 1791 πρότερον
931 1726 1096 1778 αὐτὸν
1123 1724 1179 1778 ἐκ
1205 1730 1298 1795 τῆς
1331 1734 1528 1794 σκηνῆς
1559 1724 1832 1795 ἐξήγαγον,
1865 1725 1898 1794 ἢ
1925 1727 2010 1796 τῷ

330 1815 544 1876 τροχῷ
578 1808 1039 1874 προςηλῶσαι.
1123 1809 1267 1872 Apud
1303 1809 1489 1858 inferos
1524 1810 1620 1857 hoc
1662 1809 1857 1864 factum⁴
1897 1823 2011 1857 esse

331 1893 492 1941 minus
529 1899 668 1939 recte
702 1890 947 1938 Lucianus
983 1895 1034 1938 et
1058 1888 1282 1953 Hyginus
1317 1889 1581 1955 scripsisse
1603 1889 1844 1937 videntur.
1899 1886 2013 1952 Ipse

334 1972 463 2022 enim
500 1970 765 2035 Euripides
813 1969 1004 2017 duobus
1038 1969 1160 2016 locis
1211 1968 1419 2030 (Phoen.
1461 1972 1601 2019 1185.
1641 1974 1694 2018 et
1727 1968 1876 2017 Herc.
1910 1968 2011 2018 fur.

334 2051 504 2115 1298.)
542 2050 753 2098 lxionem
789 2065 879 2114 per
913 2065 1075 2097 aerem
1113 2048 1238 2098 dixit
1271 2049 1495 2110 volutari,
1532 2051 1684 2114 idque
1716 2050 1877 2113 ipsum
1908 2063 2012 2097 me-

334 2132 429 2180 lius
484 2131 615 2178 illius
662 2130 925 2177 eruditioni
981 2129 1221 2182 convenit.
1305 2129 1634 2182 Confirmatur
1679 2134 1842 2177 autem
1885 2127 2012 2174 haec

336 2210 616 2260 coniectura
651 2210 709 2256 ab
744 2207 972 2271 Apollon.
997 2206 1156 2270 Tyau.
1186 2205 1267 2268 VI,
1297 2210 1374 2255 17.
1411 2215 1582 2273 aperte
1613 2205 1899 2271 Euripidem
1933 2221 2013 2253 se-

337 2294 474 2344 cuto:
509 2286 554 2336 εί
588 2282 644 2336 δὲ
679 2283 949 2348 ἐνεθύμου
985 2283 1048 2334 τὰ
1074 2278 1305 2348 Ἰξίονος,
1341 2284 1455 2335 οὐδ’
1492 2283 1560 2335 ἂν
1593 2284 1646 2346 ἐς
1677 2281 1893 2339 ἔννοιαν
1919 2301 2014 2335 κα·-

335 2367 559 2419 θίστασο
617 2369 737 2416 τοῦ
789 2363 872 2432 μὴ
936 2363 1147 2435 ὁμοίω
1167 2383 1199 2415 ν
1251 2363 1394 2429 ἐρᾶν.
1475 2361 1609 2417 Ἀλλ’
1667 2365 1863 2425 ἐκεῖνος
1919 2361 2015 2431 μὲν

335 2448 556 2516 τροχῷ
601 2445 1007 2510 εἰκασμένος
1053 2445 1119 2497 δι’
1168 2445 1407 2510 οὐρανοῦ
1452 2447 1751 2512 κάμπτεται.
1820 2453 1864 2502 A
1899 2469 2014 2517 pro-

337 2531 462 2581 cella
496 2529 745 2587 Ixionem,
795 2545 941 2592 quum
978 2535 1115 2577 rotae
1148 2528 1364 2594 illigatus
1401 2536 1560 2588 esset,
1609 2532 1867 2597 abreptum
1904 2548 2017 2582 esse

338 2616 485 2676 puto,
528 2609 772 2672 simulque
805 2609 1091 2657 fulminibus
1126 2610 1291 2657 missis
1326 2608 1450 2657 lovis
1487 2613 1814 2673 praesentiam
1851 2612 2015 2661 decla·

339 2697 495 2739 ratam
546 2704 672 2736 esse.
743 2690 881 2750 Quae
926 2705 1074 2752 quum
1109 2688 1312 2747 fierent,
1350 2688 1517 2738 dicere
1552 2691 1690 2742 Ixion
1723 2693 1884 2758 potuit
1918 2692 2014 2753 illa,

340 2771 518 2834 quibus
553 2768 799 2816 Lucianus
834 2770 882 2816 in
917 2768 1033 2816 Iove
1067 2769 1300 2832 tragoedo
1336 2772 1516 2819 abusus
1553 2778 1654 2821 est:

475 2840 515 2898 ὦ
551 2847 1027 2913 μεγαλοσμαράγου
1063 2852 1314 2911 στεροπᾶς

476 2926 714 2994 ῥοίζημα,
753 2928 803 2979 τί
836 2946 928 2994 μοι
961 2926 1146 2994 ρέξειςς

343 3010 616 3058 Centauros
660 3026 720 3058 ex
758 3010 934 3059 lxionis
984 3015 1033 3058 et
1082 3009 1224 3057 nubis
1274 3010 1532 3059 concubitu
1575 3009 1857 3077 prodituros
1903 3024 2015 3059 esse

344 3090 633 3152 praedicere
670 3091 829 3153 potuit
864 3089 1161 3138 Mercurius.

476 3167 719 3232 Respexit
753 3169 813 3217 ad
849 3169 974 3218 hanc
1008 3168 1306 3230 tragoediam
1342 3169 1579 3217 Horatius
1602 3167 1706 3217 Art.
1732 3172 1868 3231 poet.
1890 3169 2013 3216 123:

480 3247 604 3308 „Sit
644 3247 837 3298 Medea
860 3252 1037 3315 ferox,
1075 3247 1134 3296 Io
1169 3264 1320 3314 vaga,
1343 3248 1539 3311 flebilis
1573 3246 1684 3309 Ino,

486 3326 814 3393 Perfidus
864 3330 1061 3378 Ixion
1109 3328 1242 3377 etc.''

348 3406 702 3470 Philochoru8‚
749 3426 777 3457 a
819 3425 914 3473 quo
947 3414 1224 3473 temporum
1259 3407 1456 3457 ordines
1490 3422 1586 3456 non
1620 3421 1732 3456 esse
1764 3404 2013 3470 neglectos
