2170 3866
929 223 1055 282 475

133 392 252 428 suos
298 378 606 441 potestatem
654 373 885 423 habebat.
955 370 1103 434 Quod
1150 368 1192 417 si
1227 366 1462 417 Orestem
1494 366 1721 416 functum
1757 365 1835 416 of-

132 458 275 519 ficio,
324 457 376 506 in
423 471 521 519 quo
558 460 798 518 aequatae
833 456 1003 501 essent
1036 449 1239 516 pietatis
1276 449 1651 513 impietatisque
1682 447 1834 496 ratio-

132 554 251 597 nes,
299 538 513 586 liberum
558 536 619 583 ab
657 535 768 583 aliis
803 533 1005 599 poenis,
1058 530 1179 579 solis
1214 529 1479 579 Furiarum
1529 528 1836 578 cruciatibus

133 618 303 668 vexari
338 618 650 675 videremus,
698 613 920 678 quamvis
962 613 1054 661 hos
1091 610 1400 658 necessarios
1435 625 1550 658 esse
1583 610 1836 659 cruciatus

134 699 553 763 intelligeremuS,
602 701 767 744 tamen
804 700 940 743 esset
986 691 1119 756 quod
1156 692 1536 750 misereremur;
1582 690 1712 756 quod
1750 706 1836 740 au·

133 785 237 829 tem
286 779 500 828 eundem
547 776 830 840 languidum
870 789 1082 839 corpore
1117 788 1420 835 aegrumque
1455 773 1605 820 animi
1640 771 1840 821 ambiti-

134 876 229 910 one
264 859 658 924 propinquorum
697 863 747 904 et
780 856 1040 918 iniquitate
1075 854 1251 902 civium
1290 853 1661 913 circumveniri,
1703 852 1838 916 quod

134 947 387 1006 prostrato
434 956 463 987 a
511 938 607 986 diis
648 938 918 985 crudeliter
963 936 1191 984 homines
1225 935 1466 985 insultare
1498 933 1752 996 videmus,
1783 933 1838 983 id

134 1037 255 1070 vero
290 1019 547 1082 indignum
582 1024 731 1081 atque
767 1018 999 1066 acerbum
1036 1016 1139 1064 est!

267 1099 486 1149 Menelai
522 1105 571 1148 et
606 1099 829 1147 Helenae
866 1098 1011 1162 culpa
1037 1098 1086 1145 in
1120 1097 1212 1144 has
1252 1095 1451 1144 Orestis
1485 1095 1714 1144 miserias
1749 1093 1840 1144 de·

134 1181 282 1230 venit.
351 1178 442 1228 Vir
499 1180 704 1228 uxorius
754 1186 804 1227 et
848 1179 1029 1226 mulier
1077 1177 1306 1226 adultera
1350 1177 1482 1225 inter
1526 1193 1583 1225 se
1617 1175 1842 1240 nequitia

134 1266 344 1310 certant.
413 1260 635 1320 Helena,
682 1259 842 1323 qualis
890 1263 969 1306 est
1019 1264 1194 1306 natura
1228 1256 1486 1307 hominum
1526 1257 1595 1304 nil
1630 1255 1843 1319 perinde

132 1346 284 1403 atque
318 1340 600 1403 voluptates
635 1340 947 1399 curantium,
983 1338 1051 1386 nil
1086 1337 1213 1385 certi
1248 1338 1502 1400 seqnitur,
1549 1352 1712 1400 neque
1753 1337 1842 1385 da-

132 1425 270 1469 mnat
293 1419 480 1468 factum
505 1435 666 1483 neque
692 1421 888 1483 probat,
924 1419 1194 1467 miseretur
1220 1418 1517 1467 interfectae
1543 1417 1731 1465 sororis
1751 1433 1840 1467 ne·-

133 1516 233 1564 que
267 1508 431 1549 tamen
467 1501 590 1548 vitat
625 1500 926 1563 colloquium
955 1499 1314 1564 parricidarum
1328 1496 1395 1560 *).
1465 1497 1542 1546 Ad
1570 1514 1695 1561 quos
1720 1499 1841 1548 dum

133 1582 318 1646 prodit,
354 1582 725 1629 miserationem
764 1582 1011 1644 quandam
1045 1585 1150 1626 tum
1178 1579 1366 1626 iuvenis
1388 1580 1581 1643 aegroti
1607 1585 1713 1627 tum
1739 1579 1839 1628 vir-

133 1663 260 1726 ginis
309 1662 556 1711 connubio
607 1662 823 1709 carentis
873 1666 926 1708 et
973 1676 1083 1708 cum
1129 1659 1286 1706 fratre
1327 1660 1592 1708 laborantis
1627 1677 1750 1725 prae
1784 1676 1843 1711 se

134 1741 322 1800 ferens,
359 1748 503 1806 rogat
537 1741 820 1799 Electram,
858 1740 1001 1804 quasi
1036 1756 1186 1788 sensu
1221 1741 1547 1789 humanitatis
1584 1741 1843 1805 destituta,

135 1828 193 1870 ut
228 1822 290 1870 ad
327 1822 574 1871 tumulum
613 1821 1043 1885 Clytaemnestrae
1076 1837 1167 1885 pro
1213 1837 1270 1869 se
1306 1838 1479 1870 comae
1512 1823 1758 1886 primitias
1792 1828 1844 1873 et

135 1901 342 1950 inferias
375 1903 537 1950 ferat:
572 1903 680 1966 ipsa
715 1903 846 1950 enim
882 1901 1045 1965 palam
1081 1917 1136 1949 se
1163 1901 1362 1965 Argivis
1396 1903 1664 1952 ostendere
1698 1920 1843 1954 vere·

136 1987 236 2033 tur.
305 1983 558 2032 Suadente
605 1987 771 2030 autem
807 1982 1011 2030 Electra
1046 1981 1143 2030 hoc
1179 1982 1362 2031 deinde
1394 1999 1575 2032 munus
1609 1984 1844 2034 Hermio-

136 2079 232 2112 nae
264 2062 525 2110 mandatur
538 2058 633 2124 **).
692 2062 960 2111 Extremus
997 2062 1159 2111 crines
1186 2070 1349 2122 caute,
1387 2079 1451 2112 ne
1476 2064 1745 2128 conspicua
1778 2066 1846 2116 sit

136 2143 356 2200 iactura,
408 2142 614 2191 desecat
660 2141 887 2202 Helena,
938 2158 1063 2206 quos
1111 2159 1226 2191 cum
1269 2144 1506 2192 libamine
1541 2146 1747 2195 tradens
1783 2147 1845 2195 fi-

135 2223 261 2284 liae,
310 2223 449 2271 iubet
500 2239 610 2270 eam
649 2238 738 2286 pro
774 2239 830 2271 se
864 2222 1013 2271 simul
1049 2227 1102 2270 et
1134 2224 1347 2287 coniuge
1382 2234 1532 2287 atque
1565 2226 1716 2275 etiam
1751 2243 1846 2292 pro

133 2302 544 2353 interfectoribus
579 2319 758 2366 preces
795 2303 967 2351 facere
1014 2308 1066 2351 et
1102 2319 1157 2352 se
1192 2305 1419 2352 manibus
1457 2307 1675 2367 sororiS,
1710 2308 1844 2372 quod

135 2400 235 2434 non
270 2386 380 2450 ipsa
414 2383 618 2432 inferias
653 2385 754 2433 rite
787 2385 981 2444 mittat,
1021 2400 1280 2434 excusare.
1356 2385 1578 2450 Electra,
1614 2389 1844 2438 animad-

136 2480 280 2512 versa
327 2458 581 2525 mulie'ris,
629 2480 758 2527 quae
804 2473 854 2513 et
902 2467 1060 2529 ipsam
1109 2472 1161 2514 et
1197 2466 1432 2514 Orestem
1476 2474 1528 2516 et
1562 2471 1844 2519 universam

139 2542 411 2592 Graeciam·
441 2545 584 2593 malis
618 2545 820 2606 affecit,
855 2546 1091 2614 mollitie,
1127 2547 1311 2594 merito
1346 2563 1455 2595 eam
1493 2556 1720 2599 exsecrat
1767 2551 1844 2600 di-

138 2623 309 2690 citque
364 2624 520 2685 illud,
569 2627 703 2690 quod
750 2626 801 2676 in
848 2610 1163 2676 Alcibiadem
1207 2626 1512 2678 Plutarchus
1556 2631 1842 2682 transtulit:

195 2864 246 2919 ⁴²)
283 2862 460 2918 Anceps
499 2864 704 2907 Helenae
744 2864 976 2923 ingenium
1016 2869 1061 2908 et
1086 2866 1305 2923 ambigua
1334 2867 1478 2909 verba
1505 2867 1680 2910 notavit
1707 2868 1844 2911 scho-

262 2934 430 2995 nasta.
464 2935 777 2979 ·Contemtum
806 2938 1054 2980 verborum
1085 2937 1284 2980 inanium
1312 2940 1490 2981 Electra
1519 2939 1667 2994 prodit
1695 2954 1738 2982 v.
1760 2939 1842 2981 81:

277 3002 459 3061 Ἑλένη,
497 3007 544 3048 τί
585 3020 658 3049 σοι
697 3006 862 3064 λέγοιμ’
899 3004 928 3051 ὁὶ
970 3008 1047 3052 καὶ
1077 3006 1273 3066 παροῦσ’
1315 3007 1453 3067 ὁρᾷςς
1497 3011 1552 3052 de
1583 3011 1746 3065 quibus
1774 3010 1846 3053 vi-

286 3077 435 3119 denda
464 3077 666 3142 scholia3
695 3081 809 3123 adde
840 3094 955 3136 quae
984 3080 1042 3122 ad
1070 3095 1145 3123 vv.
1177 3079 1381 3124 71—80.
1407 3080 1505 3123 108.
1537 3086 1582 3124 et
1600 3080 1698 3123 121.
1730 3081 1844 3125 scri-

281 3153 359 3204 pta
389 3152 503 3189 sunt.

164 3219 246 3275 Μ)
277 3219 415 3262 Haud
445 3219 606 3261 decere
635 3220 835 3278 virgines
865 3222 909 3263 in
938 3223 1105 3279 vulgus
1133 3223 1317 3278 prodire
1349 3223 1498 3265 dicens
1529 3224 1733 3274 Helena,
1775 3221 1843 3264 ni—

279 3289 526 3332 hilominus
554 3291 764 3335 Electrae
793 3292 988 3350 iniungit
1018 3294 1078 3347 id,
1111 3295 1227 3349 quod
1266 3295 1542 3337 Hermionae
1566 3294 1754 3336 honeste
1775 3293 1845 3335 in-

287 3360 412 3419 iungi
442 3375 574 3418 posse
603 3368 756 3420 negat,
785 3364 915 3420 quasi
942 3365 1061 3408 hanc
1090 3366 1262 3420 pudore
1292 3379 1450 3410 carere
1478 3377 1664 3408 necesse
1689 3363 1760 3407 sit.
