2150 3866
1151 225 1272 282 208

352 370 624 430 thontides,
652 367 788 419 Solis
811 373 864 419 et
877 368 1147 435 Clymenae
1173 370 1300 420 filias
1314 370 1537 436 Hyginus
1552 372 1770 439 appellat
1780 373 1831 424 in
1847 372 2029 439 praef.)

350 451 403 500 in
437 450 640 500 arbores
674 449 794 499 fletu
827 454 1045 500 mutatae
1071 450 1267 516 frigidis
1294 467 1406 499 eum
1437 450 1712 514 frondibus,
1751 453 1891 519 quasi
1915 453 2030 503 bra-

353 529 496 591 chiis,
524 533 748 579 tecturae
777 533 828 579 et
844 531 1099 596 perpetuis
1121 530 1335 579 lacrimis
1365 530 1588 580 lucturae
1612 538 1807 593 essent;
1840 533 1904 583 cf.
1926 533 2029 582 Lu-

352 609 480 661 cian.
538 608 653 658 dial.
696 609 832 659 deor.
871 613 951 661 25.
995 609 1155 659 saltat.
1191 607 1239 673 §.
1274 612 1352 659 55.
1388 611 1452 660 de
1485 610 1632 662 elect.
1675 626 1714 660 s.
1747 628 1885 678 cygn.
1919 612 2030 662 init.

350 687 549 739 Diodor.
585 688 682 739 Sic.
709 688 773 752 V,
809 691 889 740 24.
936 689 1060 738 Plin.
1088 690 1153 742 H.
1181 689 1240 739 N.
1276 689 1527 748 XXXVII,
1561 690 1610 743 2‘.
1645 689 1731 753 XI,
1765 694 1811 741 1.
1854 692 2027 758 Eurip.

349 768 505 835 Hipp.
530 771 644 819 740.
693 770 857 820 Huius
883 785 1078 835 quoque
1098 769 1448 834 praedictionis
1483 770 1816 836 fragmentum
1839 775 2027 820 exstat:

1095 848 1362 916 ψυκτήρια

478 924 699 992 δένδρεα
733 926 972 994 φίλαισιν
1006 924 1248 980 ὠλέναισι
1283 928 1493 993 δέξεται.

349 1009 540 1073 Quibus
575 1010 720 1059 dictis
756 1011 926 1059 statim
962 1025 1143 1076 corpus
1178 1011 1419 1073 aufertur,
1458 1027 1622 1075 neque
1655 1011 1719 1060 ad
1751 1008 2028 1059 satiandum

350 1090 575 1140 dolorem
610 1090 754 1139 matri
797 1090 1092 1154 relinquitur
1138 1093 1366 1154 querenti
1380 1090 1463 1155 *),
1508 1091 1640 1155 quod
1672 1106 1834 1155 neque
1865 1089 2030 1138 lavare

348 1186 549 1237 corpus,
581 1185 744 1234 neque
778 1183 1078 1234 componere
1111 1187 1274 1236 neque
1309 1176 1620 1222 contrectare
1653 1169 1881 1220 licuerit:

1011 1247 1166 1315 φίλος
1201 1247 1259 1302 δέ
1292 1268 1385 1315 μοι

478 1330 707 1390 ἄλουτος
739 1326 799 1380 ἐν
832 1326 1064 1395 φάραγξι
1097 1330 1312 1397 σήπεται
1333 1328 1515 1391 νέκυς.

347 1411 469 1462 Inde
493 1413 556 1462 ad
585 1409 947 1477 supellectilem
977 1411 1102 1474 eiuS,
1128 1412 1191 1461 ad
1221 1429 1372 1476 arma,
1399 1412 1577 1477 quibus
1600 1409 1694 1472 uti,
1728 1411 1790 1462 ad
1815 1410 1943 1473 loca,
1975 1412 2027 1461 in

347 1493 529 1557 quibus
563 1491 753 1541 versari
787 1491 1005 1554 solebat,
1053 1507 1319 1553 conversa,
1366 1491 1728 1559 aegritudinem
1761 1507 1860 1542 non
1894 1492 2026 1540 miti-

344 1572 469 1638 gari,
505 1571 593 1622 sed
618 1571 786 1635 augeri
821 1572 1000 1620 sentit:
1034 1573 1370 1636 quamobrem,
1405 1588 1469 1622 ne
1502 1570 1710 1637 amplius
1742 1571 1841 1620 illis
1877 1587 2026 1638 anga-

343 1657 428 1703 tur
461 1657 515 1702 et
547 1652 856 1714 sollicitetur,
888 1653 1137 1701 removeri
1171 1669 1201 1702 e
1233 1658 1502 1719 conspectu
1537 1651 1674 1716 cupit
1707 1666 2027 1716 quaecunque

344 1732 438 1782 filii
485 1731 833 1798 cogitationem
884 1738 1152 1792 renovant3
1201 1733 1292 1782 sed
1337 1747 1509 1782 rursus
1551 1736 1780 1792 veretur,
1831 1746 1895 1780 ne
1929 1745 2027 1780 una

345 1828 460 1863 cum
515 1827 747 1861 moerore
808 1811 958 1860 etiam
1018 1812 1306 1861 memoriam
1365 1813 1470 1862 eius
1529 1811 1694 1861 eiiciat
1749 1810 2025 1875 (Plutarch.

348 1891 550 1943 Consol.
587 1891 649 1940 ad
684 1906 825 1941 uxor.
859 1891 1022 1955 init.):

480 1998 546 2008 —
713 1998 778 2007 —-
943 1971 1078 2036 μισῶ
1116 1967 1165 2023 δ’
1203 1971 1499 2038 εὐάγκαλον
1929 1971 2027 2019 180

485 2048 643 2113 τόξον
674 2050 939 2117 κρανείας,
972 2052 1242 2118 γυμνάσια
1275 2047 1322 2104 δ’
1357 2051 1555 2119 οἴχοιτό
1588 2068 1694 2118 μοι.

474 2133 637 2182 Huius
683 2133 849 2198 operis
884 2140 1064 2198 quanta
1097 2135 1254 2184 fuerit
1292 2134 1623 2201 praestantia,
1668 2130 1903 2195 quilibet,
1940 2129 2026 2194 qui

347 2211 496 2264 modo
530 2213 754 2262 iudicare
788 2214 976 2278 possit,
1027 2215 1176 2264 etiam
1208 2230 1271 2264 ex
1315 2215 1537 2277 reliquiis
1570 2210 1829 2273 intelligit:
1877 2225 2022 2273 quam
2054 2255 2063 2267 ,

349 2293 693 2343 demonstrare
727 2308 1148 2356 supervacaneum
1185 2297 1290 2354 est,
1338 2308 1400 2341 ex
1450 2306 1547 2355 quo
1593 2289 2025 2355 magnificentissi-

345 2390 477 2423 mam
513 2372 743 2422 carminis
778 2373 923 2422 huius
957 2373 1153 2422 laudem
1186 2372 1430 2423 Goethius
1472 2370 1791 2436 praedicavit.
1855 2367 2023 2430 „Lon-

347 2469 465 2520 gum
502 2455 632 2516 est,”
663 2453 839 2518 inquit,
873 2453 974 2514 „de
1012 2453 1159 2503 huius
1192 2452 1392 2502 fabulae
1426 2455 1529 2499 tum
1565 2448 1884 2515 simplicitate
1916 2453 2024 2498 tum

348 2533 711 2599 magnificentia
732 2532 1000 2597 disserere,
1035 2538 1093 2583 ut
1116 2549 1244 2598 quae
1271 2534 1376 2582 sine
1403 2532 1614 2581 molesta
1637 2545 1695 2579 ac
1721 2529 1918 2595 spinosa
1940 2543 2022 2578 re-

346 2629 458 2663 rum
485 2613 814 2679 explicatione
836 2615 1068 2663 continuo
1091 2614 1152 2662 ad
1174 2629 1365 2662 summa
1392 2616 1445 2662 et
1466 2610 1755 2676 gravissima
1778 2609 2023 2673 perducat

347 2699 399 2743 et
440 2694 763 2743 maximarum
807 2709 974 2743 rerum
1019 2695 1274 2759 proposita
1318 2692 1630 2742 contentione
1663 2688 2025 2738 convenientis-

347 2774 472 2822 sime
517 2778 721 2822 naturae
767 2779 820 2822 et
853 2773 1068 2823 delectet
1103 2779 1154 2823 et
1187 2773 1378 2822 doceat.
1443 2771 1647 2820 Utinam
1681 2768 1851 2834 plures
1882 2773 2022 2832 post-

347 2853 549 2902 modum
599 2853 866 2917 gratissimi
906 2854 1134 2903 carminis
1181 2852 1420 2917 reliquiae
1473 2852 1798 2914 detegantur,
1847 2847 2022 2911 quibus

347 2930 553 2981 lacunae
599 2932 814 2982 fideliter
870 2933 1185 2998 expleantur!
1246 2932 1490 2996 Equidem
1548 2930 1719 2978 felices
1770 2925 2020 2993 praedico,

348 3011 528 3075 quibus
562 3012 849 3076 contigerit,
885 3016 940 3063 ut
973 3013 1127 3063 oculis
1161 3012 1389 3076 videant,
1421 3013 1463 3061 si
1496 3026 1594 3076 qua
1626 3009 1825 3058 detecta
1858 3009 2019 3066 erunt,

405 3199 456 3255 ²⁶)
486 3199 617 3244 Ovid.
645 3201 704 3253 ΙΙ,
733 3201 842 3244 333:

601 3272 656 3312 At
681 3272 899 3326 Clymene,
922 3277 1218 3328 postquam
1237 3272 1389 3314 dixit
1410 3268 2016 3327 quaecunquefnerunt

600 3341 659 3381 In
688 3342 1142 3385 tantisffldicenda
1170 3343 1360 3399 malis,
1391 3339 1583 3398 lugubris
1611 3344 1652 3381 et
1681 3350 1822 3379 amens

596 3410 656 3453 Et
683 3411 852 3455 laniata
880 3412 996 3455 sinus
1023 3418 1099 3455 etc.
