2202 3892
938 322 1059 379 249

166 489 292 533 eam,
328 485 455 535 quae
488 468 793 518 comoediam
827 469 991 532 decet,
1026 468 1088 516 ad
1121 463 1426 530 tragoediam
1459 468 1649 513 temere
1671 465 1831 510 trans·

163 554 399 603 feramus,
460 549 724 600 Alexandri
758 565 874 598 vero
899 564 1158 614 personam
1181 544 1434 608 effingenti
1461 541 1689 606 Euripidi
1717 539 1835 604 quin

162 631 429 684 Alcibiadis
457 630 549 678 vita
575 645 835 694 moresque
857 635 970 677 ante
998 628 1167 677 oculos
1192 624 1373 674 versati
1407 623 1522 684 sint,
1554 623 1632 670 vix
1667 624 1837 686 potest

162 711 390 762 dubitari.
464 709 621 758 Tanta
660 711 806 766 enim,
839 715 1070 771 quantum
1110 706 1305 769 quidem
1345 719 1405 751 ex
1440 701 1686 768 deperditi
1724 700 1835 748 dra-

162 792 307 841 matis
344 790 561 854 reliquiis
590 794 925 854 cognoscatur,
966 787 1194 836 scenicae
1221 799 1461 849 personae
1492 798 1602 830 cum
1633 797 1691 830 eo
1714 781 1836 839 viro,

163 888 311 936 quem
351 871 399 919 in
427 869 615 918 deliciis
652 869 860 932 populus
897 868 1128 927 habebat,
1167 862 1433 913 similitudo
1471 863 1837 919 intercesserat,

163 957 220 1000 ut
255 950 459 998 alteram
491 954 716 1012 spectans
743 949 806 996 de
842 949 997 996 altero
1038 962 1179 994 nemo
1221 960 1315 992 non
1355 942 1581 1006 potuisse
1619 940 1837 1005 cogitare

160 1028 401 1078 videatur.
449 1028 516 1076 Et
534 1028 838 1092 quantumvis
852 1027 1088 1076 Alcibiadi
1117 1025 1346 1073 tribuerit
1362 1022 1646 1087 Euripides,
1668 1036 1838 1084 quam-

161 1109 232 1158 vis
259 1108 436 1156 summi
473 1107 654 1156 fecerit
685 1108 931 1173 ingenium
959 1107 1047 1155 viri
1077 1112 1128 1154 et
1158 1104 1379 1169 corporis
1407 1102 1652 1165 animique
1683 1100 1837 1147 virtu·

161 1193 258 1248 tes,
291 1188 600 1236 insolentiam
624 1188 844 1236 eiusdem
875 1194 923 1236 et
942 1186 1134 1235 effusos
1154 1193 1361 1246 sumtus,
1391 1189 1595 1249 propter
1613 1196 1750 1245 quos,
1784 1183 1840 1227 ut

163 1269 432 1333 imperator
474 1273 668 1316 creatus
718 1285 825 1317 rem
859 1267 1152 1315 familiarem
1189 1265 1445 1322 reliceret,
1482 1261 1607 1310 bella
1642 1273 1842 1308 movere

164 1363 263 1396 non
283 1347 539 1396 desinebat
557 1344 1126 1411 (cf.Thucyd.Vl,15.),
1160 1346 1371 1411 probare
1402 1342 1535 1391 nullo
1570 1339 1716 1389 modo
1752 1352 1840 1402 po-

164 1428 317 1476 tuisse
351 1429 562 1487 videtur,
597 1444 756 1492 neque
790 1427 1061 1476 sollertiam
1099 1427 1204 1475 eius
1240 1431 1290 1473 et
1322 1427 1626 1489 praestantes
1659 1418 1842 1482 ingenii

164 1507 309 1556 dotes
344 1508 413 1555 sic
447 1508 714 1557 admiratus
751 1523 862 1556 esse
898 1507 1173 1555 credendus
1209 1513 1303 1565 est,
1338 1504 1463 1552 utin
1489 1517 1734 1551 summum
1755 1515 1841 1563 pa-

166 1587 306 1636 triam
346 1587 609 1636 discrimen
657 1588 785 1635 illius
820 1588 1084 1635 ambitione
1127 1592 1274 1650 atque
1309 1584 1507 1632 licentia
1541 1581 1716 1630 adduci
1749 1579 1841 1628 mi-

166 1681 259 1716 nus
293 1667 610 1732 intelligeret.
681 1666 854 1731 Neque
890 1667 1207 1731 Euripidem,
1258 1681 1406 1728 quum
1434 1663 1581 1711 fictas
1614 1677 1694 1709 res
1727 1676 1842 1725 per-

168 1762 412 1809 sonasque
458 1746 521 1794 de
566 1747 694 1794 veris
728 1748 1002 1810 exprimere
1038 1752 1089 1795 et
1122 1746 1355 1809 imagines
1391 1758 1588 1798 eorum,
1637 1755 1761 1804 quae
1793 1739 1844 1788 in

167 1826 421 1891 republica
480 1832 798 1890 gererentur,
857 1827 903 1874 in
953 1825 1131 1874 fabulis
1183 1839 1459 1890 proponere
1522 1821 1843 1878 decrevisset,

171 1907 402 1954 omittere
435 1906 659 1969 potuisse
693 1906 878 1968 virum,
915 1922 1060 1969 quem
1095 1906 1358 1954 maximum
1391 1905 1501 1951 fore
1533 1918 1698 1951 rerum
1724 1899 1843 1949 civi-

171 1985 285 2034 tatis
319 1992 618 2034 momentum
654 1991 706 2033 et
738 1986 830 2034 fati
864 1987 1053 2049 patriae
1088 1986 1343 2044 arbitrum,
1378 1985 1460 2033 ubi
1483 1983 1691 2048 primum
1717 1996 1843 2029 rem-

171 2065 415 2130 publicam
450 2065 729 2127 capessivit,
765 2081 934 2113 omnes
968 2065 1326 2128 intellexerunt.
1378 2064 1708 2127 Quamobrem
1736 2061 1845 2124 quis

172 2145 339 2192 credat
371 2149 560 2191 temere
589 2145 648 2192 ab
676 2159 734 2192 eo
763 2146 901 2208 quasi
924 2146 1079 2193 inscio
1105 2151 1252 2208 atque
1275 2146 1423 2194 invito
1450 2143 1642 2192 Paridis
1672 2156 1844 2206 perso-

169 2239 281 2272 nam
315 2223 384 2271 sic
419 2223 638 2271 effictam
664 2240 792 2284 esse,
826 2231 878 2273 ut
901 2226 1140 2274 Alcibiadi
1168 2226 1393 2274 omnibus
1417 2241 1443 2272 a
1473 2224 1691 2288 partibus
1711 2227 1847 2270 esset

171 2302 456 2351 simillima?
497 2303 683 2351 Eadem
707 2305 835 2352 enim
864 2306 912 2353 in
937 2311 1146 2370 utroque
1169 2305 1493 2371 deprenditur
1519 2304 1710 2352 formae
1735 2317 1845 2366 gra-

169 2383 255 2440 tia,
292 2398 386 2445 qua
419 2382 497 2430 vel
530 2382 835 2432 infestissimi
867 2385 1051 2433 inimici
1087 2385 1412 2442 deleniantur,
1445 2386 1619 2434 eadem
1648 2384 1847 2431 incunte

172 2461 500 2510 adolescentia
517 2463 689 2511 virium
710 2465 999 2514 excellentia
1015 2473 1164 2529 atque
1182 2466 1493 2524 confidentia,
1523 2465 1698 2512 eadem
1711 2463 1844 2527 prin-

173 2542 364 2605 cipatus
396 2542 589 2605 cupido,
624 2545 796 2592 eadem
825 2545 1024 2593 audacia
1051 2555 1197 2608 atque
1225 2546 1517 2609 arrogantia,
1553 2543 1726 2591 eadem
1750 2543 1846 2593 *in-

171 2623 497 2684 temperantia
521 2629 569 2670 et
593 2623 744 2671 libido
763 2642 776 2684 ;
797 2634 897 2673 tum
927 2626 1103 2675 ducem
1122 2641 1214 2674 non
1232 2626 1392 2673 minus
1408 2625 1686 2672 Alcibiades
1701 2638 1847 2686 quam

173 2698 312 2747 Paris
358 2699 599 2750 Venerem
638 2703 731 2750 sibi
766 2705 1033 2770 delegerat,
1077 2707 1252 2770 clypeo
1287 2705 1480 2754 Amoris
1518 2703 1731 2766 imagine
1764 2718 1845 2750 or-

174 2787 287 2828 nato
305 2778 374 2841 *).
445 2781 718 2845 Utrumque
758 2786 887 2832 cives
920 2788 1103 2846 statim,
1146 2786 1314 2851 primis
1339 2785 1521 2849 ingenii
1541 2782 1846 2832 documentis

176 2860 343 2921 editis,
370 2861 616 2921 timentes,
642 2878 703 2910 ne
726 2863 822 2928 ipsi
848 2866 993 2913 nimia
1011 2883 1179 2914 eorum
1202 2866 1419 2929 potentia
1436 2865 1847 2928 opprimerentur,

175 2940 238 2987 de
259 2941 422 2987 medio
447 2940 623 2988 tollere
650 2942 1017 3010 voluerunt**),
1044 2963 1139 3011 quo
1168 2947 1476 3011 postmodum
1508 2952 1686 2992 conatu
1713 2943 1846 2991 desi-

176 3026 363 3068 stentes
401 3021 669 3084 perniciem
704 3024 797 3070 sibi
839 3033 1128 3090 pestemque
1161 3028 1346 3089 patriae
1383 3026 1619 3074 aluerunt.
1686 3023 1847 3086 Impe-

172 3099 296 3147 rium
331 3107 493 3148 autem
520 3102 672 3150 totius
701 3103 937 3152 Graeciae
965 3105 1205 3155 affectare
1230 3123 1323 3155 non
1356 3107 1514 3154 minus
1542 3104 1848 3153 Alexandrus

175 3195 321 3242 quam
352 3180 631 3229 Alcibiades
653 3185 940 3246 putabatur3
979 3185 1379 3245 cf.'l‘road.920.,
1407 3185 1561 3234 schol.
1590 3184 1651 3232 ad
1679 3184 1847 3231 v.921.

175 3259 283 3321 Qua
328 3260 566 3323 impulsus
617 3263 844 3327 cupidine
890 3265 974 3314 ille
1008 3265 1232 3314 Troianis
1267 3266 1543 3331 persuasit,
1590 3270 1646 3313 ut
1689 3263 1849 3311 classe

235 3441 285 3494 ’ἢ
314 3442 545 3485 Plutarch.
576 3444 670 3486 Alc.
705 3460 742 3489 c.
772 3445 838 3488 16.

209 3511 288 3566 *ἢ
318 3512 547 3556 Plutarch.
576 3515 670 3558 Alc.
703 3530 740 3557 c.
770 3515 839 3559 13.
870 3531 912 3571 p.
942 3517 1039 3560 197.
1069 3517 1164 3561 Nic.
1195 3517 1263 3559 11.
1296 3533 1338 3573 p.
1366 3517 1465 3561 530.
