2170 3848
922 275 1043 333 135

150 427 400 478 communi
448 425 656 491 quadam
713 426 949 475 mentium
998 437 1359 490 corporumque
1418 422 1822 484 conformatione,

150 525 277 573 quae
323 507 526 556 heroica
575 506 782 566 dicitur,
828 507 956 554 inter
1001 521 1056 554 se
1091 503 1453 566 conspirabant.
1520 502 1662 552 Haec
1694 503 1821 552 ratio

148 587 372 637 imitandi
406 587 608 651 propria
645 592 720 634 est
753 586 814 633 iis
850 586 1056 633 maxime
1099 583 1287 647 poetis,
1341 583 1424 645 qui
1473 583 1822 632 communitate

147 669 357 734 quadam
406 667 680 716 studiorum
727 682 783 713 ac
817 665 1106 729 disciplinae
1149 663 1279 711 inter
1313 677 1368 710 se
1403 662 1693 710 coniunctos
1727 663 1820 711 ho-

147 749 306 797 mines
356 752 408 795 et
458 748 520 795 ad
567 752 703 794 certa
750 745 990 808 quaedam
1036 742 1365 807 exemplaria.
1413 758 1538 806 quae
1571 742 1819 791 mentibus

147 830 486 887 obversentur,
518 825 734 874 habitum
759 825 1034 872 animorum
1060 838 1421 887 corporumque
1456 821 1819 870 conformantes

148 908 415 956 imitantur.
482 904 779 953 Huiusmodi
828 904 1366 969 hominibuquuoniam
1404 918 1551 952 unum
1586 907 1816 966 tanquam

147 1001 336 1035 summa
359 999 546 1044 eorum,
583 1001 708 1049 quae
735 999 868 1045 vera,
903 988 1040 1033 recta
1078 980 1387 1047 hduestaque
1415 983 1673 1044 habentur,
1700 997 1816 1045 pro-

145 1066 358 1130 positum
395 1070 487 1124 est,
525 1066 585 1113 ad
623 1066 754 1129 quod
790 1064 1096 1128 dirigendum
1135 1070 1212 1113 est
1235 1063 1469 1127 quidquid
1501 1062 1671 1111 volunt
1705 1075 1814 1110 sen-

143 1145 398 1208 tiuntque,
435 1146 477 1193 si
511 1145 627 1209 quid
664 1147 725 1194 ab
760 1162 820 1193 eo
856 1145 1168 1210 discrepent,
1205 1145 1327 1204 hoc,
1376 1145 1418 1191 si
1451 1159 1547 1192 non
1583 1142 1815 1191 damnan-

142 1223 278 1286 dum,
313 1230 451 1274 certe
478 1241 572 1273 non
607 1226 805 1290 dignum
841 1226 1164 1274 admiratione
1187 1225 1399 1273 videtur.
1432 1223 1665 1274 Varietas
1688 1221 1817 1270 nulla

142 1305 234 1353 nisi
279 1305 454 1354 virium
501 1306 767 1354 intercedit
818 1312 868 1354 et
902 1305 1250 1370 magnitudinis
1284 1306 1362 1354 vel
1395 1304 1603 1369 gradus,
1657 1318 1754 1367 quo
1787 1317 1816 1349 a.

139 1384 367 1448 perfecta
399 1385 595 1435 virtutis
629 1386 799 1450 specie
834 1387 1013 1451 singuli
1047 1385 1245 1435 distant.
1315 1387 1364 1434 ln
1392 1386 1470 1433 his
1494 1386 1644 1448 igitur
1666 1382 1816 1431 rebus

140 1465 443 1529 explicandis
491 1466 706 1515 carmina
751 1468 1032 1516 necessario
1066 1471 1170 1515 tota
1204 1472 1490 1525 versantur-3
1539 1462 1816 1521 sententiis,

141 1545 183 1592 si
217 1560 337 1608 quas
371 1546 419 1595 in
453 1547 669 1595 medium
707 1547 983 1610 proferunt,
1021 1564 1118 1596 non
1146 1553 1390 1595 certorum
1419 1546 1670 1593 hominum
1699 1557 1814 1607 per-

139 1625 453 1690 suasionem,
505 1627 591 1675 sed
636 1628 913 1692 opinionem
962 1629 1208 1689 communi
1238 1627 1370 1691 vulgi
1403 1640 1647 1674 consensu
1681 1638 1815 1671 com-

139 1707 393 1769 probatam
427 1713 725 1773 proponunt.
1101 1703 1103 1705 ’

267 1788 344 1836 Ab
381 1787 625 1837 eiusmodi
658 1781 789 1836 'vitae
822 1803 1005 1851 genere
1036 1788 1204 1836 studia
1249 1786 1554 1835 eruditorum
1589 1783 1812 1833 saeculo-

140 1873 247 1914 rum
283 1868 491 1916 multum
514 1867 763 1916 differunt.
831 1867 1059 1916 Nascitur
1086 1867 1198 1916 fere
1225 1867 1440 1916 eruditio
1465 1882 1561 1929 quo
1588 1873 1814 1929 tempore

137 1946 376 1996 maiorum
411 1947 673 2011 disciplina
707 1947 945 1996 sufficere
977 1947 1256 1996 hominibus
1290 1947 1467 2004 desiit,
1514 1960 1673 2010 neque
1716 1944 1813 1992 iam

139 2027 430 2091 simpliciter
474 2027 652 2091 singuli
699 2045 727 2076 a
774 2027 1001 2092 patribus
1047 2027 1230 2076 tradita
1274 2027 1667 2090 amplectuntur,
1722 2022 1812 2072 sed

137 2106 348 2171 cognitis
384 2122 548 2156 rerum
584 2108 772 2156 caussis
806 2124 896 2167 ea,
948 2124 1074 2170 quae
1108 2108 1283 2172 cuique
1318 2107 1615 2172 probantur,
1650 2103 1813 2152 adsci-

139 2191 300 2236 scunt.
367 2186 486 2236 lnde
535 2203 625 2253 pro
674 2190 1017 2237 communione
1053 2188 1332 2236 studiorum
1369 2187 1578 2234 varietas
1613 2189 1811 2233 senten-

137 2268 350 2327 tiarum,
411 2283 504 2332 pro
565 2267 728 2333 legum
789 2268 1227 2332 institutorumque
1277 2267 1553 2315 reverentia
1597 2265 1810 2313 admira-

136 2347 207 2395 tio
251 2348 546 2412 placitorum
579 2349 988 2413 inventorumque
1035 2349 1229 2405 existit,
1277 2346 1664 2396 discessionibus
1709 2344 1810 2392 dis-

41 2471 55 2485 ,
138 2428 420 2491 cordiisque
477 2427 576 2475 vita
636 2433 739 2476 tum
792 2429 980 2493 privata
1026 2435 1133 2477 tum
1179 2427 1378 2491 publica
1430 2429 1686 2483 turbatum
1741 2419 1811 2488 nil

137 2507 270 2555 firmi
311 2523 473 2572 neque
515 2508 639 2556 certi
683 2508 1003 2572 relinquitur,
1048 2514 1102 2557 et
1150 2523 1275 2573 quae
1320 2523 1436 2555 vera
1481 2522 1594 2555 esse
1639 2509 1813 2553 natura

138 2587 247 2650 ipsa
281 2587 409 2636 duce
448 2588 615 2636 cuncti
662 2588 754 2636 sibi
788 2593 1168 2653 persuaserunt,
1213 2589 1275 2636 ad
1310 2587 1561 2652 purganda
1595 2584 1811 2650 singulo-

138 2672 264 2715 rum·
293 2666 556 2715 commissa
606 2669 907 2717 veteratorie
954 2670 1322 2733 detorquentur.
1388 2667 1519 2715 Raro
1571 2665 1700 2714 enim
1735 2663 1812 2712 fa·-

140 2752 218 2794 cta
265 2745 327 2793 ad
377 2745 590 2808 iudicia,
651 2749 846 2812 saepius
899 2749 1081 2797 iudicia
1121 2748 1182 2796 ad
1230 2748 1359 2796 facta
1419 2746 1810 2804 conformantur,

140 2826 454 2875 et-sentiunt
498 2842 648 2890 prave
695 2828 778 2891 qui
824 2845 976 2893 prave
1008 2827 1260 2890 fecerunt,
1307 2827 1694 2876 recte‘sentiunt
1727 2826 1812 2890 qui

138 2909 280 2956 recte
323 2905 580 2965 fecerunt3
632 2911 801 2956 contra
847 2909 930 2971 qui
978 2914 1244 2973 praecepta
1288 2908 1586 2973 sapientiae,
1634 2907 1810 2970 quibus

139 2986 319 3035 imbuti
370 2992 512 3043 sunt,
569 2991 764 3035 tuentes
800 2988 1114 3053 cupiditatum
1154 2989 1392 3052 impetum
1429 2987 1628 3035 fortiter
1663 2987 1810 3035 susti·

139 3072 316 3127 neant,
365 3066 509 3130 pauci
554 3066 879 3118 inveniuntur.
945 3068 986 3116 Ii
1029 3084 1146 3116 vero
1193 3069 1361 3131 specie
1411 3067 1618 3132 quadam
1653 3065 1808 3115 menti

143 3146 436 3195 obversante
469 3162 635 3194 rerum
670 3147 1046 3208 perfectiorum,
1093 3165 1236 3212 quam
1281 3163 1401 3211 quas
1434 3148 1608 3212 vulgus
1644 3146 1807 3210 sequi-

140 3233 234 3288 tur,
268 3226 557 3275 inflammati
578 3227 776 3292 egregia
809 3227 962 3276 edunt
993 3228 1186 3277 virtutis
1219 3228 1461 3292 exempla,
1490 3231 1629 3275 tanto
1653 3227 1808 3289 magis

141 3306 368 3355 omnibus
420 3306 733 3368 admiranda,
782 3314 961 3371 quanto
1007 3309 1168 3357 minus
1215 3310 1422 3357 naturae
1454 3308 1647 3372 impetu
1680 3305 1810 3370 pulsi

140 3392 519 3451 perpetrarunt=
568 3387 793 3435 videntur
838 3389 965 3437 enim
1013 3393 1172 3436 semet
1220 3389 1353 3451 ipsos
1386 3401 1627 3451 generoso
1661 3384 1810 3434 animi

79 3518 81 3520 ,
143 3465 347 3514 consilio
380 3467 558 3515 vicisse
592 3471 642 3514 et
674 3468 829 3516 auctis
862 3469 1041 3518 mentis
1076 3467 1260 3516 viribus
1294 3472 1516 3516 naturam
1552 3481 1691 3514 suam
1727 3479 1807 3511 su-

141 3561 360 3609 perasse.
430 3545 516 3595 Sic
563 3547 692 3595 vitiis
739 3548 946 3612 perinde
988 3552 1138 3611 atque
1185 3548 1450 3596 virtutibus
1485 3546 1619 3594 ducti
1653 3545 1701 3592 in
1736 3543 1809 3592 ‹li-
