2150 3866
1047 265 1176 320 219

391 411 626 477 „Infelix
660 413 804 478 virgo
837 418 952 461 tota
987 412 1268 462 bacchatur
1312 413 1368 460 in
1400 412 1546 471 urbe,

396 490 520 541 Non
552 499 761 558 styrace
796 491 961 542 Idaeo
981 494 1282 558 flagrantes
1307 493 1460 558 picta
1495 494 1727 560 capillos,

397 571 619 640 Cognita
652 589 755 622 non
789 574 984 622 teneris
1010 572 1232 639 pedibus
1262 570 1512 638 Sicyonia
1545 591 1775 638 servans,

395 652 521 702 Non
554 655 706 703 niveo
739 653 972 703 retinens
1005 653 1224 703 baccata
1258 654 1474 702 monilia
1510 655 1654 704 collo.

399 731 627 784 Multum
660 734 744 783 illi
776 735 974 783 incerto
1007 733 1277 800 trepidant
1310 735 1534 798 vestigia
1570 751 1755 785 cursu.-

394 812 572 881 Saepe
602 814 741 864 redit
768 815 975 881 patrios
1010 814 1293 864 ascendere
1320 814 1537 881 prodita
1571 833 1757 878 murm,

395 895 690 961 Aeriasque
708 897 853 960 facit
890 911 1125 944 caussam
1157 912 1215 945 se
1247 897 1414 944 visere
1446 901 1649 956 turres;

392 973 571 1042 Saepe
606 978 766 1026 etiam
800 977 977 1026 tristes
1008 977 1216 1026 volvens
1248 977 1305 1024 in
1338 982 1491 1025 nocte
1524 977 1779 1043 querelas,

394 1052 619 1105 Sedibus
656 1073 722 1106 ex
759 1058 881 1107 altis
917 1057 1051 1106 coeli
1080 1057 1384 1123 speculatur
1420 1073 1665 1115 amorem,

396 1133 682 1204 Castraque
709 1143 1011 1204 prospectat
1050 1136 1242 1187 crebris
1273 1137 1508 1186 lucentia
1529 1138 1782 1200 flammis.

395 1213 565 1266 Nulla
601 1219 767 1268 colum
802 1219 944 1267 novit
976 1234 1154 1267 carum
1187 1234 1285 1267 nec
1316 1218 1533 1284 respicit
1568 1233 1782 1278 aurum;

394 1294 520 1345 Non
555 1305 748 1363 arguta
780 1304 969 1347 sonant
1002 1299 1151 1348 tenui
1177 1298 1440 1365 psalteria
1481 1297 1693 1360 chorda,

397 1375 522 1426 Non
554 1377 750 1445 Libyco
782 1379 961 1428 molles
988 1378 1318 1445 plauduntur
1345 1378 1560 1445 pectine
1593 1379 1751 1430 telae.

393 1455 589 1507 Nullus
622 1461 679 1508 in
713 1475 804 1508 ore
831 1459 1024 1508 rubor.-
1059 1460 1150 1509 ubi
1178 1461 1315 1509 enim
1339 1459 1506 1519 rubor,
1542 1458 1710 1508 obstat
1736 1458 1948 1509 amori.''

259 1534 400 1586 Haec
445 1543 595 1603 atque
642 1541 738 1589 alia
784 1542 977 1590 nutrice
1011 1542 1372 1604 exprobrante,
1421 1540 1483 1587 ad
1522 1538 1778 1588 fatendum
1811 1555 1948 1590 amo-

258 1631 363 1665 rem
396 1619 534 1683 virgo
570 1620 788 1684 cogitur3
826 1620 1129 1669 confessioni
1164 1635 1343 1684 preces
1378 1620 1632 1685 adiungit:

389 1698 580 1760 „Quod
614 1706 670 1749 te
698 1716 798 1766 per
834 1700 1008 1749 divum
1045 1699 1248 1749 crebros
1284 1698 1507 1748 obtestor
1542 1715 1742 1749 amores

390 1776 594 1844 Perque
625 1787 774 1829 tuum
798 1781 1039 1829 memoris
1061 1779 1304 1828 baustum
1327 1779 1459 1828 mibi
1475 1786 1662 1846 pectus
1685 1780 1946 1845 alumnae,

404 1855 473 1906 Ut
506 1875 604 1919 me,
638 1861 688 1909 si
716 1877 932 1910 servare
951 1866 1120 1927 poteS,
1159 1877 1226 1908 ne
1255 1859 1482 1926 perdere
1517 1861 1686 1910 malis.

392 1936 493 1987 Sin
529 1947 707 1995 autem
742 1947 958 2007 optatae
990 1957 1109 2007 spes
1143 1946 1220 1989 est
1256 1941 1425 1989 incisa
1458 1941 1660 2002 salutis,

397 2017 486 2068 Ne
511 2020 654 2081 mihi,
689 2038 845 2087 quam
868 2022 1051 2082 merui,
1087 2014 1346 2079 invideas,
1373 2021 1656 2082 nutricula,
1683 2021 1947 2073 mortem.”

258 2094 389 2145 Tum
437 2115 560 2149 anus
609 2117 665 2150 se
712 2102 876 2150 omnia
922 2108 974 2152 et
1008 2108 1210 2166 patrare
1255 2107 1309 2151 et
1354 2102 1550 2168 perpeti
1585 2100 1761 2165 malle,
1804 2117 1950 2167 quam

259 2175 549 2230 dulcissima
584 2182 780 2231 alumna
813 2182 1016 2252 privari,
1053 2182 1298 2231 ostendit:

389 2259 530 2320 „Per
565 2263 665 2312 tibi
695 2263 998 2330 Dictynnae
1024 2264 1336 2330 praesentia
1370 2262 1588 2311 numina
1622 2261 1755 2323 iuro,

390 2339 571 2392 Prima
606 2343 762 2393 deum
813 2361 949 2411 quae
984 2351 1038 2393 te
1070 2343 1201 2393 mihi
1232 2343 1437 2393 dulcem
1474 2341 1634 2391 donat
1671 2343 1949 2405 alumnam,

395 2421 583 2473 Omnia
617 2442 699 2474 me
727 2427 906 2492 potius
941 2424 1105 2490 digna
1141 2431 1298 2491 atque
1333 2423 1553 2489 indigna
1587 2423 1821 2484 laborum

397 2500 576 2553 Millia
608 2507 855 2566 visuram,
892 2515 1046 2570 quam
1075 2511 1133 2553 te
1165 2497 1276 2554 tani
1308 2504 1543 2553 tristibus
1571 2504 1688 2553 istis

395 2580 646 2635 Sardibus
682 2593 730 2635 et
767 2587 938 2636 scoria
963 2587 1149 2652 patiar
1182 2585 1450 2635 tabescere
1482 2583 1635 2634 tali.''

261 2658 360 2709 Sed
412 2665 699 2730 priusquam
737 2667 954 2716 atrocius
1005 2667 1268 2730 quicquam
1304 2671 1539 2727 conetur,
1591 2679 1794 2728 operam
1828 2664 1948 2713 dan-

259 2740 374 2789 dam
421 2759 535 2794 esse
580 2752 773 2807 monet,
823 2753 878 2796 ut
927 2747 1139 2796 artificio
1173 2746 1338 2810 aliquo
1374 2745 1591 2809 doloque
1625 2749 1796 2809 optata
1829 2760 1949 2794 nan-

259 2820 475 2872 ciscatur
489 2824 569 2883 *):

390 2902 540 2963 „Sed
566 2909 718 2972 prius
750 2909 999 2958 incolumi
1027 2909 1204 2976 potius
1238 2915 1294 2957 te
1327 2907 1522 2956 nubere
1554 2922 1718 2973 regno

393 2985 570 3051 Atque
596 2987 794 3054 aliquos
819 2995 998 3039 tamen
1026 3005 1134 3037 esse
1160 2988 1289 3037 velis
1314 2987 1427 3048 tibi,
1456 2988 1687 3049 alumna,
1705 2991 1945 3053 penates.

396 3063 545 3126 Quod
581 3068 628 3115 si
660 3085 762 3117 non
798 3070 907 3119 alia
938 3070 1138 3136 poteris
1170 3070 1378 3118 ratione
1408 3075 1685 3134 parentem

394 3143 639 3197 Flectere
659 3149 775 3209 (sed
791 3151 1031 3216 poteris!
1065 3148 1192 3216 quid
1217 3150 1354 3198 enim
1379 3165 1483 3199 non
1509 3149 1667 3197 unica
1694 3146 1863 3213 possis
1874 3143 1943 3207 ἓ),

397 3224 542 3276 Tunc
567 3230 748 3294 potius
780 3236 959 3280 tamen
992 3231 1124 3298 ipsa,
1162 3230 1255 3296 pio
1288 3246 1403 3279 cum
1438 3231 1555 3278 iure
1588 3227 1781 3285 licebit,

317 3399 366 3453 *)
394 3399 623 3456 Aristoph.
655 3402 842 3445 Thesm.
871 3402 998 3446 sn:

509 3466 569 3527 ἢν
598 3467 660 3527 μὴ
689 3470 939 3529 nocuum&
972 3473 1022 3518 αἱ
1051 3473 1210 3530 μυρίαι
1239 3488 1293 3528 με
1322 3472 1536 3529 μηχαναί.
