2170 3866
1128 234 1254 294 452

339 386 558 437 noribus.
639 382 901 434 Praeterea
948 382 1105 448 pudet
1154 383 1274 433 huic
1321 383 1535 433 vastanti
1569 388 1751 436 terram
1787 386 2037 453 postulata

340 465 635 525 concedere,
670 470 721 513 et
753 469 900 529 turpe
935 470 1071 514 esset
1103 463 1384 524 Thebanis,
1419 464 1461 512 si
1493 464 1790 529 Argivorum
1824 483 1917 532 ego
1952 483 2037 515 ve-

340 562 456 596 rens
503 545 780 594 exercitum
825 561 1036 610 regnum
1079 544 1197 593 huic
1233 545 1496 594 traderem.
1568 544 1746 595 Debuit
1791 562 1892 596 non
1925 562 2036 596 cum

343 628 492 675 armis
529 624 986 676 reconciliationem
1021 640 1289 689 quaerere:
1336 623 1467 672 idem
1505 625 1639 673 enim
1673 627 1860 689 oratio,
1906 625 2038 691 quod

342 706 552 767 ferrum,
588 705 805 755 conticit.
873 706 959 755 Sin
993 705 1214 769 privatus
1250 704 1378 753 hanc
1411 710 1595 754 terram
1631 706 1858 755 habitare
1890 704 2041 765 volet,

343 787 540 846 licebit3
576 785 698 834 illud
734 801 853 833 vero
890 800 1137 848 nunquam
1173 784 1346 833 volens
1377 787 1662 846 concedam,
1703 792 1774 845 nt,
1811 802 1926 835 cum
1959 801 2040 834 re-

342 883 496 930 gnare
543 865 669 914 mihi
713 865 884 926 liceat,
932 865 1052 913 hnic
1097 865 1326 916 serviam.
1406 865 1621 915 Proinde
1667 867 1856 915 saeviat
1900 865 2042 929 ignis,

346 948 532 996 saeviat
581 946 807 1004 ferrum,
856 945 1048 1008 iungite
1083 961 1267 1008 equos,
1314 945 1520 1008 implete
1567 952 1752 996 terram
1788 945 2042 1006 curribus;

345 1033 396 1076 at
429 1042 634 1090 regnum
670 1025 900 1089 equidem
936 1025 1052 1072 huic
1087 1040 1335 1088 nunquam
1372 1026 1670 1076 concedam:

481 1105 666 1169 „Nam
697 1105 748 1153 si
780 1104 1082 1154 violandum
1117 1111 1194 1153 est
1228 1106 1327 1166 ina,
1362 1106 1627 1170 regnandi
1665 1108 1846 1172 gratia

489 1185 801 1236 Violandum
838 1192 911 1234 est
930 1204 951 1244 ;
991 1186 1111 1234 aliis
1144 1185 1296 1234 rebus
1325 1186 1583 1252 pietatem
1620 1187 1814 1236 colas.”

482 1267 637 1316 Plena
670 1266 944 1330 sapientiae
980 1270 1060 1314 est
1086 1267 1254 1314 matris
1285 1267 1462 1328 oratio,
1497 1274 1778 1333 opportune
1805 1264 2048 1330 sapientia

350 1354 403 1399 et
442 1347 701 1397 sententiis
726 1345 1137 1411 philosophorum
1174 1347 1374 1408 utentiS,
1410 1347 1495 1395 ubi
1521 1363 1648 1410 quae
1670 1363 1698 1395 a
1725 1348 1915 1410 pietate
1942 1345 2048 1411 peti

348 1427 531 1478 auxilia
583 1431 813 1490 poterant
846 1426 1035 1473 inutilia
1078 1442 1193 1474 esse
1237 1427 1443 1475 videret.
1511 1426 1730 1475 Primum
1765 1432 1935 1475 monet
1968 1425 2046 1474 iu-

350 1524 526 1558 venem
559 1505 801 1566 ferocem,
835 1521 899 1554 ne
934 1506 1208 1555 senectutis
1242 1506 1557 1571 prudentiam
1583 1511 1880 1555 contemnat.
1947 1504 2048 1554 De-

349 1588 467 1638 inde
503 1586 834 1651 perniciosam
870 1600 985 1633 esse
1019 1586 1340 1634 ambitionem
1389 1591 1441 1635 et
1475 1585 1712 1650 regnandi
1747 1586 2048 1650 cupidinem,

352 1669 605 1733 aequitate
639 1681 758 1714 vero
793 1682 890 1714 non
924 1671 1112 1714 tantum
1140 1666 1315 1714 domus
1342 1681 1399 1714 ac
1428 1666 1667 1725 civitates,
1703 1681 1876 1714 verum
1901 1664 2049 1713 etiam

351 1748 588 1799 mundum
636 1746 804 1812 ipsum
854 1747 1136 1795 conservari
1169 1747 1475 1810 argumentis
1523 1745 1670 1794 docet
1713 1743 2050 1794 luculentissi-

352 1830 461 1879 mis.
530 1826 661 1876 Tum
698 1827 894 1875 inanem
931 1842 1046 1874 esse
1079 1826 1322 1875 honorem
1357 1826 1577 1875 ostendit
1624 1832 1674 1874 et
1709 1825 1816 1874 solo
1851 1823 2069 1873 nomine*

353 1904 521 1974 decipi
571 1907 656 1971 qui
700 1906 813 1971 plus
858 1907 1046 1955 habere
1093 1907 1319 1972 cupiant:
1367 1907 1489 1954 satis
1541 1905 1715 1971 magna
1750 1920 1864 1954 esse
1898 1920 2051 1968 quae-

354 2004 550 2053 cunque
585 1987 851 2036 sufficiant.
921 1986 1181 2050 Regnare,
1217 1987 1410 2050 inquit,
1460 2002 1606 2050 quam
1643 2001 1845 2035 servare
1879 1985 2051 2034 civita-

353 2077 472 2129 tem,
509 2069 689 2117 mavis:
727 2070 778 2114 at
813 2067 856 2115 si
891 2068 1097 2117 vicerint
1132 2067 1321 2133 Argivi,
1358 2083 1480 2132 opes
1515 2068 1644 2114 istae
1679 2067 1834 2131 ipsae,
1871 2064 2050 2129 quibus

354 2149 554 2208 studes,
607 2148 695 2196 tibi
729 2147 961 2196 funestae
997 2152 1163 2196 erunt.
1231 2147 1352 2196 lnde
1388 2146 1450 2194 ad
1486 2146 1775 2209 Polynicem
1815 2159 2053 2193 conversa

352 2230 543 2280 haecce
588 2226 799 2286 dicit*):
848 2226 1143 2274 Perversam
1191 2227 1285 2274 tibi
1329 2226 1543 2288 gratiam
1577 2226 1823 2273 Adrastus
1859 2223 2050 2287 gratili-

355 2312 499 2360 catus
535 2313 631 2365 est,
667 2311 720 2355 et
752 2306 1095 2369 imprudenter
1129 2311 1182 2352 tu
1216 2305 1327 2369 ipse
1365 2305 1426 2351 ad
1463 2303 1674 2368 patriam
1708 2303 1969 2368 profectus
1994 2317 2050 2350 es

357 2386 765 2446 exscindendam,
798 2386 885 2434 ubi
916 2390 968 2433 et
995 2385 1194 2432 vincere
1230 2389 1283 2432 et
1315 2383 1444 2431 vinci
1479 2382 1684 2446 perinde
1719 2390 1866 2447 turpe
1900 2383 2052 2431 mise-

355 2484 566 2533 rumque
601 2470 698 2515 est.
768 2464 996 2514 Omittite
1027 2464 1180 2529 igitur
1214 2463 1531 2512 immodicam
1567 2463 1879 2526 cupidinem:
1926 2461 2051 2512 duo-

355 2566 469 2600 rum
526 2547 722 2596 inscitia
786 2546 838 2595 in
901 2561 1051 2595 unum
1117 2544 1415 2593 conveniens
1480 2542 1831 2608 gravissimum
1894 2541 2054 2591 efficit

357 2629 541 2679 malum
555 2625 656 2692 **).

483 2708 577 2757 His
623 2705 805 2756 auditis
859 2704 1095 2754 Eteocles
1157 2704 1402 2754 inutiliter
1447 2709 1647 2768 tempus
1695 2703 1766 2752 ait
1813 2702 2052 2764 consumi,

358 2804 520 2853 neque
554 2788 814 2852 quicquam
858 2786 1035 2852 profici
1070 2786 1262 2843 verbiS,
1310 2800 1369 2834 ac
1420 2784 1527 2834 sine
1563 2800 1704 2835 mora
1737 2782 1877 2833 abire
1911 2788 2053 2833 extra

418 3020 468 3074 ²⁵)
498 3019 650 3061 Schol.
679 3032 722 3060 v.
751 3016 855 3064 5683
889 3017 967 3060 ἵνα
994 3016 1057 3074 μὴ
1091 3015 1204 3074 δόξῃ
1235 3013 1455 3073 δνςχερὴς
1481 3011 1706 3060 Ἐτεοκλεῖ
1714 3037 1742 3066 ,·
1767 3010 1896 3071 αὐτῷ
1925 3011 2053 3072 μόνῳ

506 3088 776 3144 ἐπιτιμῶσα,
807 3087 1051 3144 στρέφεται
1080 3087 1159 3131 καὶ
1187 3085 1303 3141 πρὸς
1324 3087 1607 3141 Πολυνείκην
1637 3089 1732 3129 κτλ.

390 3161 471 3217 *ἢ
499 3159 633 3203 Aliud
667 3173 808 3216 agens
837 3160 952 3201 haec
980 3159 1147 3216 legisse
1177 3158 1356 3200 videtur
1384 3158 1655 3208 scholiasta,
1701 3155 1779 3211 qui
1806 3154 2054 3209 reprehen-

439 3275 441 3277 ,
503 3231 567 3273 dit
596 3232 659 3284 (v.
691 3228 839 3283 584),
883 3231 1000 3284 quod
1029 3228 1296 3288 non-iubeat
1325 3229 1470 3271 denuo
1498 3228 1621 3270 facta
1655 3223 1915 3281 patrimonii
1945 3238 2053 3279 par-

501 3301 657 3346 titione
697 3299 833 3342 certis
868 3301 1047 3357 legibus
1083 3301 1253 3342 bellum
1292 3298 1513 3354 componi.
1572 3297 1669 3340 Non
1707 3295 1926 3338 intellexit
1963 3295 2054 3336 hoc

497 3373 648 3428 ipsum
685 3374 889 3426 spectare
930 3371 1088 3413 matris
1125 3370 1373 3413 orationem
1408 3374 1452 3413 et
1487 3367 1824 3425 importunitate
1854 3365 2053 3409 Eteoclis

502 3442 776 3499 colloquium
804 3440 953 3486 subito
989 3441 1211 3497 abrumpi.
