2170 3848
1129 253 1253 311 148

372 402 622 468 praedicta
656 414 769 448 esse
802 404 1021 466 apparet.
1086 399 1250 448 Etiam
1293 397 1515 448 fraudem
1562 401 1758 464 generis
1789 405 2029 450 matrona-

373 498 481 531 rum
514 496 542 527 a
575 480 667 528 deo
702 480 949 528 detectam
984 493 1096 527 esse
1130 483 1506 528 consentaneum
1541 484 1633 528 est.

503 558 634 608 Duas
681 559 850 607 Phrixi
891 558 1080 607 fabulas
1129 559 1190 607 ab
1236 557 1475 621 Euripide
1529 558 1830 623 conscriptas
1874 557 2031 612 fuisse

372 653 433 687 ex
468 638 762 687 scholiastae
797 637 1051 702 Aristoph.
1089 637 1213 688 Rau.
1259 639 1402 685 1256.
1444 636 1641 701 (1225.)
1684 637 1846 686 verbis
1890 638 2029 686 hisce

370 717 571 782 collegit
605 717 924 766 Welckerus:
960 714 1065 767 ἔστι
1099 714 1156 767 δὲ
1189 719 1286 766 τοῦ
1342 709 1390 780 β’
1426 714 1626 778 Φρίξου
1660 714 1961 779 Εὐριπίδου
1996 713 2032 782 ἦ

369 793 517 861 ἀρχή.
584 796 691 862 Ego
725 797 869 845 citius
904 798 1115 846 scribam
1147 796 1199 845 in
1222 797 1314 844 hac
1339 811 1432 844 una
1459 795 1621 844 littera
1646 811 1855 854 errasse,
1889 810 2031 858 quam

371 877 625 925 silentibus
659 875 872 924 testibus
905 875 1105 939 reliquis
1140 874 1364 924 omnibus
1387 874 1520 924 hunc
1544 890 1694 924 unum
1717 873 2032 923 scholiastam

371 971 538 1003 verum
574 954 836 1002 tradidisse
870 955 1178 1004 crediderim.

502 1032 735 1081 Ceterum
770 1048 865 1081 non
900 1034 1125 1098 exiguam
1158 1034 1304 1082 huius
1340 1033 1626 1098 tragoediae
1659 1030 2032 1083 laudemrfuisse

370 1113 484 1162 inde
518 1116 748 1176 apparet,
797 1113 927 1176 quod
964 1120 1129 1176 partes
1165 1113 1269 1161 eius
1304 1112 1381 1161 vel
1415 1128 1585 1162 versus
1622 1113 1856 1172 Isocrati,
1892 1111 2031 1160 Anti-

368 1192 529 1257 patri,
565 1191 910 1255 Aristophani,
946 1192 1238 1251 Plutarcho,
1276 1191 1487 1254 lustino,
1524 1192 1806 1250 Athenaeo,
1856 1190 2031 1240 Erato-

369 1271 557 1325 stheni,
595 1270 747 1320 Sexto
782 1270 954 1337 Emp.,
991 1272 1234 1332 Eusebio,
1271 1270 1510 1320 Clementi
1544 1271 1685 1322 Alex.
1719 1270 1923 1334 aliisque
1955 1268 2031 1317 fa-

367 1350 585 1415 miliares
619 1350 836 1402 fuerunt.
905 1350 1080 1414 Neque
1124 1351 1186 1399 ad
1234 1351 1382 1398 verba
1415 1356 1603 1400 tantum
1637 1349 1876 1414 quaedam
1910 1347 2031 1398 Ari-

369 1430 634 1493 stophanes
668 1429 715 1476 iu
750 1428 900 1478 Ranis
937 1429 1104 1491 (1225.
1134 1436 1186 1478 et
1216 1431 1359 1477 1477.
1395 1433 1447 1477 et
1476 1428 1643 1496 1082.)
1667 1428 1906 1494 respexit,
1940 1428 2031 1476 sed

368 1515 529 1558 totum
579 1508 746 1556 drama
797 1510 856 1557 ad
908 1510 1058 1557 risum
1111 1510 1382 1557 detorsisse
1422 1509 1617 1557 videtur
1659 1510 1706 1557 in
1740 1508 2030 1572 Lysistrata,

370 1605 468 1652 qna
516 1587 634 1635 fecit
683 1587 814 1635 viros
850 1588 1139 1636 abstinentia
1174 1587 1382 1636 Veneris
1418 1605 1508 1654 pro
1545 1589 1639 1637 cibi
1674 1587 1947 1652 privatione
1979 1586 2031 1634 in

370 1667 615 1730 angustias
667 1682 696 1712 a
751 1666 1036 1715 mulieribus
1092 1667 1335 1731 compelli,
1412 1667 1547 1716 Idem
1592 1672 1931 1733 argumentum
1978 1670 2032 1714 et

369 1745 642 1808 Aeschylus
689 1750 741 1792 et
778 1744 1048 1808 Sophocles
1093 1749 1452 1805 tractaverunt,
1497 1746 1806 1794 Athamantis
1851 1758 2030 1794 nomeu

368 1824 548 1875 fabulis
596 1824 697 1872 suis
744 1824 1083 1876 inscribentes.
1154 1825 1218 1873 Et
1251 1824 1515 1890 Sophoclis
1550 1826 1743 1890 quidem
1778 1839 2031 1887 argumen-

368 1912 472 1954 tum
520 1902 764 1966 quomodo
812 1903 1170 1953 conformatum
1229 1904 1408 1964 fuerit,
1479 1921 1540 1953 ex
1585 1903 1738 1953 schol.
1778 1902 2030 1968 Aristoph.

369 1983 501 2032 Nnb.
529 1985 642 2031 258.
671 1983 998 2046 cognoscitur.
1067 1983 1350 2031 Sterilitatis
1375 1983 1649 2032 auctricem·
1665 1983 1922 2048 Nephelen
1955 1983 2031 2032 in·-

369 2062 577 2111 duxerat
609 2061 907 2121 Athamanti‚
943 2063 1074 2124 quod
1111 2067 1277 2126 spreta
1305 2067 1459 2125 atque
1493 2061 1625 2110 Inoni
1659 2062 1852 2110 mortali
1885 2065 2030 2126 post-

369 2141 531 2206 posita
577 2144 702 2201 erat,
746 2141 1055 2190 irascentem.
1137 2140 1482 2190 Adulterinum
1528 2140 1776 2191 oraculum
1824 2146 1875 2188 et
1921 2139 2031 2205 ipse

369 2220 548 2268 fraude
593 2218 758 2267 Inonis
804 2219 981 2268 referri
1016 2220 1243 2269 finxerat.
1311 2220 1698 2269 Arcessebantur
1729 2219 1908 2275 deinde
1941 2234 2032 2283 per

370 2299 535 2348 dolum
572 2313 634 2346 ex
677 2299 804 2360 agris
839 2298 936 2346 duo
969 2299 1218 2364 Nepheles
1268 2299 1439 2357 liberi,
1486 2300 1661 2364 quibus
1704 2300 1863 2359 aries,
1909 2313 2032 2347 voce

370 2385 514 2427 utens
548 2378 774 2439 humana,
808 2378 1078 2441 periculum
1114 2378 1395 2440 declaravit,
1429 2379 1694 2442 statimque
1728 2379 1799 2426 illi
1830 2377 1882 2426 iu
1923 2378 2029 2427 eius

373 2463 566 2522 tergum
591 2457 913 2505 ascendentes
949 2458 1155 2507 salutem
1181 2458 1442 2523 petierunt.
1477 2458 1701 2523 Nephele
1728 2462 1892 2506 autem
1913 2471 2031 2523 poe-

368 2552 454 2586 nas
491 2536 656 2584 caedis
690 2536 959 2586 liberorum
1007 2538 1065 2586 ab
1101 2537 1390 2587 Athamante
1423 2543 1660 2602 expetens
1694 2538 1852 2603 ipsum
1885 2535 2032 2584 iussit

367 2615 626 2665 immolari.
693 2614 790 2677 Qui
823 2631 934 2664 cum
970 2622 1226 2673 coronatus
1259 2617 1322 2665 ad
1355 2631 1487 2664 aram
1522 2617 1852 2673 constitisset,
1899 2614 2030 2664 Her-

371 2696 492 2744 culis
534 2695 808 2744 interventu
861 2702 1084 2746 servatus
1119 2700 1220 2746 est.
1287 2695 1483 2760 Duplici
1526 2695 1675 2761 igitur
1707 2696 1912 2745 deorum
1945 2710 2029 2744 au-

368 2773 486 2823 xilio
521 2774 782 2839 dupliciter
813 2774 1103 2840 impeditum
1129 2775 1309 2824 nodum
1336 2774 1606 2838 Sophocles
1629 2790 1724 2824 non
1746 2774 1906 2834 solvit,
1939 2773 2030 2822 sed

369 2853 583 2902 discidit.
652 2852 825 2916 Neque
851 2860 1014 2904 tamen
1042 2855 1361 2919 inelegantem
1386 2853 1511 2903 hanc
1537 2853 1836 2920 tragoediam
1872 2853 2029 2902 fuisse

371 2930 488 2980 inde
523 2932 768 2993 coniicia8‚
804 2935 936 2999 quod
968 2935 1134 2985 Attius
1169 2950 1275 2982 eam
1309 2933 1527 2984 imitatus
1562 2939 1643 2985 est
1659 2934 1723 2998 ¹0¹).

423 3070 475 3126 *J
506 3071 676 3115 Welck.
705 3088 750 3129 p.
779 3073 867 3118 319
891 3088 1010 3131 seqq.

981 3286 1381 3295 ———————-—-
