2170 3866
885 259 1015 319 495

111 412 400 480 compulsu·
435 417 632 461 terrore
676 414 728 459 et
774 425 955 476 parens
992 407 1284 458 necessitati
1318 406 1584 457 Menelaus
1618 405 1815 458 faceret

113 488 473 561 quaGOrestes
497 492 789 557 postularet,
819 506 965 554 quam
990 490 1114 538 viam
1130 489 1400 553 Euripides
1416 505 1492 536 vv.
1515 491 1645 538 1193
1670 504 1814 553 seqq.

111 575 452 642 praeparavit3
485 573 575 622 sed
613 587 766 636 quum
813 572 908 619 deo
944 586 1072 634 opus
1108 576 1273 630 esset,
1325 570 1410 633 qui
1445 574 1818 619 consummaret

113 673 196 706 res
235 661 290 704 et
323 653 490 702 futura
525 654 856 718 praediceret,
890 651 1012 699 fecit
1046 650 1334 699 Menelaum
1359 649 1605 699 clamores
1635 651 1815 699 tollen-

114 743 235 797 tem,
269 735 447 800 quibus
473 734 536 781 ad
562 733 795 781 auxilium
819 731 1081 780 ferendum
1113 732 1245 779 cives
1270 730 1516 779 inutiliter
1545 730 1821 779 concitaret

117 815 234 882 (non
271 820 501 879 poterant
530 814 676 873 enim,
711 812 1002 876 praesertim
1040 811 1140 859 illis
1177 812 1238 859 ad
1267 811 1579 859 moriendum
1608 811 1819 875 paratis,

116 901 329 961 mortem
355 894 660 943 Hermionae
695 892 908 955 arcere),
944 899 998 940 et
1026 892 1219 940 induxit
1250 892 1534 957 Apollinem
1559 907 1642 940 res
1679 906 1820 940 com-

116 981 399 1042 ponentem.
471 973 761 1022 Ostenditur
819 974 866 1022 in
901 974 1108 1022 aethere
1141 974 1301 1037 imago
1339 973 1562 1021 Helenae
1597 972 1659 1020 ad
1695 973 1820 1021 deos

118 1056 371 1114 sublatae,
408 1071 566 1118 quae,
601 1071 700 1117 quo
736 1054 892 1116 magis
929 1053 1074 1116 digna
1112 1054 1236 1113 fuit,
1272 1070 1397 1118 quae
1431 1053 1818 1111 interficeretur,-

116 1142 256 1186 tanto
291 1137 453 1184 minus
489 1135 635 1200 digna
672 1134 963 1199 quibusdam
1001 1150 1116 1182 esse
1149 1134 1254 1181 visa
1290 1139 1396 1193 est,
1447 1149 1576 1196 quae
1611 1132 1660 1181 in
1696 1133 1821 1180 deo-

117 1233 228 1266 rum
262 1216 449 1280 templa
482 1216 810 1278 reciperetur.
880 1216 948 1263 At
996 1215 1028 1261 ii
1057 1215 1259 1272 *minus,
1301 1213 1418 1275 quid
1466 1212 1530 1260 de
1575 1211 1821 1261 virtutum

117 1296 388 1345 honoribus
432 1296 620 1357 antiqui
667 1295 970 1355 sensissent,
1020 1309 1167 1356 quam
1212 1292 1331 1356 quid
1366 1292 1523 1340 nostri
1559 1294 1823 1353 sentirent,

116 1381 381 1440 reputasse
415 1376 662 1423 videntur.
720 1374 872 1421 Certe
908 1375 1036 1422 enim
1073 1374 1136 1421 de
1170 1377 1434 1420 venustate
1459 1372 1653 1422 formae
1687 1374 1823 1422 nullo

114 1457 228 1504 loco
260 1455 530 1520 Euripides
559 1453 784 1502 Helenae
818 1455 1080 1518 quicquam
1109 1453 1369 1515 derogavit
1395 1468 1558 1517 neque
1584 1470 1697 1502 eam
1724 1454 1824 1503 ulla

116 1552 179 1585 ex
224 1541 367 1599 parte
413 1534 717 1583 deteriorem
754 1533 954 1583 Venere
990 1550 1103 1581 esse
1136 1533 1292 1591 dixit,
1342 1549 1469 1597 quae
1503 1540 1556 1583 et
1589 1534 1698 1598 ipsa
1729 1535 1823 1582 ho-

118 1616 323 1664 noribus
373 1615 552 1663 divinis
588 1613 868 1661 fruebatur.
935 1613 1151 1662 Deorum
1197 1629 1343 1662 nemo
1379 1614 1610 1663 omnibus
1647 1629 1824 1663 nume*

42 1706 45 1708 ’
117 1696 188 1745 ris
222 1694 481 1760 perfectus
514 1693 808 1755 habebatur,
853 1700 906 1741 et
941 1694 1226 1742 sufficiebat
1262 1695 1408 1743 unius
1444 1695 1644 1744 virtutis
1678 1710 1824 1759 prae—

119 1776 304 1825 stantia
338 1775 402 1823 ad
436 1774 816 1839 impertiendam
852 1773 1172 1826 divinitatem.
1230 1774 1493 1824 Perfectae
1515 1781 1683 1824 autem
1711 1773 1827 1839 pul·

121 1855 383 1906 critudinis
418 1855 634 1919 species,
673 1854 870 1917 qualem
907 1856 1084 1903 animis
1119 1855 1388 1921 fingimus,
1423 1856 1636 1905 infuisse
1672 1856 1824 1905 Hele-⁶

121 1951 216 1986 nae
250 1935 547 2000 putabatur,
582 1934 725 1982 cuius
759 1937 955 1997 generis
989 1936 1230 2002 imagines
1267 1944 1496 1986 aeternas
1530 1937 1826 2002 divinasque

122 2031 238 2066 esse
272 2015 454 2064 docent
499 2015 783 2080 philosophi
831 2019 883 2064 et
929 2018 1053 2065 mira
1095 2017 1316 2066 excitare
1350 2018 1607 2067 hominum
1641 2018 1824 2078 studia,

121 2102 183 2146 ut
229 2111 382 2160 saepe
433 2096 705 2160 cupiditate
750 2096 944 2145 illarum
1002 2097 1345 2146 habendarum
1393 2099 1587 2164 abrepti
1632 2099 1827 2162 reliqua

119 2178 253 2226 bona
282 2176 447 2225 omnia
480 2177 725 2236 abiiciant,
760 2178 812 2226 id
848 2176 979 2241 quod
1014 2177 1222 2226 Graecis
1258 2178 1592 2243 Troianisque
1626 2178 1828 2242 accidit,-

122 2257 188 2307 de
222 2257 449 2306 Helenae
482 2257 615 2304 inani
651 2259 821 2322 specie
854 2259 983 2306 inter
1019 2275 1074 2307 se
1109 2258 1481 2310 dimicantibus,

254 2336 490 2386 Orestem
539 2337 679 2386 iubet
725 2338 908 2402 Apollo
955 2355 1107 2387 unum
1141 2355 1322 2389 annum
1359 2341 1617 2402 exsulare,
1665 2355 1828 2404 eoque

122 2424 329 2483 peracto
379 2418 616 2467 iudicium
678 2420 846 2468 caedis
900 2425 1180 2479 maternae,
1245 2423 1595 2470 accusantibus
1642 2420 1827 2481 Furiis,

124 2499 258 2562 apud
293 2497 540 2563 Areopagi
575 2499 766 2548 iudices
803 2500 1001 2558 subire,
1039 2514 1137 2562 quo
1171 2500 1356 2549 iudicio
1391 2518 1507 2550 eum
1543 2501 1827 2550 absolutum

123 2578 186 2625 iri
220 2578 479 2643 praedicit.
547 2578 640 2627 His
676 2581 896 2643 peractis
934 2581 1095 2628 eidem
1122 2581 1425 2630 Hermionae
1459 2582 1827 2631 matrimonium

124 2663 176 2706 et
210 2674 418 2724 regnum
454 2659 746 2721 Argivorum
784 2677 812 2708 a
847 2659 1080 2708 Menelao
1130 2662 1505 2711 concedendum
1541 2663 1680 2723 fore,
1728 2662 1826 2728 Py-

124 2737 225 2786 ladi
258 2744 426 2790 autem
452 2738 704 2788 Electram
731 2741 1068 2789 collocandam
1103 2758 1232 2791 esse.
1303 2743 1387 2791 Sic
1424 2744 1716 2809 compositis
1742 2759 1825 2792 re-
1855 2735 1860 2739 ¹

123 2817 216 2866 bus
252 2819 626 2880 conciliatisque
653 2821 785 2870 inter
811 2839 865 2870 se
891 2824 1138 2881 omnibus,
1176 2825 1373 2872 omissis
1404 2824 1825 2881 contentionibus,

122 2897 355 2962 Apolline
392 2898 631 2947 Helenam
667 2902 727 2949 ad
764 2918 992 2968 superos,
1041 2903 1232 2968 Pylade
1267 2904 1522 2954 Electram
1558 2905 1608 2953 in
1645 2904 1827 2953 Phoci-

123 2977 239 3026 dem
276 2979 572 3041 abducente,
610 2980 784 3030 drama
815 2984 1005 3044 finitur,
1041 2985 1174 3048 quod
1209 3002 1417 3035 numero
1449 2984 1828 3052 praestantissi-

122 3073 318 3108 morum
365 3060 587 3109 habitum
636 3063 696 3110 ab
744 3065 959 3128 antiquis
1021 3070 1072 3114 et
1116 3067 1565 3116 celebratissimum
1614 3065 1827 3114 theatris

122 3138 281 3187 fuisse
327 3141 481 3188 multa
517 3148 790 3192 testantur:
837 3145 1040 3193 Strattis
1085 3147 1306 3196 comicus
1342 3147 1377 3196 l.
1412 3148 1475 3197 l.:
1515 3145 1826 3213 Εὐριπίδου

125 3215 350 3283 δρᾶμα
386 3218 803 3282 δεξιώτατον
829 3218 1101 3291 Ὀρέστην.
1155 3229 1360 3294 Argum.
1397 3247 1504 3295 pr.:
1539 3229 1600 3279 τὸ
1638 3227 1823 3292 δρᾶμα

123 3300 255 3350 τῶν
313 3298 415 3351 ἐπὶ
474 3307 732 3371 σκηνῆς
787 3305 1384 3371 εὐδοκιμούντων.
1485 3311 1822 3360 Terentianus

124 3379 372 3432 Maurusa·
407 3384 631 3442 „Fabula
678 3387 751 3435 sic
798 3387 1054 3454 Euripidis
1103 3391 1361 3455 inclyta
1408 3395 1652 3440 monstrat
1688 3390 1824 3440 Ore-

124 3459 281 3511 stes.”
351 3463 780 3531 Vituperationem
815 3469 1032 3534 scriptor
1064 3474 1345 3535 argumenti
1381 3472 1593 3532 adiecit,
1627 3470 1822 3521 vitiosis
