<?xml version="1.0" encoding="UTF-8"?>
<!DOCTYPE html PUBLIC "-//W3C//DTD XHTML 1.0 Transitional//EN"
    "http://www.w3.org/TR/xhtml1/DTD/xhtml1-transitional.dtd">
<html xmlns="http://www.w3.org/1999/xhtml" xml:lang="en" lang="en">
 <head>
  <title>
</title>
<meta http-equiv="Content-Type" content="text/html;charset=utf-8" />
  <meta name='ocr-system' content='tesseract 3.04.00' />
  <meta name='ocr-capabilities' content='ocr_page ocr_carea ocr_par ocr_line ocrx_word'/>
</head>
<body>
  <div class='ocr_page' id='page_1' title='image "./euripidesrestitu02hartuoft_0307.png"; bbox 0 0 2124 3860; ppageno 0'>
   <div class='ocr_carea' id='block_1_1' title="bbox 919 276 1038 336">
    <p class='ocr_par' dir='ltr' id='par_1_1' title="bbox 919 276 1038 336">
     <span class='ocr_line' id='line_1_1' title="bbox 919 276 1038 336; baseline -0.017 0"><span class='ocrx_word' id='word_1_1' title='bbox 919 276 1038 336; x_wconf 80' lang='lat'><strong>295</strong></span> 
     </span>
    </p>
   </div>
   <div class='ocr_carea' id='block_1_2' title="bbox 113 421 1857 3277">
    <p class='ocr_par' dir='ltr' id='par_1_2' title="bbox 113 421 1857 3277">
     <span class='ocr_line' id='line_1_2' title="bbox 135 421 1799 487; baseline -0.004 -11"><span class='ocrx_word' id='word_1_2' title='bbox 135 428 241 477; x_wconf 80' lang='lat' dir='ltr'><strong>sive</strong></span> <span class='ocrx_word' id='word_1_3' title='bbox 288 424 516 484; x_wconf 73' lang='lat' dir='ltr'><strong>canticis,</strong></span> <span class='ocrx_word' id='word_1_4' title='bbox 571 424 737 473; x_wconf 84' lang='lat' dir='ltr'><strong>choris</strong></span> <span class='ocrx_word' id='word_1_5' title='bbox 771 429 934 473; x_wconf 87' lang='lat' dir='ltr'><strong>autem</strong></span> <span class='ocrx_word' id='word_1_6' title='bbox 969 421 1327 487; x_wconf 77' lang='lat' dir='ltr'><strong>tranquilliores</strong></span> <span class='ocrx_word' id='word_1_7' title='bbox 1362 421 1535 471; x_wconf 89' lang='lat' dir='ltr'><strong>modos</strong></span> <span class='ocrx_word' id='word_1_8' title='bbox 1568 437 1626 472; x_wconf 86' lang='lat' dir='ltr'><strong>ac</strong></span> <span class='ocrx_word' id='word_1_9' title='bbox 1657 422 1799 473; x_wconf 85' lang='lat' dir='ltr'><strong>flebi-</strong></span> 
     </span>
     <span class='ocr_line' id='line_1_3' title="bbox 135 501 1796 565; baseline -0.003 -10"><span class='ocrx_word' id='word_1_10' title='bbox 135 507 224 565; x_wconf 82' lang='lat' dir='ltr'><strong>les,</strong></span> <span class='ocrx_word' id='word_1_11' title='bbox 263 512 316 556; x_wconf 85' lang='lat' dir='ltr'><strong>ut</strong></span> <span class='ocrx_word' id='word_1_12' title='bbox 335 505 664 558; x_wconf 77' lang='lat' dir='ltr'><strong>humaniores,</strong></span> <span class='ocrx_word' id='word_1_13' title='bbox 701 503 970 553; x_wconf 88' lang='lat' dir='ltr'><strong>destinatos</strong></span> <span class='ocrx_word' id='word_1_14' title='bbox 994 518 1128 550; x_wconf 87' lang='lat' dir='ltr'><strong>esse:</strong></span> <span class='ocrx_word' id='word_1_15' title='bbox 1172 516 1283 548; x_wconf 86' lang='lat' dir='ltr'><strong>esse</strong></span> <span class='ocrx_word' id='word_1_16' title='bbox 1311 502 1437 549; x_wconf 92' lang='lat' dir='ltr'><strong>enim</strong></span> <span class='ocrx_word' id='word_1_17' title='bbox 1473 501 1677 551; x_wconf 85' lang='lat' dir='ltr'><strong>chorum</strong></span> <span class='ocrx_word' id='word_1_18' title='bbox 1711 502 1796 551; x_wconf 90' lang='lat' dir='ltr'><strong>cli-</strong></span> 
     </span>
     <span class='ocr_line' id='line_1_4' title="bbox 132 580 1796 649; baseline -0.003 -14"><span class='ocrx_word' id='word_1_19' title='bbox 132 592 298 635; x_wconf 82' lang='lat' dir='ltr'><strong>entem</strong></span> <span class='ocrx_word' id='word_1_20' title='bbox 347 585 587 649; x_wconf 89' lang='lat' dir='ltr'><strong>quendam</strong></span> <span class='ocrx_word' id='word_1_21' title='bbox 635 584 874 644; x_wconf 77' lang='lat' dir='ltr'><strong>otiosum,</strong></span> <span class='ocrx_word' id='word_1_22' title='bbox 922 588 974 631; x_wconf 89' lang='lat' dir='ltr'><strong>et</strong></span> <span class='ocrx_word' id='word_1_23' title='bbox 1013 580 1398 632; x_wconf 81' lang='lat' dir='ltr'><strong>benevolentiam</strong></span> <span class='ocrx_word' id='word_1_24' title='bbox 1434 581 1684 630; x_wconf 76' lang='lat' dir='ltr'><strong>dumtaxat</strong></span> <span class='ocrx_word' id='word_1_25' title='bbox 1717 582 1796 642; x_wconf 75' lang='lat' dir='ltr'><strong>iis,</strong></span> 
     </span>
     <span class='ocr_line' id='line_1_5' title="bbox 130 660 1795 730; baseline -0.002 -16"><span class='ocrx_word' id='word_1_26' title='bbox 130 665 307 730; x_wconf 88' lang='lat' dir='ltr'><strong>quibus</strong></span> <span class='ocrx_word' id='word_1_27' title='bbox 357 664 517 724; x_wconf 82' lang='lat' dir='ltr'><strong>adsit,</strong></span> <span class='ocrx_word' id='word_1_28' title='bbox 566 670 835 728; x_wconf 88' lang='lat' dir='ltr'><strong>praestare.</strong></span> <span class='ocrx_word' id='word_1_29' title='bbox 916 662 993 710; x_wconf 93' lang='lat' dir='ltr'><strong>Ad</strong></span> <span class='ocrx_word' id='word_1_30' title='bbox 1039 660 1278 723; x_wconf 88' lang='lat' dir='ltr'><strong>reliquum</strong></span> <span class='ocrx_word' id='word_1_31' title='bbox 1335 667 1496 709; x_wconf 90' lang='lat' dir='ltr'><strong>autem</strong></span> <span class='ocrx_word' id='word_1_32' title='bbox 1548 661 1795 710; x_wconf 90' lang='lat' dir='ltr'><strong>scribendi</strong></span> 
     </span>
     <span class='ocr_line' id='line_1_6' title="bbox 127 738 1792 810; baseline -0.001 -18"><span class='ocrx_word' id='word_1_33' title='bbox 127 761 282 810; x_wconf 87' lang='lat' dir='ltr'><strong>genus</strong></span> <span class='ocrx_word' id='word_1_34' title='bbox 317 747 448 807; x_wconf 88' lang='lat' dir='ltr'><strong>quod</strong></span> <span class='ocrx_word' id='word_1_35' title='bbox 483 745 676 799; x_wconf 78' lang='lat' dir='ltr'><strong>attinet,</strong></span> <span class='ocrx_word' id='word_1_36' title='bbox 713 742 946 807; x_wconf 78' lang='lat' dir='ltr'>pleraque</span> <span class='ocrx_word' id='word_1_37' title='bbox 980 740 1028 787; x_wconf 90' lang='lat' dir='ltr'><strong>in</strong></span> <span class='ocrx_word' id='word_1_38' title='bbox 1065 738 1348 804; x_wconf 80' lang='lat' dir='ltr'>Euripidem</span> <span class='ocrx_word' id='word_1_39' title='bbox 1387 741 1678 790; x_wconf 77' lang='lat' dir='ltr'><strong>conveniunt</strong></span> <span class='ocrx_word' id='word_1_40' title='bbox 1707 757 1792 790; x_wconf 87' lang='lat' dir='ltr'><strong>eo-</strong></span> 
     </span>
     <span class='ocr_line' id='line_1_7' title="bbox 129 819 1794 886; baseline -0.004 -11"><span class='ocrx_word' id='word_1_41' title='bbox 129 841 268 882; x_wconf 87' lang='lat' dir='ltr'><strong>rum,</strong></span> <span class='ocrx_word' id='word_1_42' title='bbox 314 825 488 886; x_wconf 87' lang='lat' dir='ltr'><strong>quibus</strong></span> <span class='ocrx_word' id='word_1_43' title='bbox 524 823 695 871; x_wconf 87' lang='lat' dir='ltr'><strong>Cicero</strong></span> <span class='ocrx_word' id='word_1_44' title='bbox 729 820 890 881; x_wconf 88' lang='lat' dir='ltr'><strong>(Orat.</strong></span> <span class='ocrx_word' id='word_1_45' title='bbox 926 823 1032 883; x_wconf 79' lang='lat'><strong><em>23.)</em></strong></span> <span class='ocrx_word' id='word_1_46' title='bbox 1080 835 1247 867; x_wconf 82' lang='lat' dir='ltr'><strong>verum</strong></span> <span class='ocrx_word' id='word_1_47' title='bbox 1300 819 1417 867; x_wconf 89' lang='lat' dir='ltr'><strong>illud</strong></span> <span class='ocrx_word' id='word_1_48' title='bbox 1454 826 1507 868; x_wconf 93' lang='lat' dir='ltr'><strong>et</strong></span> <span class='ocrx_word' id='word_1_49' title='bbox 1547 819 1794 869; x_wconf 87' lang='lat' dir='ltr'><strong>sincerum</strong></span> 
     </span>
     <span class='ocr_line' id='line_1_8' title="bbox 129 895 1791 966; baseline -0.002 -14"><span class='ocrx_word' id='word_1_50' title='bbox 129 905 404 953; x_wconf 89' lang='lat' dir='ltr'><strong>Atticorum</strong></span> <span class='ocrx_word' id='word_1_51' title='bbox 429 919 581 966; x_wconf 88' lang='lat' dir='ltr'><strong>genus</strong></span> <span class='ocrx_word' id='word_1_52' title='bbox 611 901 858 965; x_wconf 79' lang='lat' dir='ltr'><strong>depinxit:</strong></span> <span class='ocrx_word' id='word_1_53' title='bbox 889 898 1207 959; x_wconf 78' lang='lat' dir='ltr'><strong>„Submissus</strong></span> <span class='ocrx_word' id='word_1_54' title='bbox 1236 895 1365 961; x_wconf 83' lang='lat' dir='ltr'><strong>est,”</strong></span> <span class='ocrx_word' id='word_1_55' title='bbox 1387 900 1560 964; x_wconf 86' lang='lat' dir='ltr'><strong>inquit,</strong></span> <span class='ocrx_word' id='word_1_56' title='bbox 1584 904 1671 960; x_wconf 74' lang='lat' dir='ltr'><strong>„et</strong></span> <span class='ocrx_word' id='word_1_57' title='bbox 1698 899 1791 948; x_wconf 86' lang='lat' dir='ltr'><strong>hu-</strong></span> 
     </span>
     <span class='ocr_line' id='line_1_9' title="bbox 130 979 1790 1045; baseline -0.004 -12"><span class='ocrx_word' id='word_1_58' title='bbox 130 984 287 1043; x_wconf 76' lang='lat' dir='ltr'><strong>milis,</strong></span> <span class='ocrx_word' id='word_1_59' title='bbox 335 982 734 1030; x_wconf 82' lang='lat' dir='ltr'><strong>consuetudinem</strong></span> <span class='ocrx_word' id='word_1_60' title='bbox 770 981 989 1037; x_wconf 74' lang='lat' dir='ltr'><strong>imitans,</strong></span> <span class='ocrx_word' id='word_1_61' title='bbox 1012 979 1110 1027; x_wconf 69' lang='lat' dir='ltr'><strong>&#39;ab</strong></span> <span class='ocrx_word' id='word_1_62' title='bbox 1157 980 1511 1027; x_wconf 78' lang='lat' dir='ltr'><strong>indisertis</strong></span> <span class='ocrx_word' id='word_1_63' title='bbox 1547 996 1614 1030; x_wconf 91' lang='lat' dir='ltr'><strong>re</strong></span> <span class='ocrx_word' id='word_1_64' title='bbox 1648 979 1790 1045; x_wconf 88' lang='lat' dir='ltr'><strong>plus</strong></span> 
     </span>
     <span class='ocr_line' id='line_1_10' title="bbox 129 1058 1788 1128; baseline -0.002 -16"><span class='ocrx_word' id='word_1_65' title='bbox 129 1079 304 1128; x_wconf 83' lang='lat' dir='ltr'><strong>quam</strong></span> <span class='ocrx_word' id='word_1_66' title='bbox 374 1062 683 1125; x_wconf 87' lang='lat' dir='ltr'><strong>opinione</strong></span> <span class='ocrx_word' id='word_1_67' title='bbox 746 1059 1087 1107; x_wconf 84' lang='lat' dir='ltr'><strong>differens.</strong></span> <span class='ocrx_word' id='word_1_68' title='bbox 1169 1058 1338 1122; x_wconf 90' lang='lat' dir='ltr'><strong>ltaque</strong></span> <span class='ocrx_word' id='word_1_69' title='bbox 1401 1075 1512 1108; x_wconf 91' lang='lat' dir='ltr'><strong>eum</strong></span> <span class='ocrx_word' id='word_1_70' title='bbox 1564 1061 1647 1124; x_wconf 88' lang='lat' dir='ltr'><strong>qui</strong></span> <span class='ocrx_word' id='word_1_71' title='bbox 1707 1077 1788 1108; x_wconf 89' lang='lat' dir='ltr'><strong>au-</strong></span> 
     </span>
     <span class='ocr_line' id='line_1_11' title="bbox 127 1139 1789 1204; baseline -0.002 -12"><span class='ocrx_word' id='word_1_72' title='bbox 127 1142 296 1201; x_wconf 77' lang='lat' dir='ltr'><strong>dIunt,</strong></span> <span class='ocrx_word' id='word_1_73' title='bbox 352 1141 567 1204; x_wconf 68' lang='lat' dir='ltr'><strong>quamvis</strong></span> <span class='ocrx_word' id='word_1_74' title='bbox 625 1140 716 1204; x_wconf 90' lang='lat' dir='ltr'><strong>ipsi</strong></span> <span class='ocrx_word' id='word_1_75' title='bbox 762 1139 971 1187; x_wconf 82' lang='lat' dir='ltr'><strong>infantes</strong></span> <span class='ocrx_word' id='word_1_76' title='bbox 1019 1139 1140 1196; x_wconf 85' lang='lat' dir='ltr'><strong>sint,</strong></span> <span class='ocrx_word' id='word_1_77' title='bbox 1195 1143 1406 1187; x_wconf 90' lang='lat' dir='ltr'><strong>tamen</strong></span> <span class='ocrx_word' id='word_1_78' title='bbox 1450 1139 1567 1188; x_wconf 89' lang='lat' dir='ltr'><strong>illo</strong></span> <span class='ocrx_word' id='word_1_79' title='bbox 1613 1139 1789 1188; x_wconf 91' lang='lat' dir='ltr'><strong>modo</strong></span> 
     </span>
     <span class='ocr_line' id='line_1_12' title="bbox 129 1216 1788 1283; baseline -0.002 -13"><span class='ocrx_word' id='word_1_80' title='bbox 129 1220 486 1270; x_wconf 87' lang='lat' dir='ltr'><strong>confidunt</strong></span> <span class='ocrx_word' id='word_1_81' title='bbox 519 1236 584 1267; x_wconf 89' lang='lat' dir='ltr'><strong>se</strong></span> <span class='ocrx_word' id='word_1_82' title='bbox 622 1234 807 1283; x_wconf 86' lang='lat' dir='ltr'><strong>posse</strong></span> <span class='ocrx_word' id='word_1_83' title='bbox 843 1216 1076 1265; x_wconf 85' lang='lat' dir='ltr'><strong>dicere.</strong></span> <span class='ocrx_word' id='word_1_84' title='bbox 1137 1217 1257 1265; x_wconf 87' lang='lat' dir='ltr'><strong>Nam</strong></span> <span class='ocrx_word' id='word_1_85' title='bbox 1285 1218 1516 1266; x_wconf 87' lang='lat' dir='ltr'><strong>orationis</strong></span> <span class='ocrx_word' id='word_1_86' title='bbox 1545 1219 1788 1268; x_wconf 72' lang='lat' dir='ltr'><strong>subtilitas</strong></span> 
     </span>
     <span class='ocr_line' id='line_1_13' title="bbox 126 1297 1789 1361; baseline -0.001 -13"><span class='ocrx_word' id='word_1_87' title='bbox 126 1299 373 1348; x_wconf 87' lang='lat' dir='ltr'><strong>imitabilis</strong></span> <span class='ocrx_word' id='word_1_88' title='bbox 407 1299 487 1345; x_wconf 88' lang='lat' dir='ltr'><strong>illa</strong></span> <span class='ocrx_word' id='word_1_89' title='bbox 522 1298 720 1361; x_wconf 82' lang='lat' dir='ltr'><strong>quidem</strong></span> <span class='ocrx_word' id='word_1_90' title='bbox 757 1297 954 1344; x_wconf 85' lang='lat' dir='ltr'><strong>videtur</strong></span> <span class='ocrx_word' id='word_1_91' title='bbox 980 1312 1092 1343; x_wconf 83' lang='lat' dir='ltr'><strong>esse</strong></span> <span class='ocrx_word' id='word_1_92' title='bbox 1127 1297 1444 1359; x_wconf 78' lang='lat' dir='ltr'><strong>existimanti,</strong></span> <span class='ocrx_word' id='word_1_93' title='bbox 1480 1299 1588 1347; x_wconf 86' lang='lat' dir='ltr'><strong>sed</strong></span> <span class='ocrx_word' id='word_1_94' title='bbox 1625 1297 1789 1347; x_wconf 85' lang='lat' dir='ltr'><strong>nihil</strong></span> 
     </span>
     <span class='ocr_line' id='line_1_14' title="bbox 125 1375 1857 1444; baseline -0.001 -17"><span class='ocrx_word' id='word_1_95' title='bbox 125 1383 230 1428; x_wconf 87' lang='lat' dir='ltr'><strong>est</strong></span> <span class='ocrx_word' id='word_1_96' title='bbox 262 1377 640 1441; x_wconf 81' lang='lat' dir='ltr'><strong>experienti</strong></span> <span class='ocrx_word' id='word_1_97' title='bbox 678 1375 834 1423; x_wconf 82' lang='lat' dir='ltr'><strong>minu</strong></span> <span class='ocrx_word' id='word_1_98' title='bbox 849 1390 887 1422; x_wconf 87' lang='lat' dir='ltr'><strong>s.</strong></span> <span class='ocrx_word' id='word_1_99' title='bbox 955 1375 1063 1423; x_wconf 85' lang='lat' dir='ltr'><strong>Etsi</strong></span> <span class='ocrx_word' id='word_1_100' title='bbox 1098 1376 1225 1424; x_wconf 89' lang='lat' dir='ltr'><strong>enim</strong></span> <span class='ocrx_word' id='word_1_101' title='bbox 1251 1392 1344 1424; x_wconf 93' lang='lat' dir='ltr'><strong>non</strong></span> <span class='ocrx_word' id='word_1_102' title='bbox 1372 1377 1569 1442; x_wconf 90' lang='lat' dir='ltr'><strong>plurimi</strong></span> <span class='ocrx_word' id='word_1_103' title='bbox 1588 1377 1786 1444; x_wconf 84' lang='lat' dir='ltr'><strong>sangui-</strong></span> <span class='ocrx_word' id='word_1_104' title='bbox 1854 1392 1857 1395; x_wconf 53' lang='lat'><em>⁴</em></span> 
     </span>
     <span class='ocr_line' id='line_1_15' title="bbox 122 1456 1788 1521; baseline -0.001 -14"><span class='ocrx_word' id='word_1_105' title='bbox 122 1458 198 1508; x_wconf 86' lang='lat' dir='ltr'><strong>nis</strong></span> <span class='ocrx_word' id='word_1_106' title='bbox 227 1462 321 1518; x_wconf 75' lang='lat' dir='ltr'><strong>est,</strong></span> <span class='ocrx_word' id='word_1_107' title='bbox 355 1457 535 1506; x_wconf 87' lang='lat' dir='ltr'><strong>babeat</strong></span> <span class='ocrx_word' id='word_1_108' title='bbox 559 1463 720 1505; x_wconf 88' lang='lat' dir='ltr'><strong>tamen</strong></span> <span class='ocrx_word' id='word_1_109' title='bbox 755 1471 955 1505; x_wconf 88' lang='lat' dir='ltr'><strong>succum</strong></span> <span class='ocrx_word' id='word_1_110' title='bbox 984 1456 1194 1521; x_wconf 88' lang='lat' dir='ltr'><strong>aliquem</strong></span> <span class='ocrx_word' id='word_1_111' title='bbox 1223 1462 1434 1521; x_wconf 82' lang='lat' dir='ltr'><strong>oportet,</strong></span> <span class='ocrx_word' id='word_1_112' title='bbox 1469 1461 1538 1516; x_wconf 74' lang='lat' dir='ltr'><strong>ut,</strong></span> <span class='ocrx_word' id='word_1_113' title='bbox 1575 1459 1718 1506; x_wconf 90' lang='lat' dir='ltr'><strong>etiam</strong></span> <span class='ocrx_word' id='word_1_114' title='bbox 1746 1457 1788 1506; x_wconf 75' lang='lat' dir='ltr'><strong>ni</strong></span> 
     </span>
     <span class='ocr_line' id='line_1_16' title="bbox 121 1533 1788 1602; baseline -0.001 -16"><span class='ocrx_word' id='word_1_115' title='bbox 121 1538 216 1587; x_wconf 86' lang='lat' dir='ltr'><strong>illis</strong></span> <span class='ocrx_word' id='word_1_116' title='bbox 251 1537 474 1585; x_wconf 83' lang='lat' dir='ltr'><strong>maximis</strong></span> <span class='ocrx_word' id='word_1_117' title='bbox 502 1537 756 1584; x_wconf 82' lang='lat' dir='ltr'><strong>virtutibus</strong></span> <span class='ocrx_word' id='word_1_118' title='bbox 793 1541 972 1595; x_wconf 83' lang='lat' dir='ltr'><strong>careat,</strong></span> <span class='ocrx_word' id='word_1_119' title='bbox 1009 1537 1099 1585; x_wconf 88' lang='lat' dir='ltr'><strong>sit</strong></span> <span class='ocrx_word' id='word_1_120' title='bbox 1123 1533 1197 1602; x_wconf 92' lang='lat' dir='ltr'><strong>(ut</strong></span> <span class='ocrx_word' id='word_1_121' title='bbox 1224 1537 1290 1584; x_wconf 93' lang='lat' dir='ltr'><strong>ita</strong></span> <span class='ocrx_word' id='word_1_122' title='bbox 1317 1537 1498 1601; x_wconf 89' lang='lat' dir='ltr'><strong>dicam)</strong></span> <span class='ocrx_word' id='word_1_123' title='bbox 1529 1538 1788 1601; x_wconf 83' lang='lat' dir='ltr'><strong>integra</strong></span> 
     </span>
     <span class='ocr_line' id='line_1_17' title="bbox 123 1616 1787 1667; baseline -0.001 0"><span class='ocrx_word' id='word_1_124' title='bbox 123 1617 517 1667; x_wconf 82' lang='lat' dir='ltr'><strong>valetudine.</strong></span> <span class='ocrx_word' id='word_1_125' title='bbox 551 1645 605 1652; x_wconf 90' lang='lat'><strong>-—</strong></span> <span class='ocrx_word' id='word_1_126' title='bbox 648 1616 726 1664; x_wconf 90' lang='lat' dir='ltr'><strong>Ut</strong></span> <span class='ocrx_word' id='word_1_127' title='bbox 760 1617 1073 1665; x_wconf 88' lang='lat' dir='ltr'><strong>mulieres</strong></span> <span class='ocrx_word' id='word_1_128' title='bbox 1108 1632 1257 1664; x_wconf 89' lang='lat' dir='ltr'><strong>esse</strong></span> <span class='ocrx_word' id='word_1_129' title='bbox 1288 1617 1597 1667; x_wconf 90' lang='lat' dir='ltr'><strong>dicuntur</strong></span> <span class='ocrx_word' id='word_1_130' title='bbox 1629 1632 1787 1666; x_wconf 86' lang='lat' dir='ltr'><strong>nou-</strong></span> 
     </span>
     <span class='ocr_line' id='line_1_18' title="bbox 121 1696 1786 1759; baseline -0.001 -13"><span class='ocrx_word' id='word_1_131' title='bbox 121 1697 338 1747; x_wconf 80' lang='lat' dir='ltr'><strong>nullae</strong></span> <span class='ocrx_word' id='word_1_132' title='bbox 387 1697 752 1755; x_wconf 88' lang='lat' dir='ltr'><strong>inornatae,</strong></span> <span class='ocrx_word' id='word_1_133' title='bbox 808 1712 959 1759; x_wconf 88' lang='lat' dir='ltr'><strong>quas</strong></span> <span class='ocrx_word' id='word_1_134' title='bbox 1010 1696 1071 1744; x_wconf 88' lang='lat' dir='ltr'><strong>id</strong></span> <span class='ocrx_word' id='word_1_135' title='bbox 1126 1696 1332 1759; x_wconf 90' lang='lat' dir='ltr'><strong>ipsum</strong></span> <span class='ocrx_word' id='word_1_136' title='bbox 1379 1698 1634 1747; x_wconf 85' lang='lat' dir='ltr'><strong>deceat:</strong></span> <span class='ocrx_word' id='word_1_137' title='bbox 1697 1696 1786 1745; x_wconf 88' lang='lat' dir='ltr'><strong>sic</strong></span> 
     </span>
     <span class='ocr_line' id='line_1_19' title="bbox 120 1775 1783 1827; baseline -0.003 0"><span class='ocrx_word' id='word_1_138' title='bbox 120 1778 282 1827; x_wconf 86' lang='lat' dir='ltr'><strong>haec</strong></span> <span class='ocrx_word' id='word_1_139' title='bbox 329 1775 608 1825; x_wconf 88' lang='lat' dir='ltr'><strong>subtilis</strong></span> <span class='ocrx_word' id='word_1_140' title='bbox 654 1775 862 1823; x_wconf 89' lang='lat' dir='ltr'><strong>oratio</strong></span> <span class='ocrx_word' id='word_1_141' title='bbox 909 1775 1100 1822; x_wconf 89' lang='lat' dir='ltr'><strong>etiam</strong></span> <span class='ocrx_word' id='word_1_142' title='bbox 1150 1776 1433 1825; x_wconf 87' lang='lat' dir='ltr'><strong>incomta</strong></span> <span class='ocrx_word' id='word_1_143' title='bbox 1469 1777 1783 1826; x_wconf 86' lang='lat' dir='ltr'><strong>delectat.</strong></span> 
     </span>
     <span class='ocr_line' id='line_1_20' title="bbox 121 1854 1783 1919; baseline 0.001 -14"><span class='ocrx_word' id='word_1_144' title='bbox 121 1856 231 1905; x_wconf 83' lang='lat' dir='ltr'><strong>Fit</strong></span> <span class='ocrx_word' id='word_1_145' title='bbox 275 1856 448 1905; x_wconf 90' lang='lat' dir='ltr'><strong>enim</strong></span> <span class='ocrx_word' id='word_1_146' title='bbox 497 1854 797 1918; x_wconf 84' lang='lat' dir='ltr'><strong>quiddam</strong></span> <span class='ocrx_word' id='word_1_147' title='bbox 844 1854 902 1902; x_wconf 91' lang='lat' dir='ltr'><strong>in</strong></span> <span class='ocrx_word' id='word_1_148' title='bbox 951 1860 1255 1918; x_wconf 89' lang='lat' dir='ltr'><strong>utroque,</strong></span> <span class='ocrx_word' id='word_1_149' title='bbox 1303 1872 1425 1919; x_wconf 93' lang='lat' dir='ltr'><strong>quo</strong></span> <span class='ocrx_word' id='word_1_150' title='bbox 1474 1857 1557 1906; x_wconf 89' lang='lat' dir='ltr'><strong>sit</strong></span> <span class='ocrx_word' id='word_1_151' title='bbox 1591 1873 1783 1906; x_wconf 89' lang='lat' dir='ltr'><strong>venu-</strong></span> 
     </span>
     <span class='ocr_line' id='line_1_21' title="bbox 122 1932 1783 1998; baseline -0.001 -13"><span class='ocrx_word' id='word_1_152' title='bbox 122 1937 323 1998; x_wconf 74' lang='lat' dir='ltr'><strong>stius,</strong></span> <span class='ocrx_word' id='word_1_153' title='bbox 374 1934 487 1983; x_wconf 90' lang='lat' dir='ltr'><strong>sed</strong></span> <span class='ocrx_word' id='word_1_154' title='bbox 535 1950 652 1983; x_wconf 90' lang='lat' dir='ltr'><strong>non</strong></span> <span class='ocrx_word' id='word_1_155' title='bbox 698 1939 766 1982; x_wconf 91' lang='lat' dir='ltr'><strong>ut</strong></span> <span class='ocrx_word' id='word_1_156' title='bbox 812 1932 1209 1998; x_wconf 85' lang='lat' dir='ltr'><strong>appareat*).</strong></span> <span class='ocrx_word' id='word_1_157' title='bbox 1282 1935 1580 1985; x_wconf 51' lang='lat' dir='ltr'><strong>Removet’ur</strong></span> <span class='ocrx_word' id='word_1_158' title='bbox 1623 1935 1783 1984; x_wconf 90' lang='lat' dir='ltr'><strong>omnis</strong></span> 
     </span>
     <span class='ocr_line' id='line_1_22' title="bbox 119 2014 1784 2080; baseline -0.001 -16"><span class='ocrx_word' id='word_1_159' title='bbox 119 2015 322 2080; x_wconf 82' lang='lat' dir='ltr'><strong>insignis</strong></span> <span class='ocrx_word' id='word_1_160' title='bbox 355 2022 556 2063; x_wconf 88' lang='lat' dir='ltr'><strong>ornatus</strong></span> <span class='ocrx_word' id='word_1_161' title='bbox 590 2014 728 2076; x_wconf 88' lang='lat' dir='ltr'><strong>quasi</strong></span> <span class='ocrx_word' id='word_1_162' title='bbox 764 2015 1160 2077; x_wconf 72' lang='lat' dir='ltr'><strong>margaritarum,</strong></span> <span class='ocrx_word' id='word_1_163' title='bbox 1194 2030 1258 2063; x_wconf 91' lang='lat' dir='ltr'><strong>ne</strong></span> <span class='ocrx_word' id='word_1_164' title='bbox 1292 2015 1554 2064; x_wconf 88' lang='lat' dir='ltr'><strong>calamistri</strong></span> <span class='ocrx_word' id='word_1_165' title='bbox 1586 2017 1784 2079; x_wconf 91' lang='lat' dir='ltr'><strong>quidem</strong></span> 
     </span>
     <span class='ocr_line' id='line_1_23' title="bbox 117 2094 1782 2144; baseline -0.001 -1"><span class='ocrx_word' id='word_1_166' title='bbox 117 2095 427 2144; x_wconf 81' lang='lat' dir='ltr'><strong>adhibentur.</strong></span> <span class='ocrx_word' id='word_1_167' title='bbox 494 2094 668 2143; x_wconf 88' lang='lat' dir='ltr'><strong>Fucati</strong></span> <span class='ocrx_word' id='word_1_168' title='bbox 713 2109 829 2142; x_wconf 87' lang='lat' dir='ltr'><strong>vero</strong></span> <span class='ocrx_word' id='word_1_169' title='bbox 877 2094 1234 2143; x_wconf 89' lang='lat' dir='ltr'><strong>medicamenta</strong></span> <span class='ocrx_word' id='word_1_170' title='bbox 1280 2096 1506 2144; x_wconf 88' lang='lat' dir='ltr'><strong>candoris</strong></span> <span class='ocrx_word' id='word_1_171' title='bbox 1553 2102 1602 2144; x_wconf 86' lang='lat' dir='ltr'><strong>et</strong></span> <span class='ocrx_word' id='word_1_172' title='bbox 1634 2095 1782 2143; x_wconf 88' lang='lat' dir='ltr'><strong>rubo-</strong></span> 
     </span>
     <span class='ocr_line' id='line_1_24' title="bbox 118 2171 1783 2238; baseline -0.001 -15"><span class='ocrx_word' id='word_1_173' title='bbox 118 2174 189 2224; x_wconf 91' lang='lat' dir='ltr'><strong>ris</strong></span> <span class='ocrx_word' id='word_1_174' title='bbox 214 2176 375 2223; x_wconf 92' lang='lat' dir='ltr'><strong>omnia</strong></span> <span class='ocrx_word' id='word_1_175' title='bbox 397 2175 704 2238; x_wconf 84' lang='lat' dir='ltr'><strong>repelluntur</strong></span> <span class='ocrx_word' id='word_1_176' title='bbox 729 2172 1010 2238; x_wconf 80' lang='grc' dir='ltr'>(ληκύθιον</span> <span class='ocrx_word' id='word_1_177' title='bbox 1036 2171 1349 2238; x_wconf 52' lang='lat' dir='ltr'><strong>vincimalo:</strong></span> <span class='ocrx_word' id='word_1_178' title='bbox 1373 2176 1610 2237; x_wconf 83' lang='lat' dir='ltr'><strong>elegantia</strong></span> <span class='ocrx_word' id='word_1_179' title='bbox 1633 2175 1783 2222; x_wconf 90' lang='lat' dir='ltr'><strong>modo</strong></span> 
     </span>
     <span class='ocr_line' id='line_1_25' title="bbox 116 2254 1781 2319; baseline -0.001 -16"><span class='ocrx_word' id='word_1_180' title='bbox 116 2261 169 2303; x_wconf 84' lang='lat' dir='ltr'><strong>et</strong></span> <span class='ocrx_word' id='word_1_181' title='bbox 216 2254 450 2303; x_wconf 86' lang='lat' dir='ltr'><strong>munditia</strong></span> <span class='ocrx_word' id='word_1_182' title='bbox 497 2259 732 2302; x_wconf 85' lang='lat' dir='ltr'><strong>remanet.</strong></span> <span class='ocrx_word' id='word_1_183' title='bbox 811 2254 998 2302; x_wconf 85' lang='lat' dir='ltr'><strong>Acutae</strong></span> <span class='ocrx_word' id='word_1_184' title='bbox 1041 2255 1340 2319; x_wconf 88' lang='lat' dir='ltr'><strong>crebraeque</strong></span> <span class='ocrx_word' id='word_1_185' title='bbox 1384 2255 1658 2303; x_wconf 89' lang='lat' dir='ltr'><strong>sententiae</strong></span> <span class='ocrx_word' id='word_1_186' title='bbox 1691 2269 1781 2319; x_wconf 92' lang='lat' dir='ltr'><strong>po-</strong></span> 
     </span>
     <span class='ocr_line' id='line_1_26' title="bbox 116 2332 1783 2398; baseline -0.001 -16"><span class='ocrx_word' id='word_1_187' title='bbox 116 2341 300 2383; x_wconf 88' lang='lat' dir='ltr'><strong>nuntur</strong></span> <span class='ocrx_word' id='word_1_188' title='bbox 343 2340 394 2383; x_wconf 89' lang='lat' dir='ltr'><strong>et</strong></span> <span class='ocrx_word' id='word_1_189' title='bbox 436 2334 604 2382; x_wconf 88' lang='lat' dir='ltr'><strong>nescio</strong></span> <span class='ocrx_word' id='word_1_190' title='bbox 659 2332 790 2381; x_wconf 89' lang='lat' dir='ltr'><strong>unde</strong></span> <span class='ocrx_word' id='word_1_191' title='bbox 838 2349 896 2381; x_wconf 84' lang='lat' dir='ltr'><strong>ex</strong></span> <span class='ocrx_word' id='word_1_192' title='bbox 944 2333 1112 2382; x_wconf 88' lang='lat' dir='ltr'><strong>abdito</strong></span> <span class='ocrx_word' id='word_1_193' title='bbox 1160 2341 1330 2383; x_wconf 85' lang='lat' dir='ltr'><strong>erutae</strong></span> <span class='ocrx_word' id='word_1_194' title='bbox 1385 2339 1534 2398; x_wconf 86' lang='lat' dir='ltr'><strong>atque</strong></span> <span class='ocrx_word' id='word_1_195' title='bbox 1594 2334 1640 2381; x_wconf 92' lang='lat' dir='ltr'><strong>in</strong></span> <span class='ocrx_word' id='word_1_196' title='bbox 1687 2332 1783 2381; x_wconf 90' lang='lat' dir='ltr'><strong>hoc</strong></span> 
     </span>
     <span class='ocr_line' id='line_1_27' title="bbox 116 2410 1783 2480; baseline 0 -20"><span class='ocrx_word' id='word_1_197' title='bbox 116 2418 309 2461; x_wconf 84' lang='lat' dir='ltr'><strong>oratore</strong></span> <span class='ocrx_word' id='word_1_198' title='bbox 354 2410 558 2479; x_wconf 64' lang='lat' dir='ltr'><strong>(poeta)</strong></span> <span class='ocrx_word' id='word_1_199' title='bbox 588 2413 898 2461; x_wconf 89' lang='lat' dir='ltr'><strong>dominantur</strong></span> <span class='ocrx_word' id='word_1_200' title='bbox 931 2410 1058 2462; x_wconf 88' lang='lat' dir='ltr'><strong>etc.&#39;&#39;</strong></span> <span class='ocrx_word' id='word_1_201' title='bbox 1126 2414 1236 2463; x_wconf 86' lang='lat' dir='ltr'><strong>Hac</strong></span> <span class='ocrx_word' id='word_1_202' title='bbox 1269 2414 1417 2480; x_wconf 86' lang='lat' dir='ltr'><strong>igitur</strong></span> <span class='ocrx_word' id='word_1_203' title='bbox 1452 2413 1611 2462; x_wconf 83' lang='lat' dir='ltr'><strong>fretus</strong></span> <span class='ocrx_word' id='word_1_204' title='bbox 1644 2412 1783 2462; x_wconf 75' lang='lat' dir='ltr'><strong>vale-</strong></span> 
     </span>
     <span class='ocr_line' id='line_1_28' title="bbox 116 2491 1781 2557; baseline -0.001 -16"><span class='ocrx_word' id='word_1_205' title='bbox 116 2491 288 2541; x_wconf 85' lang='lat' dir='ltr'><strong>tudine</strong></span> <span class='ocrx_word' id='word_1_206' title='bbox 322 2491 582 2556; x_wconf 80' lang='lat' dir='ltr'><strong>Euripides</strong></span> <span class='ocrx_word' id='word_1_207' title='bbox 628 2494 874 2556; x_wconf 86' lang='lat' dir='ltr'><strong>patienter</strong></span> <span class='ocrx_word' id='word_1_208' title='bbox 912 2492 1024 2540; x_wconf 90' lang='lat' dir='ltr'><strong>tulit</strong></span> <span class='ocrx_word' id='word_1_209' title='bbox 1057 2495 1357 2542; x_wconf 88' lang='lat' dir='ltr'><strong>comicorum</strong></span> <span class='ocrx_word' id='word_1_210' title='bbox 1393 2493 1781 2557; x_wconf 85' lang='lat' dir='ltr'><strong>depravationes,</strong></span> 
     </span>
     <span class='ocr_line' id='line_1_29' title="bbox 117 2570 1779 2634; baseline -0.001 -14"><span class='ocrx_word' id='word_1_211' title='bbox 117 2585 225 2620; x_wconf 85' lang='lat' dir='ltr'><strong>cum</strong></span> <span class='ocrx_word' id='word_1_212' title='bbox 264 2570 516 2619; x_wconf 85' lang='lat' dir='ltr'><strong>Gallorum</strong></span> <span class='ocrx_word' id='word_1_213' title='bbox 551 2573 738 2634; x_wconf 84' lang='lat' dir='ltr'><strong>tragici,</strong></span> <span class='ocrx_word' id='word_1_214' title='bbox 775 2573 1007 2621; x_wconf 85' lang='lat' dir='ltr'><strong>Racinius</strong></span> <span class='ocrx_word' id='word_1_215' title='bbox 1035 2579 1084 2620; x_wconf 87' lang='lat' dir='ltr'><strong>et</strong></span> <span class='ocrx_word' id='word_1_216' title='bbox 1114 2571 1378 2634; x_wconf 84' lang='lat' dir='ltr'><strong>Voltarius,</strong></span> <span class='ocrx_word' id='word_1_217' title='bbox 1415 2574 1584 2620; x_wconf 89' lang='lat' dir='ltr'><strong>eadem</strong></span> <span class='ocrx_word' id='word_1_218' title='bbox 1612 2571 1779 2619; x_wconf 84' lang='lat' dir='ltr'><strong>affecti</strong></span> 
     </span>
     <span class='ocr_line' id='line_1_30' title="bbox 118 2650 1778 2715; baseline 0.001 -18"><span class='ocrx_word' id='word_1_219' title='bbox 118 2650 306 2709; x_wconf 89' lang='lat' dir='ltr'><strong>iniuria,</strong></span> <span class='ocrx_word' id='word_1_220' title='bbox 341 2666 539 2715; x_wconf 88' lang='lat' dir='ltr'><strong>spumas</strong></span> <span class='ocrx_word' id='word_1_221' title='bbox 574 2660 776 2715; x_wconf 83' lang='lat' dir='ltr'><strong>agentes</strong></span> <span class='ocrx_word' id='word_1_222' title='bbox 808 2653 853 2701; x_wconf 91' lang='lat' dir='ltr'><strong>in</strong></span> <span class='ocrx_word' id='word_1_223' title='bbox 890 2669 992 2712; x_wconf 91' lang='lat' dir='ltr'><strong>ore,</strong></span> <span class='ocrx_word' id='word_1_224' title='bbox 1028 2652 1253 2701; x_wconf 88' lang='lat' dir='ltr'><strong>furentes</strong></span> <span class='ocrx_word' id='word_1_225' title='bbox 1288 2654 1372 2712; x_wconf 70' lang='lat' dir='ltr'><strong>ira,</strong></span> <span class='ocrx_word' id='word_1_226' title='bbox 1409 2654 1504 2700; x_wconf 74' lang='lat' dir='ltr'><strong>vim</strong></span> <span class='ocrx_word' id='word_1_227' title='bbox 1540 2652 1632 2698; x_wconf 89' lang='lat' dir='ltr'><strong>sibi</strong></span> <span class='ocrx_word' id='word_1_228' title='bbox 1668 2651 1778 2699; x_wconf 89' lang='lat' dir='ltr'><strong>fieri</strong></span> 
     </span>
     <span class='ocr_line' id='line_1_31' title="bbox 117 2729 1777 2796; baseline -0.001 -18"><span class='ocrx_word' id='word_1_229' title='bbox 117 2729 438 2790; x_wconf 83' lang='lat' dir='ltr'><strong>clamitarint3</strong></span> <span class='ocrx_word' id='word_1_230' title='bbox 474 2746 629 2794; x_wconf 87' lang='lat' dir='ltr'><strong>neque</strong></span> <span class='ocrx_word' id='word_1_231' title='bbox 662 2732 743 2779; x_wconf 91' lang='lat' dir='ltr'><strong>ille</strong></span> <span class='ocrx_word' id='word_1_232' title='bbox 778 2732 965 2793; x_wconf 84' lang='lat' dir='ltr'><strong>habuit,</strong></span> <span class='ocrx_word' id='word_1_233' title='bbox 1010 2734 1139 2796; x_wconf 91' lang='lat' dir='ltr'><strong>quod</strong></span> <span class='ocrx_word' id='word_1_234' title='bbox 1175 2749 1286 2781; x_wconf 86' lang='lat' dir='ltr'><strong>cnm</strong></span> <span class='ocrx_word' id='word_1_235' title='bbox 1321 2731 1624 2780; x_wconf 86' lang='lat' dir='ltr'><strong>La—Mottio</strong></span> <span class='ocrx_word' id='word_1_236' title='bbox 1658 2745 1777 2792; x_wconf 86' lang='lat' dir='ltr'><strong>que·</strong></span> 
     </span>
     <span class='ocr_line' id='line_1_32' title="bbox 115 2810 1776 2876; baseline -0.001 -17"><span class='ocrx_word' id='word_1_237' title='bbox 115 2813 313 2859; x_wconf 76' lang='lat' dir='ltr'><strong>teretur</strong></span> <span class='ocrx_word' id='word_1_238' title='bbox 346 2810 580 2858; x_wconf 90' lang='lat' dir='ltr'><strong>carituras</strong></span> <span class='ocrx_word' id='word_1_239' title='bbox 614 2810 804 2860; x_wconf 89' lang='lat' dir='ltr'><strong>fabulas</strong></span> <span class='ocrx_word' id='word_1_240' title='bbox 840 2812 885 2860; x_wconf 85' lang='lat' dir='ltr'><strong>vi</strong></span> <span class='ocrx_word' id='word_1_241' title='bbox 921 2812 1170 2871; x_wconf 79' lang='lat' dir='ltr'><strong>movendi,</strong></span> <span class='ocrx_word' id='word_1_242' title='bbox 1217 2828 1277 2860; x_wconf 85' lang='lat' dir='ltr'><strong>ex</strong></span> <span class='ocrx_word' id='word_1_243' title='bbox 1298 2827 1407 2876; x_wconf 76' lang='lat' dir='ltr'><strong>,quo</strong></span> <span class='ocrx_word' id='word_1_244' title='bbox 1442 2812 1566 2859; x_wconf 86' lang='lat' dir='ltr'><strong>risus</strong></span> <span class='ocrx_word' id='word_1_245' title='bbox 1598 2810 1776 2858; x_wconf 90' lang='lat' dir='ltr'><strong>iisdem</strong></span> 
     </span>
     <span class='ocr_line' id='line_1_33' title="bbox 115 2889 1776 2954; baseline -0.002 -16"><span class='ocrx_word' id='word_1_246' title='bbox 115 2891 265 2943; x_wconf 84' lang='lat' dir='ltr'><strong>rebus</strong></span> <span class='ocrx_word' id='word_1_247' title='bbox 310 2889 553 2937; x_wconf 85' lang='lat' dir='ltr'><strong>excitatus</strong></span> <span class='ocrx_word' id='word_1_248' title='bbox 599 2895 758 2939; x_wconf 81' lang='lat' dir='ltr'><strong>esset:</strong></span> <span class='ocrx_word' id='word_1_249' title='bbox 804 2891 1040 2941; x_wconf 87' lang='lat' dir='ltr'><strong>durarunt</strong></span> <span class='ocrx_word' id='word_1_250' title='bbox 1085 2893 1209 2940; x_wconf 91' lang='lat' dir='ltr'><strong>enim</strong></span> <span class='ocrx_word' id='word_1_251' title='bbox 1257 2891 1490 2939; x_wconf 80' lang='lat' dir='ltr'><strong>adversus</strong></span> <span class='ocrx_word' id='word_1_252' title='bbox 1536 2889 1776 2954; x_wconf 88' lang='lat' dir='ltr'><strong>impetum</strong></span> 
     </span>
     <span class='ocr_line' id='line_1_34' title="bbox 115 2969 1776 3036; baseline -0.002 -19"><span class='ocrx_word' id='word_1_253' title='bbox 115 2969 274 3017; x_wconf 83' lang='lat' dir='ltr'><strong>hostis</strong></span> <span class='ocrx_word' id='word_1_254' title='bbox 311 2969 549 3030; x_wconf 87' lang='lat' dir='ltr'><strong>omnium,</strong></span> <span class='ocrx_word' id='word_1_255' title='bbox 602 2970 680 3033; x_wconf 89' lang='lat' dir='ltr'><strong>qui</strong></span> <span class='ocrx_word' id='word_1_256' title='bbox 716 2971 928 3019; x_wconf 85' lang='lat' dir='ltr'><strong>existere</strong></span> <span class='ocrx_word' id='word_1_257' title='bbox 963 2977 1243 3036; x_wconf 88' lang='lat' dir='ltr'><strong>potuerunt,</strong></span> <span class='ocrx_word' id='word_1_258' title='bbox 1279 2970 1576 3034; x_wconf 75' lang='lat' dir='ltr'><strong>gravissimi,</strong></span> <span class='ocrx_word' id='word_1_259' title='bbox 1628 2974 1681 3016; x_wconf 86' lang='lat' dir='ltr'><strong>ut</strong></span> <span class='ocrx_word' id='word_1_260' title='bbox 1714 2983 1776 3014; x_wconf 89' lang='lat' dir='ltr'><strong>ne</strong></span> 
     </span>
     <span class='ocr_line' id='line_1_35' title="bbox 114 3048 1774 3115; baseline -0.001 -19"><span class='ocrx_word' id='word_1_261' title='bbox 114 3048 234 3097; x_wconf 86' lang='lat' dir='ltr'><strong>illud</strong></span> <span class='ocrx_word' id='word_1_262' title='bbox 262 3049 456 3113; x_wconf 84' lang='lat' dir='ltr'><strong>quidem</strong></span> <span class='ocrx_word' id='word_1_263' title='bbox 487 3050 717 3107; x_wconf 75' lang='lat' dir='ltr'><strong>eveniret,</strong></span> <span class='ocrx_word' id='word_1_264' title='bbox 756 3052 885 3115; x_wconf 90' lang='lat' dir='ltr'><strong>quod</strong></span> <span class='ocrx_word' id='word_1_265' title='bbox 910 3052 1008 3114; x_wconf 86' lang='lat' dir='ltr'><strong>hic,</strong></span> <span class='ocrx_word' id='word_1_266' title='bbox 1045 3067 1192 3115; x_wconf 90' lang='lat' dir='ltr'><strong>quum</strong></span> <span class='ocrx_word' id='word_1_267' title='bbox 1223 3057 1466 3098; x_wconf 88' lang='lat' dir='ltr'><strong>mortuum</strong></span> <span class='ocrx_word' id='word_1_268' title='bbox 1491 3048 1774 3097; x_wconf 81' lang='lat' dir='ltr'><strong>interficere</strong></span> 
     </span>
     <span class='ocr_line' id='line_1_36' title="bbox 114 3129 1774 3194; baseline -0.001 -18"><span class='ocrx_word' id='word_1_269' title='bbox 114 3129 365 3189; x_wconf 79' lang='lat' dir='ltr'><strong>studeret,</strong></span> <span class='ocrx_word' id='word_1_270' title='bbox 415 3129 623 3177; x_wconf 87' lang='lat' dir='ltr'><strong>minatus</strong></span> <span class='ocrx_word' id='word_1_271' title='bbox 669 3138 768 3189; x_wconf 79' lang='lat' dir='ltr'><strong>est,</strong></span> <span class='ocrx_word' id='word_1_272' title='bbox 819 3132 1058 3179; x_wconf 83' lang='lat' dir='ltr'><strong>exstincta</strong></span> <span class='ocrx_word' id='word_1_273' title='bbox 1105 3147 1216 3178; x_wconf 90' lang='lat' dir='ltr'><strong>cum</strong></span> <span class='ocrx_word' id='word_1_274' title='bbox 1262 3130 1370 3194; x_wconf 90' lang='lat' dir='ltr'><strong>ipso</strong></span> <span class='ocrx_word' id='word_1_275' title='bbox 1414 3129 1526 3177; x_wconf 87' lang='lat' dir='ltr'><strong>fore</strong></span> <span class='ocrx_word' id='word_1_276' title='bbox 1563 3129 1774 3177; x_wconf 86' lang='lat' dir='ltr'><strong>carmina</strong></span> 
     </span>
     <span class='ocr_line' id='line_1_37' title="bbox 113 3207 1772 3277; baseline -0.001 -22"><span class='ocrx_word' id='word_1_277' title='bbox 113 3207 393 3272; x_wconf 81' lang='lat' dir='ltr'><strong>Euripidis:</strong></span> <span class='ocrx_word' id='word_1_278' title='bbox 429 3215 655 3257; x_wconf 86' lang='lat' dir='ltr'><strong>recentes</strong></span> <span class='ocrx_word' id='word_1_279' title='bbox 691 3211 818 3258; x_wconf 89' lang='lat' dir='ltr'><strong>enim</strong></span> <span class='ocrx_word' id='word_1_280' title='bbox 850 3227 878 3258; x_wconf 87' lang='lat' dir='ltr'><strong>a</strong></span> <span class='ocrx_word' id='word_1_281' title='bbox 910 3210 1196 3277; x_wconf 85' lang='lat' dir='ltr'><strong>spectaculo</strong></span> <span class='ocrx_word' id='word_1_282' title='bbox 1233 3210 1476 3258; x_wconf 86' lang='lat' dir='ltr'><strong>Ranarum</strong></span> <span class='ocrx_word' id='word_1_283' title='bbox 1503 3208 1772 3258; x_wconf 87' lang='lat' dir='ltr'><strong>Athenien-</strong></span> 
     </span>
    </p>
   </div>
   <div class='ocr_carea' id='block_1_3' title="bbox 173 3382 1771 3516">
    <p class='ocr_par' dir='ltr' id='par_1_3' title="bbox 173 3382 1771 3516">
     <span class='ocr_line' id='line_1_38' title="bbox 173 3382 1771 3446; baseline 0 -18"><span class='ocrx_word' id='word_1_284' title='bbox 173 3387 221 3440; x_wconf 68' lang='lat'><strong>²⁶)</strong></span> <span class='ocrx_word' id='word_1_285' title='bbox 249 3387 505 3445; x_wconf 84' lang='lat' dir='ltr'><strong>Longin.de</strong></span> <span class='ocrx_word' id='word_1_286' title='bbox 522 3389 633 3431; x_wconf 83' lang='lat' dir='ltr'><strong>subl.</strong></span> <span class='ocrx_word' id='word_1_287' title='bbox 653 3387 730 3430; x_wconf 76' lang='lat'><strong>17:</strong></span> <span class='ocrx_word' id='word_1_288' title='bbox 763 3385 919 3446; x_wconf 73' lang='grc' dir='ltr'><strong>διόπερ</strong></span> <span class='ocrx_word' id='word_1_289' title='bbox 949 3387 1027 3432; x_wconf 81' lang='grc' dir='ltr'><strong>καὶ</strong></span> <span class='ocrx_word' id='word_1_290' title='bbox 1048 3386 1149 3432; x_wconf 79' lang='grc' dir='ltr'><em>τότε</em></span> <span class='ocrx_word' id='word_1_291' title='bbox 1181 3382 1366 3446; x_wconf 76' lang='grc' dir='ltr'><strong>ἄριστον</strong></span> <span class='ocrx_word' id='word_1_292' title='bbox 1397 3388 1526 3431; x_wconf 86' lang='grc' dir='ltr'><strong><em>δοκεῖ</em></strong></span> <span class='ocrx_word' id='word_1_293' title='bbox 1542 3382 1592 3428; x_wconf 83' lang='grc' dir='ltr'><strong>τὸ</strong></span> <span class='ocrx_word' id='word_1_294' title='bbox 1613 3382 1771 3439; x_wconf 73' lang='grc' dir='ltr'><strong><em>σχῆμα,</em></strong></span> 
     </span>
     <span class='ocr_line' id='line_1_39' title="bbox 253 3452 1457 3516; baseline 0 -15"><span class='ocrx_word' id='word_1_295' title='bbox 253 3452 366 3502; x_wconf 76' lang='grc' dir='ltr'><strong>ὅταν</strong></span> <span class='ocrx_word' id='word_1_296' title='bbox 395 3455 510 3503; x_wconf 73' lang='grc' dir='ltr'><strong>αὐτὸ</strong></span> <span class='ocrx_word' id='word_1_297' title='bbox 539 3460 680 3503; x_wconf 78' lang='grc' dir='ltr'><em>τοῦτο</em></span> <span class='ocrx_word' id='word_1_298' title='bbox 708 3457 1015 3516; x_wconf 71' lang='grc' dir='ltr'><strong>διαλανθάνῃ,</strong></span> <span class='ocrx_word' id='word_1_299' title='bbox 1046 3455 1117 3503; x_wconf 77' lang='grc' dir='ltr'><strong>ὅτι</strong></span> <span class='ocrx_word' id='word_1_300' title='bbox 1148 3457 1296 3516; x_wconf 78' lang='grc' dir='ltr'><em>σχῆμά</em></span> <span class='ocrx_word' id='word_1_301' title='bbox 1326 3456 1457 3502; x_wconf 73' lang='grc' dir='ltr'><strong>ἐστιν.</strong></span> 
     </span>
    </p>
   </div>
  </div>
 </body>
</html>
