2124 3860
1019 275 1139 332 282

251 423 500 488 Euripidis
548 421 784 485 quaedam
839 420 998 470 minus
1044 421 1321 471 necessaria
1369 420 1531 471 inesse
1581 428 1632 473 et
1677 424 1914 475 varietate

250 505 425 554 eadem
460 517 629 550 carere
671 500 979 566 iudicavit*).
1050 501 1287 550 Eiusdem
1322 501 1514 564 generis
1549 509 1650 565 est,
1686 504 1814 568 quod
1849 505 1913 554 ad

250 598 296 634 v.
317 584 428 631 656.
467 582 716 645 superflua
750 598 863 630 esse
897 582 1098 646 scripsit
1131 584 1302 631 verba:
1338 578 1615 641 Μενέλαός
1641 582 1756 647 εἰμι.
1811 584 1910 634 De-

248 663 361 711 inde
395 661 700 726 iniquissime
735 662 1080 725 reprehendit,
1121 662 1250 725 quod
1287 662 1419 710 humi
1452 663 1614 711 iacens
1650 662 1853 711 Hecuba
1883 679 1913 712 a

247 742 481 805 Neptuno
529 743 839 790 ostendatur:
888 743 1192 806 praestitisse
1226 743 1356 790 enim
1391 742 1521 790 illam
1565 742 1913 791 lamentantem

249 822 526 886 producere
540 819 635 887 **).
705 821 856 882 Quasi
906 837 998 868 non
1034 822 1129 869 hoc
1164 822 1326 886 ipsum
1360 822 1522 886 paullo
1556 827 1671 884 post
1703 821 1914 879 eveniat,

249 905 301 949 et
334 900 476 963 quasi
510 916 604 948 non
638 901 972 949 vehementius
1007 917 1154 965 saepe
1188 909 1379 949 moveat
1407 902 1548 950 dolor
1570 901 1914 949 obmutescen-

250 981 400 1039 tium,
450 997 593 1043 quam
642 981 1058 1044 conquerentium.
1128 980 1561 1028 Reminiscendum
1597 986 1675 1028 est
1723 995 1913 1040 eorum,

248 1075 373 1123 quae
409 1060 761 1124 Aristophanes
797 1061 946 1121 dixit,
993 1060 1292 1124 Aeschylum
1336 1062 1528 1125 saepius
1565 1076 1624 1108 eo
1659 1077 1800 1108 usum
1834 1075 1913 1108 ar-

249 1140 404 1190 tificio
439 1139 751 1187 collaudans:

379 1216 482 1284 ἐγὼ
516 1218 563 1269 δ’
599 1216 810 1283 ἔχαιρον
842 1223 907 1284 τῇ
943 1224 1114 1284 σιωπῇ
1149 1217 1237 1270 καί
1269 1235 1332 1282 με
1364 1219 1509 1270 τοῦτ’
1543 1216 1755 1282 ἔτερπεν

377 1299 475 1365 οὐχ
508 1289 668 1365 ἧττον
701 1297 733 1365 ἢ
769 1302 874 1350 νῦν
909 1299 961 1349 οἱ
992 1301 1291 1359 λαλοῦντες.

246 1380 382 1430 Idem
418 1382 705 1429 scholiastes
741 1381 962 1445 ineptum
998 1398 1109 1429 esse
1143 1382 1277 1437 dicit,
1314 1379 1442 1444 quod
1465 1377 1760 1443 Talthybius
1792 1376 1913 1426 Cas·

247 1461 472 1510 sundram
520 1461 744 1523 increpet
776 1460 1117 1521 furibundam,
1170 1460 1218 1509 id
1254 1460 1386 1523 qnod
1438 1475 1611 1507 vanum
1645 1463 1735 1508 est.
1803 1456 1914 1506 Non

247 1541 376 1589 enim
430 1540 757 1588 Cassandram
791 1541 1037 1605 increpat,
1071 1540 1159 1588 sed
1195 1542 1610 1603 Agamemnonem
1643 1537 1914 1603 reprehen-

249 1621 348 1681 dit,
397 1620 526 1683 quod
577 1621 888 1684 concupiscat
931 1621 1241 1668 concubitum
1275 1619 1387 1667 talis
1435 1618 1675 1679 feminae,
1720 1617 1914 1681 qualem

247 1700 455 1764 quilibet
499 1715 647 1748 sanus
691 1701 930 1748 vitaturus
963 1700 1047 1747 sit.
1118 1699 1304 1747 Deinde
1337 1698 1396 1746 ad
1433 1715 1475 1746 v.
1507 1701 1619 1746 636.
1655 1699 1915 1761 vituperat,

246 1781 377 1844 quod
414 1779 758 1828 Andromache
806 1776 1326 1843 philosophetur***).
1394 1779 1459 1826 At
1497 1777 1682 1827 nullum
1713 1774 1918 1825 inveniri

248 1861 472 1909 solatium
509 1864 702 1925 potest,
748 1859 863 1922 quin
899 1875 958 1906 ex
993 1859 1305 1922 philosophia
1342 1858 1679 1922 depromatur,
1714 1872 1805 1905 nec
1842 1852 1916 1902 fa-

246 1940 459 2005 tigamur
505 1939 703 1988 easdem
749 1939 1016 1987 sententias
1052 1939 1248 2001 saepius
1283 1940 1608 2002 accipientes,
1651 1934 1917 1985 dummodo

247 2019 396 2070 rebus
430 2019 830 2068 accommodatae
864 2019 960 2066 sint
1004 2023 1056 2065 et
1089 2019 1315 2066 sanandis
1349 2018 1523 2067 animis
1559 2024 1718 2082 aptae.
1786 2015 1916 2063 Cou-

248 2100 501 2148 cutiuntur
534 2105 585 2147 et
617 2099 974 2148 labefactantur
1003 2097 1226 2162 vulgares
1262 2099 1514 2162 opiniones
1549 2098 1612 2145 de
1646 2097 1795 2145 rebus
1827 2095 1917 2144 hu·

248 2180 404 2228 manis
460 2180 621 2241 deque
673 2180 875 2226 deorum
928 2184 1099 2226 natura
1145 2187 1433 2241 susceptae,
1490 2193 1638 2240 quum
1690 2166 1944 2224 homines‘

249 2259 393 2326 probi
430 2258 691 2307 cumulatis
735 2258 1090 2306 calamitatibus
1125 2257 1470 2321 opprimuntur
1504 2263 1554 2304 et
1589 2256 1650 2303 ad
1685 2256 1917 2317 despera-

246 2341 428 2389 tionem
472 2338 672 2387 adducti
717 2338 901 2386 frustra
945 2354 974 2386 a
1021 2353 1076 2385 se
1120 2336 1434 2385 deoscultos
1471 2350 1629 2398 neque
1664 2334 1919 2397 quicquam

246 2419 295 2470 in
329 2420 392 2468 iis
425 2418 660 2485 praesidii
692 2417 959 2481 auxiliique
993 2432 1105 2465 esse
1140 2417 1232 2464 sibi
1268 2416 1593 2480 persuadent:
1628 2414 1711 2477 qui
1737 2413 1920 2461 animo-

247 2516 355 2549 rum
390 2500 586 2548 habitus
622 2513 717 2546 non
751 2498 1031 2561 vulgaribus
1067 2496 1316 2555 remediis,
1352 2496 1440 2543 sed
1476 2495 1670 2558 penitus
1700 2509 1761 2540 ex
1787 2507 1921 2540 arca-

250 2581 326 2631 nis
376 2579 723 2646 philosophiae
781 2578 950 2643 petitis
1007 2577 1248 2625 sanandus
1296 2581 1386 2623 est.
1467 2574 1577 2622 lure
1622 2572 1924 2637 improbaret

251 2660 521 2709 scholiasta
555 2660 826 2708 orationum
879 2658 1269 2717 contentionem,
1305 2672 1397 2719 qua
1427 2654 1635 2703 Hecuba
1669 2669 1783 2702 cum
1817 2651 1922 2700 He-

306 2836 359 2890 *)
389 2835 459 2877 Ad
483 2849 524 2877 v.
541 2833 588 2874 l:
623 2829 727 2884 ὅλος
757 2832 832 2876 ἐπὶ
858 2833 940 2875 τοῦ
962 2828 1165 2887 θεάτρου
1196 2827 1221 2871 ὁ
1247 2824 1515 2885 Εὐριπίδης,
1544 2824 1660 2884 πρὸς
1685 2822 1710 2871 ὃ
1733 2823 1924 2880 ἅφορῶν

390 2902 501 2954 τοὺς
530 2902 693 2958 λόγους
722 2904 806 2947 νῦν
838 2899 862 2945 ὁ
895 2901 1130 2946 Ποσειδῶν
1158 2902 1296 2949 ποιεῖ,
1324 2894 1485 2955 παρών
1510 2895 1556 2940 ἐν
1596 2898 1654 2955 τῇ
1683 2892 1922 2940 ὑποθέσει.

388 2976 629 3029 Πολλαχοῦ
670 2972 719 3018 δὲ
763 2974 997 3026 τοιοῦτος,
1050 2968 1110 3021 ὥς
1150 2968 1196 3014 ἐν
1238 2973 1337 3020 ταῖς
1374 2966 1572 3022 Βάκχαις
1611 2965 1635 3012 ὁ
1674 2966 1922 3015 Διόνυσος·

390 3040 507 3101 ἥκω
536 3042 676 3095 Διὸς
704 3049 842 3094 παῖς
870 3043 1043 3098 τήνδε
1079 3041 1351 3097 Θηβαίων
1381 3036 1586 3093 χθόνα.

279 3118 356 3173 ssss)
385 3113 605 3199 ’Ἄμεινον
632 3107 687 3170 ἦν
728 3112 821 3158 α’πό
861 3115 954 3158 τῶν
988 3109 1268 3170 πραγμάτων
1308 3106 1606 3193 παράγεσθαι
1641 3103 1926 3163 ὀδυρομένην

392 3185 451 3230 τὰ
480 3181 712 3244 παρόντα·
758 3181 878 3229 οὕτω
909 3199 994 3240 γαρ
1027 3181 1052 3237 ἡ
1082 3182 1311 3237 τραγῳδία
1341 3179 1392 3222 τὸ
1424 3176 1580 3228 πάθος
1610 3173 1721 3232 εἶχε·
1766 3175 1851 3218 νῦν
1874 3171 1924 3216 δὲ

391 3259 578 3315 ψυχρῶς
608 3259 668 3313 τῷ
699 3254 882 3312 θεατρῳ
911 3249 1297 3309 προςδιαλέγεται

253 3329 367 3383 ***)
395 3323 464 3371 Ου’
505 3324 771 3382 στοχάζεται
811 3326 904 3368 τῶν
931 3321 1243 3377 ὑποκειμένων
1275 3318 1555 3377 προςώπων·
1598 3313 1677 3359 καὶ
1717 3310 1803 3398 γὰρ
1843 3312 1927 3355 νῦν

394 3393 423 3454 ἡ
451 3393 726 3454 Ἀνδρομάχη
768 3391 873 3450 (τα)
914 3392 1036 3439 αὐτὰ
1073 3394 1320 3448 φιλοσοφεῖ
1356 3389 1433 3433 καὶ
1474 3387 1731 3444 ἔμπροσθεν
1767 3400 1796 3438 η
1829 3385 1927 3426 Κα-

393 3466 583 3526 σανδρα.
