2124 3860
890 264 1012 322 345

131 416 324 484 qualem
359 414 566 466 Ovidius
610 417 657 465 in
695 413 820 467 Met.
844 411 930 475 111,
950 414 1044 462 381
1071 425 1209 474 seqq.
1257 408 1566 473 excogitavit.
1636 405 1795 456 Intro-

128 498 269 547 duxit
302 497 386 545 ille
421 496 661 545 Furorem
699 494 967 559 (Λύσσαν)
1000 493 1212 540 humane
1237 490 1502 539 admodum
1534 493 1586 538 et
1618 489 1797 537 mode-

124 585 263 636 rate,
311 578 450 640 quasi
498 577 782 641 Sapientiae
826 577 981 641 ipsius
1027 573 1253 638 genium,
1296 570 1570 618 dicentem:
1629 568 1796 632 quidni

122 658 274 721 igitur
323 658 473 706 etiam
532 658 704 706 Echus
769 671 1029 721 personam
1086 652 1229 716 plana
1289 667 1346 699 ac
1396 655 1637 714 perpetua
1684 667 1796 698 ora-

125 738 261 787 tione
305 745 522 786 utentem
569 739 628 785 ab
678 737 850 785 eodem
889 741 1033 800 poeta
1066 733 1316 780 inductam
1352 746 1464 779 esse
1499 731 1796 779 credamus‘i

125 817 276 882 idque
327 818 519 867 ‘factum
581 833 692 867 esse
741 817 862 865 satis
907 813 1183 881 perspicuis
1231 812 1394 861 verbis
1440 812 1795 875 Aristophanes

127 896 366 946 declarat:

258 975 389 1043 ἥπερ
423 975 645 1040 πέρυσιν
679 971 736 1027 ἐν
769 975 900 1043 τῷδε
933 973 1106 1043 ταύτῷ
1140 971 1314 1038 χωρίῳ

257 1057 523 1124 Εὐριπίδῃ
557 1055 724 1124 καύτὴ
761 1054 1358 1123 ξυνηγωνιζόμην,

131 1137 269 1187 cuius
314 1142 512 1204 quidem
560 1140 768 1188 imitatio
817 1141 923 1204 ipsa
961 1137 1154 1202 (Echus
1189 1136 1319 1184 enim
1352 1149 1566 1199 persona
1597 1134 1799 1199 Euripi-

129 1217 244 1267 dem
277 1220 438 1284 ipsum
474 1222 698 1270 indutum
731 1218 943 1282 induxit)
993 1218 1324 1265 coniecturam
1369 1220 1583 1262 nostram
1619 1215 1799 1262 confir-

129 1304 244 1348 mat.
314 1301 446 1350 idem
482 1307 693 1349 testatur
726 1300 882 1348 schol.
920 1298 1006 1346 R.:
1050 1291 1157 1345 ἐπεὶ
1204 1293 1509 1360 εἰςήγαγε
1543 1292 1801 1344 κακοστὲ-

128 1394 328 1429 νακτον
360 1379 458 1446 τὴν
483 1376 622 1445 Ἠχὼ
654 1377 686 1429 ὁ
722 1376 1016 1443 Εὐριπίδης
1050 1374 1107 1427 ἐν
1140 1381 1205 1442 τῇ
1234 1369 1571 1442 Ἀνδρομέδᾳ.
1639 1375 1799 1424 Mise-

129 1458 376 1509 ricordem
411 1461 665 1526 Euripidis
700 1459 954 1525 Echonem
1001 1460 1071 1506 ait
1113 1459 1164 1507 in
1199 1457 1508 1506 deridentem
1542 1456 1645 1505 sive
1679 1456 1800 1505 ridi-

130 1539 239 1589 cule
273 1542 546 1590 imitantem
583 1538 1063 1607 (ἐπικοκκάστριαν)
1099 1540 1159 1587 ab
1196 1536 1530 1601 Aristophane
1563 1541 1799 1587 mutatam

132 1635 262 1681 esse,
297 1622 344 1669 id
381 1622 511 1686 quod
548 1639 627 1670 res
663 1623 771 1684 ipsa
805 1622 1031 1669 ostendit.

260 1701 336 1750 Ab
372 1701 540 1750 Echus
576 1702 726 1767 igitur
760 1717 971 1766 persona
1007 1698 1314 1765 prooemium
1349 1703 1512 1747 actum
1542 1714 1655 1747 esse
1685 1713 1801 1747 con-

130 1779 259 1827 iicio.
334 1781 455 1830 Eius
502 1782 598 1830 hoc
644 1781 739 1830 fuit
788 1786 1154 1844 argumentum:
1195 1777 1490 1843 „Cepheus‚
1539 1778 1804 1827 Phoenicis

132 1858 361 1920 filius*)‚
426 1877 515 1909 rex
568 1861 662 1909 fuit
707 1861 1023 1925 Aethiopum.
1106 1858 1253 1907 Cuius
1302 1860 1474 1907 coniux
1520 1859 1805 1924 Cassiopea,

136 1939 360 2003 corporis
398 1938 556 1989 forma
597 1941 904 2006 superbiens,
940 1940 1207 1987 Nereidum
1236 1938 1355 1986 iram
1386 1941 1618 1989 excitavit
1650 1942 1807 1991 multo

135 2033 191 2067 se
235 2018 333 2066 illis
381 2019 732 2069 formosiorem
783 2036 896 2068 esse
932 2020 1200 2085 gloriando.
1271 2018 1458 2080 Quibus
1493 2036 1682 2069 morem
1717 2038 1804 2085 ge-

134 2113 250 2147 rens
284 2098 541 2164 Neptunus
578 2100 769 2165 Cephei
815 2115 1019 2164 regnum
1054 2106 1106 2158 et
1139 2098 1450 2147 inundatione
1485 2108 1535 2149 et
1569 2107 1681 2150 ceto
1714 2103 1807 2152 im-

133 2179 286 2227 misso
328 2182 652 2243 pervastavit:
700 2181 785 2228 hic
828 2182 958 2228 enim
1000 2179 1049 2227 in
1095 2184 1279 2227 terram
1317 2180 1577 2243 egrediens
1613 2187 1663 2230 et
1694 2199 1808 2248 gre-

132 2275 220 2323 ges
268 2265 319 2308 et
354 2266 576 2324 pastores
611 2257 942 2325 rapiebat**).
1013 2258 1119 2320 Qua
1160 2266 1302 2323 peste
1338 2276 1486 2322 quum
1522 2278 1807 2325 premeren-

133 2343 214 2387 tur
246 2339 534 2403 Aethiopes,
571 2340 802 2404 Cepheus
838 2356 926 2388 rex
959 2340 1212 2388 Ammonis
1249 2340 1449 2388 oraculo
1483 2343 1697 2391 monitus
1729 2352 1809 2394 est

133 2423 238 2466 tum
284 2420 481 2468 demum
516 2426 682 2468 tantae
716 2421 1006 2469 calamitatis
1041 2419 1189 2466 finem
1221 2419 1357 2479 fore,
1392 2436 1500 2469 cum
1540 2422 1809 2488 Cassiopea

134 2497 285 2546 filiam
312 2499 673 2548 Andromedam
700 2506 811 2549 ceto
837 2501 1167 2548 devorandam
1195 2501 1556 2563 proposuisset,
1591 2504 1652 2551 ad
1678 2504 1808 2567 quod

135 2576 416 2627 faciendum
462 2595 551 2628 rex
595 2581 737 2629 etiam
783 2580 1096 2644 popularium
1145 2579 1191 2626 vi
1235 2581 1517 2644 compulsus
1552 2588 1642 2631 est.
1712 2583 1806 2633 lta·

138 2674 233 2722 que
279 2658 590 2708 Andromeda
634 2659 841 2724 scopulo
875 2660 998 2708 mari
1031 2659 1215 2720 vicino,
1251 2665 1306 2707 ut
1339 2677 1366 2707 a
1401 2667 1621 2711 monstro
1656 2664 1808 2713 devo-

136 2742 355 2799 raretur,
399 2738 593 2803 alligata
627 2740 750 2789 est.’'
836 2738 1067 2804 Speciem
1103 2739 1360 2802 expositae
1405 2740 1482 2788 his
1520 2743 1682 2791 verbis
1716 2745 1807 2794 de-

139 2818 312 2866 scribit
346 2818 614 2867 Lucienus:
661 2817 1010 2884 προκειμένην
1054 2816 1136 2868 ἐπί
1170 2835 1315 2878 τινος
1346 2817 1538 2885 πέτρας
1569 2823 1810 2891 προβλῆ-

138 2915 254 2961 τος,
288 2898 928 2965 προςπεπατταλευμένην,
963 2898 1269 2964 καλλίστην,
1308 2891 1348 2949 ὦ
1382 2902 1530 2965 θεοί,
1565 2903 1808 2971 καθειμέ-

138 2996 241 3045 νην
287 2976 378 3038 τὰς
421 2978 610 3043 κόμας,
663 2978 967 3046 ἡμίγυμνον
1010 2973 1147 3031 πολὺ
1196 2978 1380 3043 ἔνερθε
1426 2984 1533 3032 τῶν
1577 2987 1807 3049 μαστῶν.

138 3059 355 3124 Religati
404 3064 544 3108 erant
588 3062 759 3109 lacerti
802 3064 1022 3126 virginis,
1072 3062 1159 3110 sed
1208 3063 1393 3112 liberae
1428 3082 1617 3114 manus.
1686 3068 1808 3115 Fra-

136 3146 335 3204 gmenta
367 3140 515 3189 huius
551 3142 838 3191 narrationis
886 3159 1045 3208 pauca
1078 3147 1298 3211 exstant,
1336 3146 1426 3193 sed
1462 3147 1582 3195 satis
1617 3148 1811 3212 perspi-

195 3321 244 3374 ⁹⁵)
285 3322 454 3376 Hygin.
485 3322 609 3364 Poet.
640 3325 744 3366 astr.
773 3323 828 3375 11,
857 3323 899 3367 9.
930 3329 974 3368 et
1002 3325 1070 3366 10.

169 3390 246 3446 >igi‘)
285 3391 519 3434 Philostr.:
548 3393 739 3445 πεζεῦον
778 3393 853 3438 ἐπὶ
890 3392 976 3446 τὰς
1014 3392 1178 3450 ἀγέλας
1205 3394 1284 3440 καὶ
1316 3395 1425 3448 τοὺς
1466 3397 1514 3442 ἐν
1549 3390 1607 3454 τῇ
1636 3398 1694 3453 γῇ
1725 3395 1812 3442 ἅν-

280 3461 517 3519 θρώπονς.
