2170 3848
947 268 1026 325 27

147 418 259 485 quis
282 417 375 467 diis
397 416 620 482 Iuppiter
644 416 925 470 antecellat.
975 414 1158 486 Merito
1180 412 1330 478 igitur
1355 412 1499 462 Musa
1524 410 1826 479 tragoediae,

147 506 316 565 utpote
341 500 388 547 in
413 499 618 546 heroum
645 498 893 546 laboribus
916 494 1221 544 celebrandis
1247 509 1359 542 cum
1376 495 1612 558 epopoeia
1628 492 1825 559 conspi-

146 579 289 638 rans,
313 579 409 627 hoc
444 578 696 638 differens,
732 578 860 642 quod
895 577 1002 640 ipsa
1034 576 1431 635 succumbentes,
1468 575 1592 623 haec
1626 574 1827 623 vincen-

147 665 226 710 tes
262 660 508 715 ostendit,
557 658 784 706 Herculis
820 657 1128 720 potissimum
1163 655 1462 717 insignibus,
1510 654 1644 702 clava
1679 660 1827 717 atque

146 739 280 806 pelle
314 739 525 799 leonina,
558 744 772 786 ornatur.
825 736 1064 799 Magnum
1099 735 1298 798 quidem
1338 741 1432 792 est,
1468 735 1597 798 qnod
1637 734 1827 784 leonem

149 814 471 875 Nemeaeum,
503 818 631 881 ¹quod
655 817 944 875 Centauros,
972 816 1104 879 quod
1140 831 1335 863 cervam
1371 814 1670 875 Oenoaeam,
1693 814 1827 879 quod

151 915 307 964 equos
344 898 620 957 Diomedis,
670 897 799 960 quod
835 896 1078 962 Cygnum,
1115 896 1246 959 quod
1282 895 1544 944 draconem
1582 896 1826 961 Hesperi-

151 980 283 1040 dum,
318 978 449 1044 quod
485 979 776 1035 Amazonas,
813 978 942 1040 quod
979 977 1188 1040 hydram
1223 975 1513 1036 Lernaeam,
1551 975 1681 1041 quod
1718 975 1829 1025 Ge-

149 1056 352 1124 ryone‘m
388 1059 534 1119 vicit,
572 1058 702 1122 quod
737 1073 906 1106 omnes
942 1058 1159 1106 omnium
1194 1063 1440 1106 terrarum
1476 1062 1696 1106 terrores
1731 1055 1828 1105 tol-

146 1139 295 1188 leudo
342 1135 637 1202 ultimasque
685 1144 857 1203 gentes
907 1137 1134 1186 adeundo
1168 1139 1338 1186 orbem
1373 1146 1612 1186 terrarum
1650 1152 1829 1202 purga-

147 1219 249 1279 vit;
299 1235 466 1268 verum
515 1218 720 1279 similia,
772 1218 968 1267 etiamsi
1004 1234 1101 1266 non
1137 1223 1298 1278 tanta,
1350 1219 1410 1266 ab
1446 1218 1554 1266 aliis
1590 1218 1829 1266 heroibus

119 1296 330 1349 *effecta
364 1305 494 1349 sunt.
561 1299 724 1348 Maius
759 1304 864 1359 est,
914 1299 1047 1362 quod
1084 1298 1293 1358 coelum,
1327 1303 1527 1362 pontum
1565 1303 1711 1363 atque
1745 1313 1827 1347 or-

148 1376 261 1428 euin
294 1381 495 1428 domare
530 1383 581 1427 et
613 1380 674 1427 ab
710 1395 879 1427 eorum
913 1380 1102 1428 iniuriis
1137 1379 1367 1427 mortales
1402 1385 1538 1426 tutos
1574 1383 1831 1443 praestare

148 1466 353 1509 conatus
388 1465 493 1514 est:
541 1459 733 1508 coelum
783 1460 912 1508 enim
958 1460 1178 1508 humeris
1228 1459 1330 1507 suis
1378 1458 1642 1522 imposuit3
1693 1458 1831 1524 ponti

147 1541 320 1601 undas,
341 1557 404 1590 ne
436 1541 767 1606 navigantibus
801 1546 1053 1599 nocerent,
1091 1540 1342 1599 cohibuit3
1378 1546 1632 1603 postremo
1667 1540 1715 1589 in
1750 1555 1830 1589 or·

148 1636 258 1668 cum
303 1620 583 1682 descendit,
632 1621 922 1670 terriculum
957 1622 1234 1670 mortalium
1281 1620 1552 1669 Cerberum
1587 1621 1637 1670 in
1671 1620 1834 1670 lucem

147 1705 505 1765 protracturus,
531 1717 627 1764 quo
661 1703 709 1750 in
745 1707 920 1749 conatu
952 1702 1182 1750 interisse
1216 1701 1426 1751 videtur.
1484 1701 1657 1765 Itaque
1690 1700 1834 1750 liberi

149 1787 345 1845 quoque
376 1783 476 1836 iam
512 1782 574 1830 ad
607 1781 792 1830 inferos
829 1798 942 1830 eum
978 1780 1292 1831 subsecuturi
1327 1786 1455 1832 sunt.

240 1890 245 1903 2
279 1861 430 1912 Redit
458 1862 526 1910 'in
559 1877 756 1909 scenam
794 1861 996 1927 Megara
1032 1878 1142 1911 cum
1179 1862 1335 1910 tribus
1370 1861 1488 1910 filiis
1524 1867 1676 1926 atque
1711 1863 1831 1913 Am·-

149 1940 429 2011 phitruone,
464 1941 670 1990 funereo
696 1942 827 1990 cultu
854 1942 915 1990 ad
944 1948 1157 1990 mortem
1183 1942 1458 1990 obeundam
1494 1948 1682 2008 parata.
1740 1945 1832 1994 Ul-

149 2021 325 2069 timum
371 2022 650 2086 adspiciens
685 2022 1084 2086 amplectensque
1117 2022 1317 2084 liberos,
1355 2028 1535 2086 quauta
1571 2040 1660 2089 spe
1695 2025 1832 2074 deci-

148 2096 295 2160 derit,
333 2100 631 2150 recordatur.
670 2102 915 2150 Hercules
943 2104 1070 2151 enim
1096 2106 1240 2151 antea
1261 2104 1555 2168 superstites
1574 2105 1686 2154 fore
1701 2105 1832 2156 filios

148 2195 376 2246 sperans,
412 2183 494 2230 uni
523 2184 699 2248 Argos,
727 2183 998 2248 Eurysthei
1032 2200 1254 2247 regnum,
1292 2184 1437 2232 alteri
1470 2183 1690 2243 'l'hebaS‚
1726 2203 1833 2236 ma-

147 2266 610 2325 ternumvregnum,
657 2266 804 2313 tertio
842 2264 1154 2324 Oechaliam,
1193 2281 1337 2329 quam
1374 2266 1484 2330 ipse
1519 2268 1832 2332 expugnavit,

148 2341 475 2401 adiudicabat,
508 2359 599 2392 nec
625 2345 784 2393 minus
821 2345 1025 2403 clavam,
1052 2346 1233 2409 pellem
1271 2363 1540 2411 arcumque
1568 2348 1628 2394 iis
1663 2348 1832 2397 distri-

147 2421 343 2493 buebat.
373 2423 505 2495 vIpsa
524 2432 686 2474 autem
705 2425 903 2489 Megara
930 2427 1161 2475 uxoribus
1188 2442 1248 2475 ex
1276 2428 1627 2492 potentissimis
1660 2428 1831 2478 civita-

147 2495 311 2562 tibus,
325 2502 550 2566 Athenis,
581 2505 772 2570 Spartis
800 2506 1106 2570 'l‘hebisque,
1145 2507 1354 2556 delectis
1377 2508 1623 2556 fortunam
1657 2525 1830 2559 eorum

149 2582 394 2635 firmatum
441 2585 502 2633 iri
547 2587 794 2652 sperabat.
874 2587 975 2635 Iam
1021 2602 1111 2652 pro
1147 2590 1343 2652 sponsis
1376 2588 1578 2654 Κῆρες,
1614 2605 1706 2653 pro
1743 2606 1830 2639 so-

151 2676 268 2727 cero
301 2663 486 2726 Orcus,
510 2668 672 2716 ⁴matri
721 2673 886 2715 autem
920 2683 1011 2731 pro
1046 2668 1234 2716 balneis
1270 2669 1499 2718 lacrimae
1533 2669 1830 2733 obtigerunt.

151 2739 324 2791 Multis
353 2760 463 2794 cum
491 2747 705 2796 lacrimis
724 2748 905 2796 liberos
921 2749 1148 2796 osculans
1165 2749 1485 2813 salutansque
1498 2755 1653 2814 optat,
1677 2755 1734 2798 ut
1751 2752 1830 2801 vel

150 2823 324 2872 umbra
347 2825 574 2877 Herculis
609 2835 870 2893 appareat:
907 2828 1226 2878 suffecturam
1261 2830 1391 2878 enim
1416 2847 1522 2879 eam
1551 2831 1612 2878 ad
1641 2832 1830 2895 pellen-

151 2903 241 2951 dos
274 2905 446 2954 hostes
477 2909 690 2972 ignavos.
763 2909 1057 2973 Amphitruo
1099 2916 1264 2958 autem
1301 2910 1428 2958 Iovis
1464 2911 1698 2960 auxilium
1734 2913 1829 2961 im·-

149 2984 330 3049 plorat,
378 2985 553 3035 deinde
579 2989 743 3037 valere
767 2990 904 3037 iubet
928 3006 1088 3051 senes,
1117 2991 1279 3038 socios
1316 3007 1430 3039 suos
1465 2998 1613 3054 atque
1648 3009 1830 3058 aequa-

150 3064 255 3122 les,
299 3081 460 3130 neque
493 3066 660 3118 fovere
695 3086 809 3134 spes
845 3071 1088 3131 lubricas,
1126 3077 1181 3119 ut
1212 3088 1332 3135 quas
1370 3077 1562 3136 tempus
1600 3071 1829 3122 frustrari

150 3144 338 3201 soleat,
402 3149 491 3196 sed
539 3147 600 3197 de
642 3149 721 3197 die
765 3152 816 3198 in
863 3158 1055 3200 noctem
1099 3168 1303 3200 securos
1350 3153 1541 3200 vivere:
1597 3152 1827 3202 fallacem

150 3225 281 3273 enim
316 3227 561 3275 fortunam
609 3244 748 3289 esse,
783 3247 871 3279 suo
907 3232 1135 3296 exemplo
1171 3232 1468 3280 confirmari.
1549 3233 1689 3282 Haec
1725 3234 1826 3281 dis-

150 3306 432 3356 cedentium
470 3309 615 3356 verba
650 3311 950 3374 gravissima,
984 3313 1136 3360 rebus
1172 3314 1497 3377 personisque
1533 3315 1826 3362 convenien-

148 3384 340 3436 tissima
385 3394 514 3440 sunt.
596 3389 788 3451 Quibus
833 3393 981 3440 dictis
1030 3393 1193 3441 subito
1238 3394 1395 3442 redux
1431 3408 1491 3442 ex
1528 3394 1659 3442 Orco
1692 3393 1826 3442 Her-

152 3466 320 3526 culeS,
370 3470 522 3518 tacite
557 3470 850 3535 occulteque
882 3473 932 3520 in
969 3473 1140 3522 urbem
1176 3473 1456 3536 ingressuS,
1505 3473 1830 3538 conspicitur,
