<?xml version="1.0" encoding="UTF-8"?>
<!DOCTYPE html PUBLIC "-//W3C//DTD XHTML 1.0 Transitional//EN"
    "http://www.w3.org/TR/xhtml1/DTD/xhtml1-transitional.dtd">
<html xmlns="http://www.w3.org/1999/xhtml" xml:lang="en" lang="en">
 <head>
  <title>
</title>
<meta http-equiv="Content-Type" content="text/html;charset=utf-8" />
  <meta name='ocr-system' content='tesseract 3.04.00' />
  <meta name='ocr-capabilities' content='ocr_page ocr_carea ocr_par ocr_line ocrx_word'/>
</head>
<body>
  <div class='ocr_page' id='page_1' title='image "./euripidesrestitu02hartuoft_0083.png"; bbox 0 0 2170 3848; ppageno 0'>
   <div class='ocr_carea' id='block_1_1' title="bbox 923 256 999 312">
    <p class='ocr_par' dir='ltr' id='par_1_1' title="bbox 923 256 999 312">
     <span class='ocr_line' id='line_1_1' title="bbox 923 256 999 312; baseline -0.026 0"><span class='ocrx_word' id='word_1_1' title='bbox 923 256 999 312; x_wconf 77' lang='lat'><strong>71</strong></span> 
     </span>
    </p>
   </div>
   <div class='ocr_carea' id='block_1_2' title="bbox 114 400 1803 3504">
    <p class='ocr_par' dir='ltr' id='par_1_2' title="bbox 128 400 1803 947">
     <span class='ocr_line' id='line_1_2' title="bbox 134 400 1803 467; baseline 0 -15"><span class='ocrx_word' id='word_1_2' title='bbox 134 421 260 466; x_wconf 87' lang='lat' dir='ltr'><strong>eam,</strong></span> <span class='ocrx_word' id='word_1_3' title='bbox 294 404 344 450; x_wconf 90' lang='lat' dir='ltr'><strong>in</strong></span> <span class='ocrx_word' id='word_1_4' title='bbox 379 418 474 465; x_wconf 83' lang='lat' dir='ltr'><strong>qua</strong></span> <span class='ocrx_word' id='word_1_5' title='bbox 510 403 632 450; x_wconf 84' lang='lat' dir='ltr'><strong>nihil</strong></span> <span class='ocrx_word' id='word_1_6' title='bbox 667 403 994 462; x_wconf 77' lang='lat' dir='ltr'><strong>desideretur,</strong></span> <span class='ocrx_word' id='word_1_7' title='bbox 1029 401 1148 449; x_wconf 83' lang='lat' dir='ltr'><strong>nihil</strong></span> <span class='ocrx_word' id='word_1_8' title='bbox 1185 401 1415 449; x_wconf 83' lang='lat' dir='ltr'><strong>abundet.</strong></span> <span class='ocrx_word' id='word_1_9' title='bbox 1467 400 1598 450; x_wconf 81' lang='lat' dir='ltr'><strong>Suus</strong></span> <span class='ocrx_word' id='word_1_10' title='bbox 1625 401 1803 467; x_wconf 78' lang='lat' dir='ltr'><strong>cuique</strong></span> 
     </span>
     <span class='ocr_line' id='line_1_3' title="bbox 131 481 1797 548; baseline 0.001 -18"><span class='ocrx_word' id='word_1_11' title='bbox 131 483 262 548; x_wconf 88' lang='lat' dir='ltr'><strong>parti</strong></span> <span class='ocrx_word' id='word_1_12' title='bbox 307 483 420 532; x_wconf 87' lang='lat' dir='ltr'><strong>finis</strong></span> <span class='ocrx_word' id='word_1_13' title='bbox 468 484 764 548; x_wconf 87' lang='lat' dir='ltr'><strong>modusque,</strong></span> <span class='ocrx_word' id='word_1_14' title='bbox 810 499 954 548; x_wconf 90' lang='lat' dir='ltr'><strong>quem</strong></span> <span class='ocrx_word' id='word_1_15' title='bbox 1000 481 1139 529; x_wconf 91' lang='lat' dir='ltr'><strong>iubet</strong></span> <span class='ocrx_word' id='word_1_16' title='bbox 1181 481 1393 528; x_wconf 85' lang='lat' dir='ltr'><strong>universi</strong></span> <span class='ocrx_word' id='word_1_17' title='bbox 1441 482 1604 544; x_wconf 87' lang='lat' dir='ltr'><strong>operis</strong></span> <span class='ocrx_word' id='word_1_18' title='bbox 1651 483 1797 545; x_wconf 87' lang='lat' dir='ltr'><strong>ratio,</strong></span> 
     </span>
     <span class='ocr_line' id='line_1_4' title="bbox 131 559 1799 627; baseline 0 -15"><span class='ocrx_word' id='word_1_19' title='bbox 131 563 503 612; x_wconf 86' lang='lat' dir='ltr'><strong>constituendus</strong></span> <span class='ocrx_word' id='word_1_20' title='bbox 538 569 630 623; x_wconf 85' lang='lat' dir='ltr'><strong>est,</strong></span> <span class='ocrx_word' id='word_1_21' title='bbox 666 579 827 627; x_wconf 91' lang='lat' dir='ltr'><strong>neque</strong></span> <span class='ocrx_word' id='word_1_22' title='bbox 860 561 1072 625; x_wconf 88' lang='lat' dir='ltr'><strong>propriis</strong></span> <span class='ocrx_word' id='word_1_23' title='bbox 1106 564 1190 607; x_wconf 87' lang='lat' dir='ltr'><strong>ant</strong></span> <span class='ocrx_word' id='word_1_24' title='bbox 1218 559 1436 608; x_wconf 85' lang='lat' dir='ltr'><strong>fortuitis</strong></span> <span class='ocrx_word' id='word_1_25' title='bbox 1463 560 1799 613; x_wconf 89' lang='lat' dir='ltr'><strong>describendis</strong></span> 
     </span>
     <span class='ocr_line' id='line_1_5' title="bbox 130 632 1800 708; baseline 0.001 -17"><span class='ocrx_word' id='word_1_26' title='bbox 130 643 256 708; x_wconf 88' lang='lat' dir='ltr'><strong>plns,</strong></span> <span class='ocrx_word' id='word_1_27' title='bbox 293 658 435 707; x_wconf 87' lang='lat' dir='ltr'><strong>quam</strong></span> <span class='ocrx_word' id='word_1_28' title='bbox 473 643 619 708; x_wconf 82' lang='lat' dir='ltr'><strong>digna</strong></span> <span class='ocrx_word' id='word_1_29' title='bbox 653 648 766 691; x_wconf 89' lang='lat' dir='ltr'><strong>sunt</strong></span> <span class='ocrx_word' id='word_1_30' title='bbox 800 632 1058 705; x_wconf 69' lang='lat' dir='ltr'><strong>decettjue,</strong></span> <span class='ocrx_word' id='word_1_31' title='bbox 1094 639 1441 688; x_wconf 78' lang='lat' dir='ltr'><strong>tribuendum.‘</strong></span> <span class='ocrx_word' id='word_1_32' title='bbox 1474 640 1618 690; x_wconf 86' lang='lat' dir='ltr'><strong>Ficta</strong></span> <span class='ocrx_word' id='word_1_33' title='bbox 1650 643 1800 708; x_wconf 82' lang='lat' dir='ltr'><strong>igitur</strong></span> 
     </span>
     <span class='ocr_line' id='line_1_6' title="bbox 128 720 1798 786; baseline 0 -15"><span class='ocrx_word' id='word_1_34' title='bbox 128 738 189 771; x_wconf 90' lang='lat' dir='ltr'><strong>an</strong></span> <span class='ocrx_word' id='word_1_35' title='bbox 222 739 354 784; x_wconf 90' lang='lat' dir='ltr'><strong>vera,</strong></span> <span class='ocrx_word' id='word_1_36' title='bbox 389 723 741 786; x_wconf 79' lang='lat' dir='ltr'><strong>praestantiora</strong></span> <span class='ocrx_word' id='word_1_37' title='bbox 773 735 834 768; x_wconf 91' lang='lat' dir='ltr'><strong>an</strong></span> <span class='ocrx_word' id='word_1_38' title='bbox 870 720 1146 780; x_wconf 83' lang='lat' dir='ltr'><strong>vitiosiora,</strong></span> <span class='ocrx_word' id='word_1_39' title='bbox 1185 720 1347 768; x_wconf 90' lang='lat' dir='ltr'><strong>divina</strong></span> <span class='ocrx_word' id='word_1_40' title='bbox 1383 735 1444 768; x_wconf 90' lang='lat' dir='ltr'><strong>an</strong></span> <span class='ocrx_word' id='word_1_41' title='bbox 1477 721 1690 783; x_wconf 85' lang='lat' dir='ltr'><strong>vulgaria</strong></span> <span class='ocrx_word' id='word_1_42' title='bbox 1724 724 1798 771; x_wconf 92' lang='lat' dir='ltr'><strong>in-</strong></span> 
     </span>
     <span class='ocr_line' id='line_1_7' title="bbox 128 799 1799 864; baseline 0.001 -14"><span class='ocrx_word' id='word_1_43' title='bbox 128 803 477 861; x_wconf 85' lang='lat' dir='ltr'><strong>troducantur,</strong></span> <span class='ocrx_word' id='word_1_44' title='bbox 525 801 789 849; x_wconf 91' lang='lat' dir='ltr'><strong>dummodo</strong></span> <span class='ocrx_word' id='word_1_45' title='bbox 836 799 1040 847; x_wconf 88' lang='lat' dir='ltr'><strong>consilio</strong></span> <span class='ocrx_word' id='word_1_46' title='bbox 1085 805 1340 864; x_wconf 85' lang='lat' dir='ltr'><strong>poetarum</strong></span> <span class='ocrx_word' id='word_1_47' title='bbox 1387 800 1714 863; x_wconf 82' lang='lat' dir='ltr'><strong>respondeant</strong></span> <span class='ocrx_word' id='word_1_48' title='bbox 1747 808 1799 851; x_wconf 92' lang='lat' dir='ltr'><strong>et</strong></span> 
     </span>
     <span class='ocr_line' id='line_1_8' title="bbox 128 879 829 947; baseline 0 -18"><span class='ocrx_word' id='word_1_49' title='bbox 128 888 243 947; x_wconf 88' lang='lat' dir='ltr'><strong>apte</strong></span> <span class='ocrx_word' id='word_1_50' title='bbox 275 881 524 940; x_wconf 81' lang='lat' dir='ltr'><strong>haereant,</strong></span> <span class='ocrx_word' id='word_1_51' title='bbox 558 880 626 929; x_wconf 90' lang='lat' dir='ltr'><strong>nil</strong></span> <span class='ocrx_word' id='word_1_52' title='bbox 658 879 829 929; x_wconf 82' lang='lat' dir='ltr'><strong>refert.</strong></span> 
     </span>
    </p>

    <p class='ocr_par' dir='ltr' id='par_1_3' title="bbox 114 959 1796 3504">
     <span class='ocr_line' id='line_1_9' title="bbox 252 959 1796 1024; baseline 0 -14"><span class='ocrx_word' id='word_1_53' title='bbox 252 961 365 1010; x_wconf 88' lang='lat' dir='ltr'><strong>Hoc</strong></span> <span class='ocrx_word' id='word_1_54' title='bbox 406 960 514 1009; x_wconf 89' lang='lat' dir='ltr'><strong>loco</strong></span> <span class='ocrx_word' id='word_1_55' title='bbox 572 975 669 1008; x_wconf 88' lang='lat' dir='ltr'><strong>non</strong></span> <span class='ocrx_word' id='word_1_56' title='bbox 712 959 924 1009; x_wconf 87' lang='lat' dir='ltr'><strong>alienum</strong></span> <span class='ocrx_word' id='word_1_57' title='bbox 981 959 1175 1009; x_wconf 92' lang='lat' dir='ltr'><strong>videtur</strong></span> <span class='ocrx_word' id='word_1_58' title='bbox 1221 959 1499 1008; x_wconf 86' lang='lat' dir='ltr'><strong>Aristotelis</strong></span> <span class='ocrx_word' id='word_1_59' title='bbox 1559 961 1796 1024; x_wconf 76' lang='lat' dir='ltr'><strong>quaedam</strong></span> 
     </span>
     <span class='ocr_line' id='line_1_10' title="bbox 127 1038 1796 1105; baseline 0.001 -17"><span class='ocrx_word' id='word_1_60' title='bbox 127 1041 272 1090; x_wconf 78' lang='lat' dir='ltr'><strong>verba</strong></span> <span class='ocrx_word' id='word_1_61' title='bbox 325 1039 467 1103; x_wconf 83' lang='lat' dir='ltr'><strong>vulgo</strong></span> <span class='ocrx_word' id='word_1_62' title='bbox 518 1040 648 1088; x_wconf 90' lang='lat' dir='ltr'><strong>male</strong></span> <span class='ocrx_word' id='word_1_63' title='bbox 693 1038 942 1088; x_wconf 88' lang='lat' dir='ltr'><strong>intellecta</strong></span> <span class='ocrx_word' id='word_1_64' title='bbox 1001 1039 1283 1105; x_wconf 84' lang='lat' dir='ltr'><strong>diligentius</strong></span> <span class='ocrx_word' id='word_1_65' title='bbox 1330 1039 1672 1100; x_wconf 79' lang='lat' dir='ltr'><strong>considerare,</strong></span> <span class='ocrx_word' id='word_1_66' title='bbox 1723 1046 1796 1102; x_wconf 87' lang='lat' dir='ltr'><strong>ut,</strong></span> 
     </span>
     <span class='ocr_line' id='line_1_11' title="bbox 125 1118 1795 1185; baseline 0.001 -17"><span class='ocrx_word' id='word_1_67' title='bbox 125 1119 251 1181; x_wconf 87' lang='lat' dir='ltr'><strong>quid.</strong></span> <span class='ocrx_word' id='word_1_68' title='bbox 287 1118 373 1168; x_wconf 91' lang='lat' dir='ltr'><strong>ille</strong></span> <span class='ocrx_word' id='word_1_69' title='bbox 418 1119 480 1167; x_wconf 93' lang='lat' dir='ltr'><strong>de</strong></span> <span class='ocrx_word' id='word_1_70' title='bbox 514 1119 608 1167; x_wconf 89' lang='lat' dir='ltr'><strong>hac</strong></span> <span class='ocrx_word' id='word_1_71' title='bbox 642 1135 698 1167; x_wconf 91' lang='lat' dir='ltr'><strong>re</strong></span> <span class='ocrx_word' id='word_1_72' title='bbox 733 1119 1010 1182; x_wconf 83' lang='lat' dir='ltr'><strong>censuerit,</strong></span> <span class='ocrx_word' id='word_1_73' title='bbox 1054 1119 1365 1185; x_wconf 83' lang='lat' dir='ltr'><strong>intelligatur.</strong></span> <span class='ocrx_word' id='word_1_74' title='bbox 1432 1119 1632 1168; x_wconf 89' lang='lat' dir='ltr'><strong>Haecce</strong></span> <span class='ocrx_word' id='word_1_75' title='bbox 1667 1121 1795 1169; x_wconf 89' lang='lat' dir='ltr'><strong>enim</strong></span> 
     </span>
     <span class='ocr_line' id='line_1_12' title="bbox 123 1195 1796 1264; baseline 0.002 -18"><span class='ocrx_word' id='word_1_76' title='bbox 123 1198 174 1246; x_wconf 90' lang='lat' dir='ltr'><strong>in</strong></span> <span class='ocrx_word' id='word_1_77' title='bbox 202 1197 344 1247; x_wconf 84' lang='lat' dir='ltr'><strong>Poet.</strong></span> <span class='ocrx_word' id='word_1_78' title='bbox 369 1214 412 1246; x_wconf 90' lang='lat' dir='ltr'><strong>c.</strong></span> <span class='ocrx_word' id='word_1_79' title='bbox 430 1202 477 1247; x_wconf 87' lang='grc'><strong>9.</strong></span> <span class='ocrx_word' id='word_1_80' title='bbox 508 1198 649 1263; x_wconf 66' lang='lat' dir='ltr'><strong>§.1st</strong></span> <span class='ocrx_word' id='word_1_81' title='bbox 677 1199 903 1264; x_wconf 80' lang='lat' dir='ltr'><strong>scripsit:</strong></span> <span class='ocrx_word' id='word_1_82' title='bbox 938 1201 1180 1250; x_wconf 81' lang='grc' dir='ltr'><strong><em>τοιαῦται</em></strong></span> <span class='ocrx_word' id='word_1_83' title='bbox 1210 1195 1266 1249; x_wconf 81' lang='grc' dir='ltr'><strong>δὲ</strong></span> <span class='ocrx_word' id='word_1_84' title='bbox 1296 1197 1388 1264; x_wconf 90' lang='lat' dir='ltr'><strong>(sc.</strong></span> <span class='ocrx_word' id='word_1_85' title='bbox 1417 1195 1796 1259; x_wconf 80' lang='grc' dir='ltr'><strong><em>ἐπειςοδιώδεις</em></strong></span> 
     </span>
     <span class='ocr_line' id='line_1_13' title="bbox 124 1274 1796 1344; baseline 0.002 -17"><span class='ocrx_word' id='word_1_86' title='bbox 124 1279 294 1342; x_wconf 79' lang='grc' dir='ltr'><strong><em>μῦθοι</em></strong></span> <span class='ocrx_word' id='word_1_87' title='bbox 324 1274 415 1328; x_wconf 85' lang='grc' dir='ltr'><strong><em>καὶ</em></strong></span> <span class='ocrx_word' id='word_1_88' title='bbox 433 1277 674 1342; x_wconf 76' lang='grc' dir='ltr'>προέξεις)</span> <span class='ocrx_word' id='word_1_89' title='bbox 705 1283 987 1330; x_wconf 83' lang='grc' dir='ltr'><strong><em>ποιοῦνται</em></strong></span> <span class='ocrx_word' id='word_1_90' title='bbox 1020 1279 1125 1331; x_wconf 82' lang='grc' dir='ltr'><strong>ὑπὸ</strong></span> <span class='ocrx_word' id='word_1_91' title='bbox 1159 1277 1257 1344; x_wconf 83' lang='grc' dir='ltr'><strong>μὲν</strong></span> <span class='ocrx_word' id='word_1_92' title='bbox 1288 1280 1396 1329; x_wconf 78' lang='grc' dir='ltr'><strong>τῶν</strong></span> <span class='ocrx_word' id='word_1_93' title='bbox 1430 1279 1654 1344; x_wconf 82' lang='grc' dir='ltr'><strong><em>φαύλων</em></strong></span> <span class='ocrx_word' id='word_1_94' title='bbox 1685 1295 1796 1331; x_wconf 83' lang='grc' dir='ltr'><strong><em>ποι-</em></strong></span> 
     </span>
     <span class='ocr_line' id='line_1_14' title="bbox 121 1355 1795 1427; baseline 0.002 -19"><span class='ocrx_word' id='word_1_95' title='bbox 121 1358 264 1422; x_wconf 80' lang='grc' dir='ltr'><strong><em>ητῶν</em></strong></span> <span class='ocrx_word' id='word_1_96' title='bbox 297 1355 365 1408; x_wconf 84' lang='grc' dir='ltr'><strong>δι’</strong></span> <span class='ocrx_word' id='word_1_97' title='bbox 401 1357 612 1422; x_wconf 78' lang='grc' dir='ltr'><strong><em>αὐτούς,</em></strong></span> <span class='ocrx_word' id='word_1_98' title='bbox 658 1357 764 1410; x_wconf 80' lang='grc' dir='ltr'><strong>ὑπὸ</strong></span> <span class='ocrx_word' id='word_1_99' title='bbox 812 1358 868 1410; x_wconf 79' lang='grc' dir='ltr'><strong>δὲ</strong></span> <span class='ocrx_word' id='word_1_100' title='bbox 899 1361 1006 1412; x_wconf 82' lang='grc' dir='ltr'><strong>τῶν</strong></span> <span class='ocrx_word' id='word_1_101' title='bbox 1040 1360 1264 1427; x_wconf 76' lang='grc' dir='ltr'><strong><em>α’γαθῶν</em></strong></span> <span class='ocrx_word' id='word_1_102' title='bbox 1297 1358 1389 1411; x_wconf 81' lang='grc' dir='ltr'><strong><em>διὰ·</em></strong></span> <span class='ocrx_word' id='word_1_103' title='bbox 1416 1355 1543 1421; x_wconf 79' lang='grc' dir='ltr'><strong><em>τοὺς</em></strong></span> <span class='ocrx_word' id='word_1_104' title='bbox 1575 1359 1795 1425; x_wconf 78' lang='grc' dir='ltr'><strong><em>ὐποκρι-</em></strong></span> 
     </span>
     <span class='ocr_line' id='line_1_15' title="bbox 122 1437 1795 1509; baseline 0.002 -21"><span class='ocrx_word' id='word_1_105' title='bbox 122 1438 240 1498; x_wconf 78' lang='grc' dir='ltr'><strong><em>τάς·</em></strong></span> <span class='ocrx_word' id='word_1_106' title='bbox 289 1437 630 1505; x_wconf 77' lang='grc' dir='ltr'><em>ἀγωνίσματα</em></span> <span class='ocrx_word' id='word_1_107' title='bbox 674 1438 787 1505; x_wconf 75' lang='grc' dir='ltr'><strong>γὰρ</strong></span> <span class='ocrx_word' id='word_1_108' title='bbox 823 1445 1100 1502; x_wconf 78' lang='grc' dir='ltr'><strong><em>ποιοῦντες</em></strong></span> <span class='ocrx_word' id='word_1_109' title='bbox 1134 1441 1222 1493; x_wconf 85' lang='grc' dir='ltr'><strong><em>καὶ</em></strong></span> <span class='ocrx_word' id='word_1_110' title='bbox 1256 1439 1401 1507; x_wconf 77' lang='grc' dir='ltr'><strong><em>παρὰ</em></strong></span> <span class='ocrx_word' id='word_1_111' title='bbox 1433 1440 1532 1509; x_wconf 77' lang='grc' dir='ltr'><strong>τὴν</strong></span> <span class='ocrx_word' id='word_1_112' title='bbox 1564 1440 1795 1507; x_wconf 83' lang='grc' dir='ltr'><strong><em>δύναμιν</em></strong></span> 
     </span>
     <span class='ocr_line' id='line_1_16' title="bbox 120 1518 1793 1589; baseline 0.003 -20"><span class='ocrx_word' id='word_1_113' title='bbox 120 1518 523 1586; x_wconf 79' lang='grc' dir='ltr'><strong><em>παρατείναντες</em></strong></span> <span class='ocrx_word' id='word_1_114' title='bbox 552 1525 765 1587; x_wconf 78' lang='grc' dir='ltr'><strong><em>μῦθον,</em></strong></span> <span class='ocrx_word' id='word_1_115' title='bbox 819 1523 1070 1584; x_wconf 80' lang='grc' dir='ltr'><strong><em>πολλάκις</em></strong></span> <span class='ocrx_word' id='word_1_116' title='bbox 1105 1520 1436 1588; x_wconf 80' lang='grc' dir='ltr'><strong><em>διαστρέφειν</em></strong></span> <span class='ocrx_word' id='word_1_117' title='bbox 1469 1522 1793 1589; x_wconf 80' lang='grc' dir='ltr'><strong><em>α’ναγκάζον-</em></strong></span> 
     </span>
     <span class='ocr_line' id='line_1_17' title="bbox 120 1598 1795 1674; baseline 0.001 -23"><span class='ocrx_word' id='word_1_118' title='bbox 120 1617 207 1652; x_wconf 90' lang='grc' dir='ltr'><strong>ται</strong></span> <span class='ocrx_word' id='word_1_119' title='bbox 236 1599 297 1651; x_wconf 90' lang='grc' dir='ltr'><strong>τὸ</strong></span> <span class='ocrx_word' id='word_1_120' title='bbox 318 1598 518 1669; x_wconf 81' lang='grc' dir='ltr'><strong><em>ἐφεξῆς.</em></strong></span> <span class='ocrx_word' id='word_1_121' title='bbox 562 1599 900 1668; x_wconf 81' lang='grc' dir='ltr'><strong><em>Ἐπειςόδιον,</em></strong></span> <span class='ocrx_word' id='word_1_122' title='bbox 938 1606 1062 1654; x_wconf 87' lang='lat' dir='ltr'><strong>Auf</strong></span> <span class='ocrx_word' id='word_1_123' title='bbox 1072 1607 1239 1668; x_wconf 88' lang='lat' dir='ltr'><strong>tritt,</strong></span> <span class='ocrx_word' id='word_1_124' title='bbox 1277 1605 1795 1674; x_wconf 84' lang='lat' dir='ltr'><strong>Graeciappellabant</strong></span> 
     </span>
     <span class='ocr_line' id='line_1_18' title="bbox 122 1683 1792 1749; baseline 0.001 -18"><span class='ocrx_word' id='word_1_125' title='bbox 122 1698 267 1746; x_wconf 88' lang='lat' dir='ltr'><strong>quem</strong></span> <span class='ocrx_word' id='word_1_126' title='bbox 302 1699 391 1730; x_wconf 89' lang='lat' dir='ltr'><strong>nos</strong></span> <span class='ocrx_word' id='word_1_127' title='bbox 427 1683 688 1748; x_wconf 77' lang='lat' dir='ltr'><strong>Aufzug</strong></span> <span class='ocrx_word' id='word_1_128' title='bbox 722 1686 824 1733; x_wconf 84' lang='lat' dir='ltr'><strong>sive</strong></span> <span class='ocrx_word' id='word_1_129' title='bbox 857 1691 1089 1744; x_wconf 89' lang='lat' dir='ltr'><strong>actum,</strong></span> <span class='ocrx_word' id='word_1_130' title='bbox 1123 1692 1313 1749; x_wconf 86' lang='lat' dir='ltr'><strong>partem</strong></span> <span class='ocrx_word' id='word_1_131' title='bbox 1347 1685 1633 1748; x_wconf 81' lang='lat' dir='ltr'><strong>tragoediae</strong></span> <span class='ocrx_word' id='word_1_132' title='bbox 1667 1685 1792 1732; x_wconf 84' lang='lat' dir='ltr'><strong>inte·</strong></span> 
     </span>
     <span class='ocr_line' id='line_1_19' title="bbox 120 1763 1790 1828; baseline 0.001 -19"><span class='ocrx_word' id='word_1_133' title='bbox 120 1771 255 1826; x_wconf 81' lang='lat' dir='ltr'><strong>gram</strong></span> <span class='ocrx_word' id='word_1_134' title='bbox 282 1763 412 1810; x_wconf 87' lang='lat' dir='ltr'><strong>inter</strong></span> <span class='ocrx_word' id='word_1_135' title='bbox 435 1763 550 1811; x_wconf 88' lang='lat' dir='ltr'><strong>bina</strong></span> <span class='ocrx_word' id='word_1_136' title='bbox 572 1764 709 1811; x_wconf 88' lang='lat' dir='ltr'><strong>chori</strong></span> <span class='ocrx_word' id='word_1_137' title='bbox 735 1765 951 1813; x_wconf 88' lang='lat' dir='ltr'><strong>carmina</strong></span> <span class='ocrx_word' id='word_1_138' title='bbox 973 1765 1344 1828; x_wconf 87' lang='lat' dir='ltr'><strong>interpositam:</strong></span> <span class='ocrx_word' id='word_1_139' title='bbox 1381 1779 1507 1827; x_wconf 88' lang='lat' dir='ltr'><strong>qnae</strong></span> <span class='ocrx_word' id='word_1_140' title='bbox 1523 1768 1691 1827; x_wconf 88' lang='lat' dir='ltr'><strong>partes</strong></span> <span class='ocrx_word' id='word_1_141' title='bbox 1707 1779 1790 1811; x_wconf 85' lang='lat' dir='ltr'><strong>ex-</strong></span> 
     </span>
     <span class='ocr_line' id='line_1_20' title="bbox 121 1842 1792 1909; baseline 0 -19"><span class='ocrx_word' id='word_1_142' title='bbox 121 1842 359 1905; x_wconf 86' lang='lat' dir='ltr'><strong>ponendis</strong></span> <span class='ocrx_word' id='word_1_143' title='bbox 393 1842 580 1891; x_wconf 87' lang='lat' dir='ltr'><strong>caussis</strong></span> <span class='ocrx_word' id='word_1_144' title='bbox 622 1858 942 1907; x_wconf 89' lang='lat' dir='ltr'><strong>personarum</strong></span> <span class='ocrx_word' id='word_1_145' title='bbox 977 1850 1027 1892; x_wconf 87' lang='lat' dir='ltr'><strong>et</strong></span> <span class='ocrx_word' id='word_1_146' title='bbox 1055 1844 1331 1909; x_wconf 88' lang='lat' dir='ltr'><strong>aperiendis</strong></span> <span class='ocrx_word' id='word_1_147' title='bbox 1359 1844 1617 1892; x_wconf 91' lang='lat' dir='ltr'><strong>sententiis</strong></span> <span class='ocrx_word' id='word_1_148' title='bbox 1645 1848 1792 1906; x_wconf 85' lang='lat' dir='ltr'><strong>atque</strong></span> 
     </span>
     <span class='ocr_line' id='line_1_21' title="bbox 122 1921 1791 1986; baseline 0.001 -17"><span class='ocrx_word' id='word_1_149' title='bbox 122 1921 341 1970; x_wconf 85' lang='lat' dir='ltr'><strong>moribus</strong></span> <span class='ocrx_word' id='word_1_150' title='bbox 362 1923 515 1986; x_wconf 85' lang='lat' dir='ltr'><strong>magis</strong></span> <span class='ocrx_word' id='word_1_151' title='bbox 544 1939 686 1985; x_wconf 89' lang='lat' dir='ltr'><strong>quam</strong></span> <span class='ocrx_word' id='word_1_152' title='bbox 702 1923 991 1972; x_wconf 88' lang='lat' dir='ltr'><strong>maturando</strong></span> <span class='ocrx_word' id='word_1_153' title='bbox 1006 1926 1198 1979; x_wconf 85' lang='lat' dir='ltr'><strong>eventui</strong></span> <span class='ocrx_word' id='word_1_154' title='bbox 1215 1923 1570 1972; x_wconf 83' lang='lat' dir='ltr'><strong>inserviebant:</strong></span> <span class='ocrx_word' id='word_1_155' title='bbox 1606 1939 1717 1971; x_wconf 87' lang='lat' dir='ltr'><strong>nam</strong></span> <span class='ocrx_word' id='word_1_156' title='bbox 1741 1923 1791 1970; x_wconf 91' lang='lat' dir='ltr'><strong>in</strong></span> 
     </span>
     <span class='ocr_line' id='line_1_22' title="bbox 119 2001 1791 2067; baseline 0.001 -19"><span class='ocrx_word' id='word_1_157' title='bbox 119 2001 445 2064; x_wconf 84' lang='lat' dir='ltr'><strong>impediendis</strong></span> <span class='ocrx_word' id='word_1_158' title='bbox 463 2002 660 2064; x_wconf 88' lang='lat' dir='ltr'><strong>quidem</strong></span> <span class='ocrx_word' id='word_1_159' title='bbox 689 2004 837 2051; x_wconf 90' lang='lat' dir='ltr'><strong>rebus</strong></span> <span class='ocrx_word' id='word_1_160' title='bbox 862 2003 1051 2067; x_wconf 87' lang='lat' dir='ltr'><strong>prologi</strong></span> <span class='ocrx_word' id='word_1_161' title='bbox 1070 2004 1278 2051; x_wconf 86' lang='lat' dir='ltr'><strong>maxime</strong></span> <span class='ocrx_word' id='word_1_162' title='bbox 1300 2004 1635 2052; x_wconf 84' lang='lat' dir='ltr'><strong>versabantur.</strong></span> <span class='ocrx_word' id='word_1_163' title='bbox 1688 2002 1791 2050; x_wconf 85' lang='lat' dir='ltr'><strong>Ha-</strong></span> 
     </span>
     <span class='ocr_line' id='line_1_23' title="bbox 119 2080 1789 2144; baseline 0.001 -15"><span class='ocrx_word' id='word_1_164' title='bbox 119 2080 236 2129; x_wconf 89' lang='lat' dir='ltr'><strong>bent</strong></span> <span class='ocrx_word' id='word_1_165' title='bbox 254 2081 401 2144; x_wconf 81' lang='lat' dir='ltr'><strong>igitur</strong></span> <span class='ocrx_word' id='word_1_166' title='bbox 417 2081 566 2129; x_wconf 91' lang='lat' dir='ltr'><strong>medii</strong></span> <span class='ocrx_word' id='word_1_167' title='bbox 585 2082 656 2128; x_wconf 91' lang='lat' dir='ltr'><strong>illi</strong></span> <span class='ocrx_word' id='word_1_168' title='bbox 670 2087 812 2131; x_wconf 88' lang='lat' dir='ltr'><strong>actus</strong></span> <span class='ocrx_word' id='word_1_169' title='bbox 829 2099 1114 2132; x_wconf 87' lang='lat' dir='ltr'><strong>caussarum</strong></span> <span class='ocrx_word' id='word_1_170' title='bbox 1136 2083 1378 2132; x_wconf 88' lang='lat' dir='ltr'><strong>dictiones</strong></span> <span class='ocrx_word' id='word_1_171' title='bbox 1399 2083 1501 2132; x_wconf 85' lang='lat' dir='ltr'><strong>sive</strong></span> <span class='ocrx_word' id='word_1_172' title='bbox 1517 2082 1789 2131; x_wconf 82' lang='lat' dir='ltr'><strong>accusatio·</strong></span> 
     </span>
     <span class='ocr_line' id='line_1_24' title="bbox 118 2159 1790 2225; baseline 0.001 -16"><span class='ocrx_word' id='word_1_173' title='bbox 118 2176 206 2209; x_wconf 88' lang='lat' dir='ltr'><strong>nes</strong></span> <span class='ocrx_word' id='word_1_174' title='bbox 223 2159 632 2225; x_wconf 87' lang='lat' dir='ltr'><strong>defensionesque</strong></span> <span class='ocrx_word' id='word_1_175' title='bbox 645 2178 756 2210; x_wconf 89' lang='lat' dir='ltr'><strong>cum</strong></span> <span class='ocrx_word' id='word_1_176' title='bbox 774 2162 1189 2223; x_wconf 77' lang='lat' dir='ltr'><strong>altercationibus,</strong></span> <span class='ocrx_word' id='word_1_177' title='bbox 1211 2163 1490 2212; x_wconf 90' lang='lat' dir='ltr'><strong>nuntiorum</strong></span> <span class='ocrx_word' id='word_1_178' title='bbox 1510 2163 1790 2221; x_wconf 76' lang='lat' dir='ltr'><strong>relationes,</strong></span> 
     </span>
     <span class='ocr_line' id='line_1_25' title="bbox 116 2240 1791 2304; baseline 0.001 -16"><span class='ocrx_word' id='word_1_179' title='bbox 116 2240 370 2304; x_wconf 88' lang='lat' dir='ltr'><strong>hospitum</strong></span> <span class='ocrx_word' id='word_1_180' title='bbox 390 2242 644 2301; x_wconf 87' lang='lat' dir='ltr'><strong>adventus,</strong></span> <span class='ocrx_word' id='word_1_181' title='bbox 679 2242 1079 2303; x_wconf 85' lang='lat' dir='ltr'><strong>deliberationes,</strong></span> <span class='ocrx_word' id='word_1_182' title='bbox 1116 2244 1332 2304; x_wconf 78' lang='lat' dir='ltr'><strong>insidias,</strong></span> <span class='ocrx_word' id='word_1_183' title='bbox 1368 2248 1568 2292; x_wconf 88' lang='lat' dir='ltr'><strong>conatus</strong></span> <span class='ocrx_word' id='word_1_184' title='bbox 1602 2247 1652 2290; x_wconf 90' lang='lat' dir='ltr'><strong>et</strong></span> <span class='ocrx_word' id='word_1_185' title='bbox 1674 2241 1791 2290; x_wconf 86' lang='lat' dir='ltr'><strong>alias</strong></span> 
     </span>
     <span class='ocr_line' id='line_1_26' title="bbox 117 2319 1791 2385; baseline 0.001 -17"><span class='ocrx_word' id='word_1_186' title='bbox 117 2319 361 2369; x_wconf 91' lang='lat' dir='ltr'><strong>eiusmodi</strong></span> <span class='ocrx_word' id='word_1_187' title='bbox 396 2321 834 2382; x_wconf 76' lang='lat' dir='ltr'><strong>commorationeS,</strong></span> <span class='ocrx_word' id='word_1_188' title='bbox 881 2323 1058 2385; x_wconf 90' lang='lat' dir='ltr'><strong>quibus</strong></span> <span class='ocrx_word' id='word_1_189' title='bbox 1092 2323 1331 2373; x_wconf 88' lang='lat' dir='ltr'><strong>decursus</strong></span> <span class='ocrx_word' id='word_1_190' title='bbox 1365 2339 1531 2372; x_wconf 89' lang='lat' dir='ltr'><strong>rerum</strong></span> <span class='ocrx_word' id='word_1_191' title='bbox 1568 2321 1791 2371; x_wconf 89' lang='lat' dir='ltr'><strong>consulto</strong></span> 
     </span>
     <span class='ocr_line' id='line_1_27' title="bbox 117 2397 1788 2467; baseline 0.001 -19"><span class='ocrx_word' id='word_1_192' title='bbox 117 2399 393 2448; x_wconf 85' lang='lat' dir='ltr'><strong>inhibetur:</strong></span> <span class='ocrx_word' id='word_1_193' title='bbox 442 2401 573 2449; x_wconf 88' lang='lat' dir='ltr'><strong>unde</strong></span> <span class='ocrx_word' id='word_1_194' title='bbox 606 2401 690 2460; x_wconf 92' lang='lat' dir='ltr'><strong>fit,</strong></span> <span class='ocrx_word' id='word_1_195' title='bbox 736 2407 794 2450; x_wconf 91' lang='lat' dir='ltr'><strong>ut</strong></span> <span class='ocrx_word' id='word_1_196' title='bbox 827 2397 1156 2461; x_wconf 79' lang='grc' dir='ltr'><strong><em>ἐπειςοδιοῦν</em></strong></span> <span class='ocrx_word' id='word_1_197' title='bbox 1188 2405 1322 2452; x_wconf 91' lang='lat' dir='ltr'><strong>idem</strong></span> <span class='ocrx_word' id='word_1_198' title='bbox 1356 2404 1421 2451; x_wconf 91' lang='lat' dir='ltr'><strong>sit</strong></span> <span class='ocrx_word' id='word_1_199' title='bbox 1455 2403 1585 2467; x_wconf 90' lang='lat' dir='ltr'><strong>quod</strong></span> <span class='ocrx_word' id='word_1_200' title='bbox 1618 2417 1788 2465; x_wconf 80' lang='grc' dir='ltr'><strong><em>παρα-</em></strong></span> 
     </span>
     <span class='ocr_line' id='line_1_28' title="bbox 114 2474 1789 2548; baseline 0.001 -19"><span class='ocrx_word' id='word_1_201' title='bbox 114 2477 302 2530; x_wconf 80' lang='grc' dir='ltr'><strong><em>τείνειν</em></strong></span> <span class='ocrx_word' id='word_1_202' title='bbox 349 2479 452 2527; x_wconf 89' lang='lat' dir='ltr'><strong>sive</strong></span> <span class='ocrx_word' id='word_1_203' title='bbox 498 2480 746 2529; x_wconf 88' lang='lat' dir='ltr'><strong>ducere</strong></span> <span class='ocrx_word' id='word_1_204' title='bbox 791 2486 938 2546; x_wconf 85' lang='lat' dir='ltr'><strong>atque</strong></span> <span class='ocrx_word' id='word_1_205' title='bbox 991 2474 1350 2532; x_wconf 56' lang='lat' dir='ltr'><strong>e&#39;xtendere</strong></span> <span class='ocrx_word' id='word_1_206' title='bbox 1387 2479 1614 2548; x_wconf 90' lang='lat' dir='ltr'><strong>(Aristot.</strong></span> <span class='ocrx_word' id='word_1_207' title='bbox 1648 2482 1789 2530; x_wconf 89' lang='lat' dir='ltr'><strong>Poet.</strong></span> 
     </span>
     <span class='ocr_line' id='line_1_29' title="bbox 117 2557 1788 2627; baseline 0.001 -20"><span class='ocrx_word' id='word_1_208' title='bbox 117 2562 198 2620; x_wconf 73' lang='lat'><strong>1⁷,</strong></span> <span class='ocrx_word' id='word_1_209' title='bbox 222 2561 309 2620; x_wconf 83' lang='lat'><strong>3.).</strong></span> <span class='ocrx_word' id='word_1_210' title='bbox 355 2557 410 2606; x_wconf 88' lang='lat' dir='ltr'><strong>ln</strong></span> <span class='ocrx_word' id='word_1_211' title='bbox 442 2558 520 2607; x_wconf 90' lang='lat' dir='ltr'><strong>his</strong></span> <span class='ocrx_word' id='word_1_212' title='bbox 553 2559 677 2624; x_wconf 89' lang='lat' dir='ltr'><strong>ipsis</strong></span> <span class='ocrx_word' id='word_1_213' title='bbox 710 2565 872 2610; x_wconf 85' lang='lat' dir='ltr'><strong>autem</strong></span> <span class='ocrx_word' id='word_1_214' title='bbox 907 2563 1143 2626; x_wconf 89' lang='lat' dir='ltr'><strong>episodiis</strong></span> <span class='ocrx_word' id='word_1_215' title='bbox 1175 2562 1480 2611; x_wconf 87' lang='lat' dir='ltr'><strong>inveniendis</strong></span> <span class='ocrx_word' id='word_1_216' title='bbox 1509 2557 1788 2627; x_wconf 81' lang='lat' dir='ltr'><strong>perpolien-</strong></span> 
     </span>
     <span class='ocr_line' id='line_1_30' title="bbox 118 2639 1787 2706; baseline 0 -18"><span class='ocrx_word' id='word_1_217' title='bbox 118 2639 291 2703; x_wconf 86' lang='lat' dir='ltr'><strong>disqne</strong></span> <span class='ocrx_word' id='word_1_218' title='bbox 325 2653 514 2686; x_wconf 82' lang='lat' dir='ltr'><strong>summa</strong></span> <span class='ocrx_word' id='word_1_219' title='bbox 546 2644 802 2702; x_wconf 86' lang='lat' dir='ltr'><strong>poetarum</strong></span> <span class='ocrx_word' id='word_1_220' title='bbox 834 2657 928 2690; x_wconf 89' lang='lat' dir='ltr'><strong>ars.</strong></span> <span class='ocrx_word' id='word_1_221' title='bbox 949 2642 1362 2706; x_wconf 84' lang='lat' dir='ltr'><strong>conspiciebatur,</strong></span> <span class='ocrx_word' id='word_1_222' title='bbox 1395 2641 1787 2705; x_wconf 89' lang='lat' dir='ltr'><strong>quandoquidem</strong></span> 
     </span>
     <span class='ocr_line' id='line_1_31' title="bbox 117 2717 1788 2784; baseline 0.002 -18"><span class='ocrx_word' id='word_1_223' title='bbox 117 2721 165 2767; x_wconf 92' lang='lat' dir='ltr'><strong>in</strong></span> <span class='ocrx_word' id='word_1_224' title='bbox 212 2717 311 2766; x_wconf 87' lang='lat' dir='ltr'><strong>illis</strong></span> <span class='ocrx_word' id='word_1_225' title='bbox 355 2718 671 2781; x_wconf 87' lang='lat' dir='ltr'><strong>potissimum</strong></span> <span class='ocrx_word' id='word_1_226' title='bbox 712 2721 940 2784; x_wconf 72' lang='lat' dir='ltr'><strong>positumv</strong></span> <span class='ocrx_word' id='word_1_227' title='bbox 978 2728 1110 2776; x_wconf 87' lang='lat' dir='ltr'><strong>erat,</strong></span> <span class='ocrx_word' id='word_1_228' title='bbox 1161 2725 1218 2770; x_wconf 89' lang='lat' dir='ltr'><strong>ut</strong></span> <span class='ocrx_word' id='word_1_229' title='bbox 1265 2721 1443 2784; x_wconf 89' lang='lat' dir='ltr'><strong>privati</strong></span> <span class='ocrx_word' id='word_1_230' title='bbox 1475 2721 1597 2769; x_wconf 90' lang='lat' dir='ltr'><strong>iuris</strong></span> <span class='ocrx_word' id='word_1_231' title='bbox 1641 2720 1788 2769; x_wconf 88' lang='lat' dir='ltr'><strong>fieret</strong></span> 
     </span>
     <span class='ocr_line' id='line_1_32' title="bbox 116 2797 1787 2863; baseline 0.001 -17"><span class='ocrx_word' id='word_1_232' title='bbox 116 2797 314 2863; x_wconf 84' lang='lat' dir='ltr'><strong>publica</strong></span> <span class='ocrx_word' id='word_1_233' title='bbox 359 2799 590 2845; x_wconf 86' lang='lat' dir='ltr'><strong>materies</strong></span> <span class='ocrx_word' id='word_1_234' title='bbox 636 2806 688 2847; x_wconf 90' lang='lat' dir='ltr'><strong>et</strong></span> <span class='ocrx_word' id='word_1_235' title='bbox 730 2800 932 2863; x_wconf 89' lang='lat' dir='ltr'><strong>proprie</strong></span> <span class='ocrx_word' id='word_1_236' title='bbox 978 2800 1259 2849; x_wconf 87' lang='lat' dir='ltr'><strong>dicerentur</strong></span> <span class='ocrx_word' id='word_1_237' title='bbox 1302 2802 1603 2860; x_wconf 89' lang='lat' dir='ltr'><strong>communia,</strong></span> <span class='ocrx_word' id='word_1_238' title='bbox 1654 2798 1787 2848; x_wconf 90' lang='lat' dir='ltr'><strong>unde</strong></span> 
     </span>
     <span class='ocr_line' id='line_1_33' title="bbox 116 2875 1788 2944; baseline 0.001 -17"><span class='ocrx_word' id='word_1_239' title='bbox 116 2875 411 2927; x_wconf 87' lang='lat' dir='ltr'><strong>Aristoteles</strong></span> <span class='ocrx_word' id='word_1_240' title='bbox 454 2877 704 2926; x_wconf 90' lang='lat' dir='ltr'><strong>nominum</strong></span> <span class='ocrx_word' id='word_1_241' title='bbox 751 2879 977 2942; x_wconf 88' lang='lat' dir='ltr'><strong>personis</strong></span> <span class='ocrx_word' id='word_1_242' title='bbox 1021 2879 1429 2944; x_wconf 87' lang='lat' dir='ltr'><strong>imponendorum</strong></span> <span class='ocrx_word' id='word_1_243' title='bbox 1464 2897 1640 2929; x_wconf 89' lang='lat' dir='ltr'><strong>munus</strong></span> <span class='ocrx_word' id='word_1_244' title='bbox 1675 2896 1788 2929; x_wconf 90' lang='lat' dir='ltr'><strong>cum</strong></span> 
     </span>
     <span class='ocr_line' id='line_1_34' title="bbox 119 2955 1787 3023; baseline 0.002 -17"><span class='ocrx_word' id='word_1_245' title='bbox 119 2955 451 3022; x_wconf 88' lang='lat' dir='ltr'><strong>episodiorum</strong></span> <span class='ocrx_word' id='word_1_246' title='bbox 486 2955 889 3005; x_wconf 88' lang='lat' dir='ltr'><strong>elaborandorum</strong></span> <span class='ocrx_word' id='word_1_247' title='bbox 925 2959 1088 3008; x_wconf 88' lang='lat' dir='ltr'><strong>studio</strong></span> <span class='ocrx_word' id='word_1_248' title='bbox 1125 2960 1278 3008; x_wconf 88' lang='lat' dir='ltr'><strong>voluit</strong></span> <span class='ocrx_word' id='word_1_249' title='bbox 1313 2961 1610 3009; x_wconf 87' lang='lat' dir='ltr'><strong>consociari:</strong></span> <span class='ocrx_word' id='word_1_250' title='bbox 1660 2957 1787 3023; x_wconf 85' lang='grc' dir='ltr'><strong><em>μετὰ</em></strong></span> 
     </span>
     <span class='ocr_line' id='line_1_35' title="bbox 122 3031 1784 3107; baseline 0 -21"><span class='ocrx_word' id='word_1_251' title='bbox 122 3039 291 3086; x_wconf 79' lang='grc' dir='ltr'><strong><em>ταῦτα</em></strong></span> <span class='ocrx_word' id='word_1_252' title='bbox 325 3031 381 3084; x_wconf 83' lang='grc' dir='ltr'><strong>δὲ</strong></span> <span class='ocrx_word' id='word_1_253' title='bbox 414 3032 516 3099; x_wconf 71' lang='grc' dir='ltr'><strong>’ἤδη</strong></span> <span class='ocrx_word' id='word_1_254' title='bbox 549 3033 822 3087; x_wconf 77' lang='grc' dir='ltr'><strong><em>ὑποθέντα</em></strong></span> <span class='ocrx_word' id='word_1_255' title='bbox 854 3036 918 3088; x_wconf 81' lang='grc' dir='ltr'><strong>τὰ</strong></span> <span class='ocrx_word' id='word_1_256' title='bbox 950 3036 1187 3103; x_wconf 89' lang='grc' dir='ltr'><strong><em>ὀνόματα</em></strong></span> <span class='ocrx_word' id='word_1_257' title='bbox 1221 3036 1564 3107; x_wconf 78' lang='grc' dir='ltr'><strong><em>ἐπειςοδιοῦν,</em></strong></span> <span class='ocrx_word' id='word_1_258' title='bbox 1602 3043 1680 3100; x_wconf 83' lang='grc'><strong>17,</strong></span> <span class='ocrx_word' id='word_1_259' title='bbox 1715 3043 1784 3101; x_wconf 75' lang='grc'><strong>4.,</strong></span> 
     </span>
     <span class='ocr_line' id='line_1_36' title="bbox 121 3113 1784 3184; baseline 0.001 -18"><span class='ocrx_word' id='word_1_260' title='bbox 121 3132 217 3182; x_wconf 89' lang='lat' dir='ltr'><strong>quo</strong></span> <span class='ocrx_word' id='word_1_261' title='bbox 250 3116 361 3164; x_wconf 87' lang='lat' dir='ltr'><strong>loco</strong></span> <span class='ocrx_word' id='word_1_262' title='bbox 394 3115 579 3164; x_wconf 91' lang='lat' dir='ltr'><strong>nomini</strong></span> <span class='ocrx_word' id='word_1_263' title='bbox 610 3113 938 3177; x_wconf 80' lang='grc' dir='ltr'><strong><em>ἐπειςοδιοῦν</em></strong></span> <span class='ocrx_word' id='word_1_264' title='bbox 971 3121 1179 3170; x_wconf 90' lang='lat' dir='ltr'><strong>eandem</strong></span> <span class='ocrx_word' id='word_1_265' title='bbox 1212 3122 1310 3169; x_wconf 84' lang='lat' dir='ltr'><strong>vim</strong></span> <span class='ocrx_word' id='word_1_266' title='bbox 1345 3137 1483 3182; x_wconf 89' lang='lat' dir='ltr'><strong>esse,</strong></span> <span class='ocrx_word' id='word_1_267' title='bbox 1521 3137 1646 3184; x_wconf 89' lang='lat' dir='ltr'><strong>quae</strong></span> <span class='ocrx_word' id='word_1_268' title='bbox 1678 3121 1784 3169; x_wconf 82' lang='lat' dir='ltr'><strong>voci</strong></span> 
     </span>
     <span class='ocr_line' id='line_1_37' title="bbox 117 3195 1784 3261; baseline 0.001 -15"><span class='ocrx_word' id='word_1_269' title='bbox 117 3195 702 3246; x_wconf 87' lang='lat' dir='ltr'><strong>individualisiren</strong></span> <span class='ocrx_word' id='word_1_270' title='bbox 734 3216 763 3246; x_wconf 89' lang='lat' dir='ltr'><strong>a</strong></span> <span class='ocrx_word' id='word_1_271' title='bbox 794 3200 1149 3248; x_wconf 87' lang='lat' dir='ltr'><strong>recentioribus</strong></span> <span class='ocrx_word' id='word_1_272' title='bbox 1178 3201 1435 3261; x_wconf 88' lang='lat' dir='ltr'><strong>tribuatur,</strong></span> <span class='ocrx_word' id='word_1_273' title='bbox 1469 3200 1784 3249; x_wconf 87' lang='lat' dir='ltr'><strong>manifestum</strong></span> 
     </span>
     <span class='ocr_line' id='line_1_38' title="bbox 118 3274 1783 3345; baseline 0 -19"><span class='ocrx_word' id='word_1_274' title='bbox 118 3282 214 3328; x_wconf 68' lang='lat' dir='ltr'><strong>est.¹</strong></span> <span class='ocrx_word' id='word_1_275' title='bbox 282 3274 382 3324; x_wconf 88' lang='lat' dir='ltr'><strong>Sed</strong></span> <span class='ocrx_word' id='word_1_276' title='bbox 415 3276 466 3324; x_wconf 90' lang='lat' dir='ltr'><strong>in</strong></span> <span class='ocrx_word' id='word_1_277' title='bbox 499 3275 596 3324; x_wconf 88' lang='lat' dir='ltr'><strong>hoc</strong></span> <span class='ocrx_word' id='word_1_278' title='bbox 629 3292 810 3339; x_wconf 81' lang='lat' dir='ltr'><strong>genere</strong></span> <span class='ocrx_word' id='word_1_279' title='bbox 842 3279 1115 3328; x_wconf 90' lang='lat' dir='ltr'><strong>modestius</strong></span> <span class='ocrx_word' id='word_1_280' title='bbox 1151 3280 1385 3345; x_wconf 82' lang='lat' dir='ltr'><strong>tragicis,</strong></span> <span class='ocrx_word' id='word_1_281' title='bbox 1433 3298 1576 3344; x_wconf 90' lang='lat' dir='ltr'><strong>quam</strong></span> <span class='ocrx_word' id='word_1_282' title='bbox 1611 3279 1783 3343; x_wconf 87' lang='lat' dir='ltr'><strong>epicis,</strong></span> 
     </span>
     <span class='ocr_line' id='line_1_39' title="bbox 116 3355 1783 3426; baseline 0.001 -21"><span class='ocrx_word' id='word_1_283' title='bbox 116 3356 411 3405; x_wconf 87' lang='lat' dir='ltr'><strong>versandum</strong></span> <span class='ocrx_word' id='word_1_284' title='bbox 445 3371 557 3404; x_wconf 90' lang='lat' dir='ltr'><strong>esse</strong></span> <span class='ocrx_word' id='word_1_285' title='bbox 602 3355 750 3406; x_wconf 88' lang='lat' dir='ltr'><strong>facile</strong></span> <span class='ocrx_word' id='word_1_286' title='bbox 789 3359 1108 3423; x_wconf 81' lang='lat' dir='ltr'><strong>intelligitur,</strong></span> <span class='ocrx_word' id='word_1_287' title='bbox 1155 3365 1208 3408; x_wconf 90' lang='lat' dir='ltr'><strong>et</strong></span> <span class='ocrx_word' id='word_1_288' title='bbox 1248 3362 1477 3426; x_wconf 84' lang='lat' dir='ltr'><strong>cognovit</strong></span> <span class='ocrx_word' id='word_1_289' title='bbox 1522 3359 1783 3415; x_wconf 77' lang='lat' dir='ltr'><strong>Goethius,</strong></span> 
     </span>
     <span class='ocr_line' id='line_1_40' title="bbox 120 3434 1783 3504; baseline 0.001 -19"><span class='ocrx_word' id='word_1_290' title='bbox 120 3451 269 3500; x_wconf 84' lang='lat' dir='ltr'><strong>quum</strong></span> <span class='ocrx_word' id='word_1_291' title='bbox 303 3434 380 3484; x_wconf 86' lang='lat' dir='ltr'><strong>his</strong></span> <span class='ocrx_word' id='word_1_292' title='bbox 414 3440 550 3484; x_wconf 87' lang='lat' dir='ltr'><strong>retro</strong></span> <span class='ocrx_word' id='word_1_293' title='bbox 585 3441 862 3500; x_wconf 83' lang='lat' dir='ltr'><strong>spectantes</strong></span> <span class='ocrx_word' id='word_1_294' title='bbox 896 3439 974 3488; x_wconf 91' lang='lat' dir='ltr'><strong>vel</strong></span> <span class='ocrx_word' id='word_1_295' title='bbox 1009 3439 1318 3489; x_wconf 81' lang='lat' dir='ltr'><strong>retardantes</strong></span> <span class='ocrx_word' id='word_1_296' title='bbox 1346 3441 1497 3501; x_wconf 85' lang='lat' dir='ltr'><strong>dixit,</strong></span> <span class='ocrx_word' id='word_1_297' title='bbox 1531 3439 1630 3487; x_wconf 87' lang='lat' dir='ltr'><strong>illis</strong></span> <span class='ocrx_word' id='word_1_298' title='bbox 1664 3454 1783 3504; x_wconf 89' lang='lat' dir='ltr'><strong>pro-</strong></span> 
     </span>
    </p>
   </div>
  </div>
 </body>
</html>
