2170 3848
1168 235 1248 291 92

376 382 523 430 mittit
552 379 726 438 tribus,
759 376 1028 427 exercitum
1065 378 1330 428 conscribit
1365 383 1415 427 et
1448 380 1508 427 ad
1543 381 1806 432 Callichori
1841 386 2042 448 puteum

378 456 689 522 Eleusinis*)
725 459 893 522 copias
928 458 1183 518 conducit,
1226 459 1308 507 ubi
1344 458 1459 508 dum
1494 459 1792 522 lustrantur,
1835 463 1943 527 ipse
1985 462 2047 510 ad

376 538 617 603 templum
673 536 871 586 Cereris
931 553 1162 586 reversus
1219 553 1511 601 praeconem
1568 540 1792 602 instruit,
1851 542 1935 605 qui
1984 542 2047 590 ad

380 618 643 666 Creontem
690 616 946 681 profectus
995 625 1215 666 mortuos
1264 626 1492 682 repetens
1552 619 1814 668 amicitiam
1877 621 2049 686 populi

377 697 783 754 Atheniensium,
820 698 862 744 si
897 697 995 744 voti
1031 713 1232 761 compos
1267 698 1382 755 fiat,
1419 697 1611 758 offerat,
1649 698 1724 747 sin
1759 699 1918 748 minus
1954 701 2047 748 im-

376 782 558 842 petret,
591 777 775 826 bellum
811 775 1010 825 indicat.
1080 778 1181 826 Sed
1217 782 1270 825 ut
1319 778 1366 825 in
1401 793 1549 828 scena
1583 783 1789 841 agantur
1821 794 1902 826 res
1936 795 2049 842 gra-

378 857 625 916 vissimae,
660 856 859 919 fingitur
891 857 988 904 hoc
1036 857 1146 920 ipso
1181 862 1405 920 tempore
1439 873 1620 920 praeco
1656 857 1924 906 Thebanus
1961 858 2050 907 ad-

377 938 544 986 venire
603 936 667 984 de
724 937 901 984 eadem
951 952 1008 984 re
1057 952 1169 984 cum
1219 934 1419 984 Theseo
1467 937 1819 988 collocuturus,
1889 936 2051 999 Quam

379 1017 558 1066 deinde
581 1031 761 1079 praeco
785 1015 974 1063 orditur
1000 1015 1425 1080 disceptationem,
1460 1017 1748 1080 dignissima
1771 1022 1863 1076 est,
1899 1033 2046 1081 quam

380 1096 762 1146 consideremus.
832 1093 1026 1157 insigne
1090 1096 1221 1143 enim
1267 1096 1614 1144 documentum
1665 1101 1745 1144 est
1791 1096 2052 1161 propositi,

379 1177 511 1240 quod
547 1177 593 1224 in
627 1174 898 1223 scribendis
932 1174 1112 1223 fabulis
1148 1175 1413 1238 Euripides
1447 1176 1662 1223 tenebat.
1729 1175 1854 1224 Nam
1899 1192 2052 1240 quum

379 1261 586 1322 propter
633 1254 875 1302 diversam
935 1270 1054 1303 suae
1104 1255 1308 1302 civitatis
1367 1253 1573 1302 formam
1623 1254 1873 1314 Thebani,
1922 1253 2053 1317 qnod

378 1351 645 1402 paucorum
681 1334 889 1398 imperio
923 1333 1021 1399 ipsi
1055 1334 1291 1397 parebant
1335 1333 1665 1383 Athenienses
1708 1339 1873 1382 autem
1897 1333 2054 1382 libera

379 1415 631 1481 republica
664 1414 956 1475 utebantur,
1003 1430 1195 1462 summa
1239 1429 1404 1461 rerum
1441 1415 1624 1479 populo
1661 1414 1955 1471 commissa,
1990 1413 2051 1462 ab

380 1497 559 1545 horum
607 1493 815 1541 amicitia
864 1509 1062 1558 semper
1112 1493 1438 1542 abhorrerent
1502 1499 1554 1542 et
1588 1509 1744 1558 nuper
1781 1493 1928 1541 etiam
1964 1494 2055 1541 Ar-

381 1576 605 1640 givorum
654 1574 939 1622 societatem
987 1574 1359 1636 repudiassent,
1405 1572 1744 1622 defensionem
1779 1572 2053 1636 Euripides

381 1653 637 1720 popularis
682 1653 961 1716 potentiae,
1011 1652 1151 1715 quasi
1196 1652 1408 1701 maxime
1453 1652 1516 1700 ad
1563 1669 1671 1701 rem
1730 1667 2054 1714 caussamque

380 1734 738 1801 pertinentem,
802 1732 917 1779 huic
963 1731 1172 1779 dramati
1214 1731 1449 1790 inseruit,
1513 1731 1705 1795 fingens
1764 1732 2055 1780 Thebanum

382 1817 668 1879 arroganter
718 1811 1020 1875 reipublicae
1080 1815 1261 1859 statum
1327 1810 1705 1859 Atheniensium
1756 1811 2053 1874 vituperare,

383 1909 539 1958 eaque
587 1891 898 1939 accusatione
943 1890 1196 1938 Theseum
1250 1890 1311 1937 ad
1373 1890 1728 1939 ostendendam
1787 1889 2058 1953 patriorum

382 1973 721 2024 institutorlun
766 1970 1116 2034 praestantiam
1161 1970 1434 2032 provocari.
1501 1968 1671 2032 Itaque
1719 1969 1944 2032 populari
1989 1968 2056 2016 ci·

384 2056 536 2102 vitate
585 2057 635 2100 et
681 2051 815 2115 regia
856 2050 987 2098 inter
1022 2064 1078 2096 se
1113 2049 1422 2112 comparatis,
1455 2048 1505 2096 in
1539 2049 1625 2095 illa
1657 2047 2057 2110 reprehenditur,

386 2133 519 2198 quod
553 2146 815 2195 paupereS‚
849 2130 1047 2178 etiamsi
1081 2129 1239 2176 minus
1275 2129 1371 2175 sint
1403 2127 1570 2186 rudes,
1604 2131 1813 2190 quaestu
1839 2143 1867 2174 a
1892 2143 2057 2175 rerum

385 2212 689 2278 pubHcarum
724 2225 840 2258 cura
875 2209 1244 2269 abstrahantur,
1294 2207 1520 2271 quodque
1552 2207 1776 2254 homines
1811 2206 2059 2255 ambitiosi

387 2291 521 2342 dulci
575 2290 793 2338 oratione
849 2287 1211 2337 multitudinem
1274 2286 1563 2335 deleniendo
1618 2285 1679 2333 ad
1726 2301 1813 2334 sua
1860 2286 2060 2334 flectant

388 2370 663 2431 commoda,
699 2373 822 2428 tum,
857 2367 1115 2415 eveniente
1148 2382 1369 2414 errorum
1404 2365 1594 2427 fructu,
1629 2365 1768 2413 novis
1804 2365 2060 2413 calumniis

389 2453 556 2518 priora
618 2455 825 2513 peccata
872 2447 1075 2496 celando
1124 2462 1337 2511 poenam
1395 2444 1664 2508 effugiant:
1723 2450 1775 2493 et
1833 2445 2059 2493 acerbam

388 2549 495 2581 rem
531 2545 644 2580 esse
678 2529 862 2593 optimo
898 2530 1103 2591 cuique,
1150 2526 1318 2574 videre
1360 2523 1588 2572 homines
1635 2539 1811 2587 pravos
1847 2525 1951 2572 sola
1982 2523 2058 2572 di-

391 2611 533 2661 cendi
567 2608 803 2658 facultate
836 2608 897 2656 ad
933 2607 1253 2671 principatum
1280 2621 1341 2652 ex
1365 2603 1640 2656 humilitate
1667 2610 1879 2653 evectos.
1917 2603 2060 2652 Hanc

390 2691 692 2741 verissimam
740 2687 1100 2736 accusationem
1149 2686 1346 2733 minime
1397 2682 1626 2731 Theseus
1671 2684 1751 2731 vel
1795 2682 2060 2748 Euripides

390 2771 607 2829 refutat3
668 2767 756 2816 sed
805 2769 1061 2816 dominatu
1110 2766 1254 2813 nnius
1303 2763 1380 2810 vel
1436 2778 1707 2826 paucorum
1755 2763 2061 2828 opulentium

392 2847 832 2916 praestantissimis
895 2846 1036 2896 bonis
1094 2846 1160 2893 ait
1213 2844 1435 2891 civitates
1482 2843 1671 2904 privari.
1748 2842 1887 2891 Haec
1934 2843 2062 2891 bona

391 2930 555 2993 primo
601 2928 711 2976 loco
763 2942 876 2974 esse
919 2926 1091 2991 leges,
1140 2924 1310 2988 quibus
1357 2922 1574 2969 tenuium
1622 2921 1927 2984 divitumque
1957 2921 2062 2968 iura

396 3014 694 3074 aequentur,
759 3006 937 3054 deinde
982 3004 1216 3053 suadendi
1288 3017 1413 3066 quae
1463 3001 1670 3063 quisque
1719 3002 1900 3065 optima
1949 3014 2063 3048 esse

396 3088 679 3156 cognoverit
715 3086 1026 3143 libertatem,
1068 3091 1175 3132 tum
1209 3082 1397 3130 virtutis
1434 3081 1650 3129 studium
1685 3086 1737 3129 et
1768 3080 1940 3127 virium
1976 3094 2063 3127 ex-

456 3232 504 3286 *)
531 3231 664 3273 Paus.
691 3229 730 3281 1,
748 3227 817 3270 38.
843 3242 886 3281 p.
906 3225 989 3267 95:
1020 3222 1308 3271 Ἐλευσινίοις
1328 3221 1376 3264 δέ
1397 3220 1489 3265 ἐστι
1509 3219 1591 3277 μὲν
1608 3218 1916 3278 Τριπτολέμου
1938 3215 2065 3271 ναός,

539 3299 634 3344 ἔστι
681 3297 731 3343 δὲ
785 3296 1084 3355 Προπυλαίας
1122 3290 1370 3351 Ἀρτέμιδος
1417 3291 1495 3335 καὶ
1538 3289 1824 3338 Ποσειδῶνος
1872 3285 2062 3346 πατρός

541 3369 689 3428 φρέαρ
721 3383 770 3412 τε
796 3364 1080 3422 καλούμενον
1108 3363 1401 3420 Καλλίχορον,
1432 3361 1547 3406 ἔνθα
1575 3362 1758 3418 πρῶτον
1783 3355 2067 3403 Ἐλευσινίων

521 3440 571 3484 αἱ
599 3442 814 3495 γυναῖκες
843 3435 985 3495 χορὸν
1014 3435 1226 3491 ἔστησαν
1255 3433 1332 3477 καὶ
1360 3425 1477 3491 ἦσαν
1509 3430 1554 3482 ἐς
1581 3429 1667 3488 τὴν
1694 3426 1823 3474 θεόν.
