2170 3866
1148 289 1269 359 422

504 435 588 486 δεῖ
617 427 757 496 τοὺς,
778 433 874 498 μὲν
910 428 1046 485 εἶναι
1080 433 1364 499 δυςτυχεῖς,
1399 424 1525 492 τοὺς
1558 432 1605 483 δ’
1641 432 1880 501 εὐτυχεῖς.

554 553 568 567 .
606 553 618 565 .
651 515 711 566 τὸ
748 514 949 566 δοῦλον
983 514 1078 580 οὐχ
1113 513 1240 580 ὁρᾷς
1274 512 1402 564 ὅσον
1435 512 1638 573 κακόν,·

504 593 570 645 οὐ
605 595 702 661 χρή
736 595 850 646 ποτ’
882 594 1053 661 ἄνδρα
1089 595 1288 646 δοῦλον
1323 593 1431 645 ὄντ’
1468 589 1750 658 ἐλευθέρας

505 674 720 740 γνώμας
755 674 963 727 διώκειν
996 675 1112 726 οὐδ’
1150 675 1202 736 ἐς
1235 675 1429 741 άργίαν
1463 672 1686 739 βλέπειν,

503 754 598 806 τὸν
631 755 679 806 δ’
713 755 1012 820 ’ὑμνοποιὸν
1049 755 1208 817 αὐτὸς
1241 757 1308 806 ἃν
1341 755 1484 823 τίκτῃ
1520 753 1648 820 μέλη

505 835 758 902 χαίροντα
791 836 1007 888 τίκτειν·
1050 837 1119 904 ἢν
1152 836 1207 887 δὲ
1240 834 1311 904 μὴ
1345 838 1515 902 πάσχῃ
1551 834 1686 898 τόδε,

506 919 654 968 οὔτοι
690 917 892 968 δύναιτ’
928 920 1011 981 ἄν,
1053 916 1272 969 οἴκοθέν
1306 919 1352 983 γ’
1389 917 1669 1012 ἀτώμενος,

504 995 713 1059 τέρπειν
746 996 813 1048 ἂν
846 1000 1057 1062 ἄλλους,
1097 996 1220 1050 οὐδὲ
1253 997 1355 1064 γὰρ
1390 997 1545 1062 δίκην
1578 995 1678 1062 ἔχει
1691 992 1759 1061 *).

509 1075 611 1142 ἐγὼ
647 1074 743 1142 μὲν
779 1072 879 1129 οὖν
912 1079 1093 1145 α’δοιμι
1126 1079 1214 1131 καὶ
1249 1075 1451 1144 λέγοιμί
1483 1096 1532 1128 τι

505 1157 695 1221 σοφόν,
730 1160 1010 1221 ταράσσων
1044 1159 1210 1226 μηδὲν
1245 1159 1320 1210 ὼν
1353 1159 1503 1218 πόλις
1535 1153 1781 1220 νοσεῖ**).

375 1235 494 1296 Quis
529 1253 626 1287 uon
661 1240 953 1303 Euripidem
988 1243 1149 1305 ipsum
1194 1242 1341 1290 animi
1391 1241 1468 1289 sui
1509 1254 1710 1288 sensum
1755 1237 2047 1300 prodentem

373 1313 470 1363 hoc
505 1317 613 1365 loco
649 1320 820 1366 audire
856 1321 951 1367 sibi
985 1321 1217 1369 videtur?
1251 1321 1472 1368 Felicem
1508 1335 1619 1368 esse
1654 1318 1732 1367 cui
1765 1318 1907 1366 liceat
1929 1332 2047 1381 ope-

373 1409 476 1443 ram
513 1395 673 1444 Musis
710 1399 855 1456 dare,
893 1400 1045 1447 sentit
1083 1400 1290 1447 chorus:
1326 1400 1463 1446 cuius
1506 1398 1621 1447 boni
1658 1398 1884 1460 quoniam
1920 1397 2046 1446 servi

374 1474 648 1538 priventur,
686 1478 895 1525 miseros
934 1495 1018 1526 eos
1056 1495 1168 1527 esse
1203 1480 1311 1526 iure
1347 1484 1541 1526 censet:

506 1558 610 1618 φεῦ
646 1559 766 1620 φεῦ,
803 1556 863 1606 τὸ
899 1556 1096 1608 δοῦλον
1131 1556 1200 1616 ὠς
1234 1554 1506 1622 ἄπανταχῆ
1542 1553 1696 1620 γένος

507 1632 639 1698 πρὸς
673 1634 768 1701 τὴν
802 1633 1004 1687 ἐλάσσω
1040 1641 1236 1701 μοῖραν
1271 1633 1460 1700 ὥρισεν
1493 1635 1631 1695 θεός.

505 1714 789 1778 Respondet
823 1717 1017 1765 Zethus
1079 1734 1134 1766 se
1184 1719 1278 1765 ista
1314 1719 1469 1766 studia
1507 1733 1601 1765 non
1647 1714 1950 1780 improbare,
2003 1715 2046 1763 si

373 1794 479 1854 quis
524 1810 617 1842 non
656 1802 812 1842 totum
849 1812 903 1843 se
938 1797 986 1844 in
1022 1798 1083 1844 iis
1119 1797 1359 1845 abdiderit
1393 1813 1551 1860 neque
1587 1813 1646 1844 ea
1678 1796 1744 1843 ita
1791 1795 1947 1854 coiat,
1990 1798 2047 1843 ut

374 1878 455 1919 aut
491 1889 577 1921 sua
614 1880 699 1922 aut
748 1875 1018 1925 amicorum
1059 1882 1143 1926 aut
1176 1877 1473 1940 reipublicae
1521 1873 1774 1924 commoda
1820 1873 2046 1939 uegiigat.

373 1950 498 1999 Nam
534 1959 583 2000 et
621 1970 747 2017 quae
782 1956 925 2002 nimia
963 1957 1064 2004 sint
1099 1973 1279 2005 nocere
1314 1962 1365 2004 et
1407 1972 1533 2019 quae
1579 1954 1919 2003 vicissitudine
1966 1969 2046 2001 ca-

373 2036 510 2079 reant
545 2034 761 2081 taedium
799 2051 1005 2097 parare:

503 2110 662 2175 κόρος
697 2111 754 2162 δὲ
787 2112 1033 2164 πάντων·
1067 2112 1158 2166 καὶ
1194 2113 1297 2180 γὰρ
1336 2111 1392 2165 ἐκ
1426 2113 1720 2165 καλλιόνων

506 2188 741 2252 λέκτροις
775 2189 832 2242 ἐν
865 2192 1098 2258 αἰσχροῖς
1132 2190 1279 2246 εἶδον
1315 2193 1784 2259 ἐκπεπληγμένους,

505 2268 683 2328 δαιτὸς
718 2269 774 2320 δὲ
808 2274 1106 2336 πληρωθείς
1139 2291 1218 2333 τις
1251 2276 1478 2336 ἄσμενος
1511 2275 1671 2323 πάλιν

505 2348 683 2416 φαύλῃ
721 2350 894 2419 διαίτῃ
928 2350 1242 2418 προςβαλὼν
1275 2351 1415 2419 ἥσθη
1453 2351 1634 2416 στόμα.

1097 2436 1244 2496 „sol
1284 2436 1344 2483 si
1381 2439 1718 2500 perpetuo
1761 2432 1924 2489 siet,

504 2509 847 2560 Flammea
891 2529 1144 2580 vapore
1176 2522 1470 2574 torrens
1521 2520 1757 2561 terrae
1785 2513 2047 2577 foetum

1200 2612 1228 2643 e
1243 2611 1326 2642 ,νει
1339 2610 1400 2642 ss
1418 2611 1445 2642 e
1458 2610 1484 2641 r
1504 2595 1588 2651 it;

503 2666 578 2716 Si
607 2685 765 2731 nox,
799 2673 1086 2736 frigore
1119 2676 1659 2737 terraesructus
1694 2686 1909 2720 omnes
1943 2671 2046 2720 in-

1199 2754 1600 2803 terbitere.”

808 2870 818 2882 ι
874 2861 900 2882 5
957 2872 970 2886 μ

500 2912 770 2976 βροτοῖσιν
805 2914 1003 2979 εὔκρας
1035 2910 1101 2962 ἂν
1133 2910 1323 2978 γένοιτ’
1359 2912 1426 2964 ἂν
1458 2913 1637 2980 ἡδέως.

425 3037 477 3091 ῆι)
507 3039 655 3082 Verba
692 3037 775 3082 τὸν
814 3037 853 3083 δ’
884 3037 1140 3094 ὕμνοποιόν
1178 3063 1232 3072 --
1272 3042 1403 3092 δίκην
1435 3040 1521 3095 ἔχει
1558 3041 1601 3083 in
1631 3039 1917 3095 supplicibus
1948 3047 2046 3096 post

507 3108 667 3153 v.178.
699 3109 920 3153 inculcata
948 3113 1176 3168 leguntur,
1204 3111 1281 3152 ubi
1309 3112 1555 3154 Matthiae:
1597 3112 1817 3166 „Quoquo
1849 3110 1937 3161 te‚’'
1977 3111 2043 3153 in-

512 3179 618 3233 quit,
647 3180 830 3233 ‚‚vertis‚
863 3181 1050 3223 difficile
1083 3182 1203 3223 dictu
1233 3186 1312 3227 est,
1347 3183 1564 3237 quomodo
1591 3183 1706 3224 haec
1733 3194 1830 3222 cum
1861 3194 2045 3234 praece-0

514 3249 719 3291 dentibus
748 3251 1033 3294 cohaereant.
1076 3252 1266 3301 Delebat
1289 3253 1491 3309 Tyrwh.,
1522 3267 1575 3294 ex
1603 3252 1692 3294 alia
1712 3251 1868 3294 fabula
1887 3251 2046 3305 petitos

512 3320 718 3362 censebat
746 3320 999 3365 Reiskius.”

397 3389 474 3443 Η)
504 3391 605 3432 Huc
632 3390 917 3434 referendum
946 3406 1043 3434 esse
1071 3391 1245 3435 videtur
1274 3391 1440 3448 stag-m.
1472 3391 1679 3435 XLVIII:
1713 3387 1885 3444 „vdcov
1905 3384 2045 3445 ἔχειν”

512 3454 615 3503 α’ντὶ
644 3460 728 3503 τοῦ
759 3461 941 3516 φαῦλον
971 3459 1082 3512 ἔθος
1112 3460 1239 3516 ἔχειν.
1299 3459 1557 3520 Εὐριπίδης
1585 3458 1807 3516 Ἀντιόπῃ.
