2202 3892
1223 234 1346 296 274

444 390 532 450 sti,
577 388 740 451 largos
785 382 870 431 tibi
918 382 1166 431 cincinnos
1212 383 1494 434 abscindam
1541 391 1592 435 et
1624 387 1899 452 aequalium
1933 388 2112 438 choros

440 468 502 518 ad
537 463 778 515 tumulum
814 468 950 511 tuum
986 463 1161 511 ducam
1198 468 1250 512 et
1283 470 1421 526 grata
1449 463 1575 514 dabo
1597 467 1819 531 alloquia.
1889 467 1988 517 lam
2017 484 2112 517 non

440 552 497 596 tu
531 561 626 603 me,
662 543 750 591 sed
787 557 878 605 ego
913 548 982 599 te,
1019 559 1226 606 puerum
1264 560 1409 603 avus,
1446 547 1675 604 extorris,
1709 547 1842 608 orba,
1877 547 2114 596 miserum

439 626 586 675 funus
620 623 820 688 sepelio.
890 622 987 670 Hei
1023 623 1174 683 mihi,
1220 624 1373 671 multa
1421 624 1504 671 illa
1550 615 1714 674 suavia
1765 632 1816 675 et
1848 628 2112 676 nutricatio

440 710 493 755 et
538 705 732 752 labores
777 703 1055 768 perierunt!
1125 702 1349 764 Quonam
1386 705 1598 752 carmine
1631 705 1901 754 inscribere
1935 707 2114 755 debeat

439 791 586 851 poeta
635 782 912 846 sepulcrum
962 782 1139 830 tuum?
1203 781 1449 842 „Puerum
1486 783 1617 832 hunc
1665 784 1831 848 Argivi
1867 786 2110 847 quondam

439 868 716 913 metuentes
763 859 1165 910 interfecerunt.”
1249 861 1434 924 Turpis
1485 878 1602 911 sane
1654 863 1897 912 Graeciae
1943 865 2116 913 inscri-

437 945 567 1008 ptio!
637 942 735 990 Sed
783 941 864 1005 qui
912 947 1227 1004 paternorum
1279 940 1516 988 bonorum
1563 959 1739 1007 expers
1775 960 1858 1005 es,
1907 944 2115 993 habebis

440 1028 634 1078 tamen,
687 1023 734 1068 in
770 1036 865 1083 quo
901 1019 1173 1082 sepeliare,
1226 1026 1417 1068 scutum
1454 1037 1567 1070 aere
1602 1023 1860 1071 munitum.
1929 1022 1972 1070 0
2009 1039 2116 1071 scu-

441 1108 561 1160 tum,
602 1102 729 1164 quod
767 1099 1143 1164 pulcherrimam
1181 1100 1423 1161 quondam
1454 1100 1686 1150 Hectoris
1717 1118 1911 1151 manum
1946 1104 2117 1152 tueba-

440 1181 525 1239 ris,
563 1181 797 1245 optimum
835 1179 906 1227 tui
942 1179 1195 1226 custodem
1232 1180 1464 1229 amisisti!
1537 1181 1693 1242 Quam
1729 1182 1892 1231 dulcia
1926 1183 1978 1232 in
2008 1194 2118 1230 ma·-

439 1260 613 1310 nubrio
661 1266 746 1307 tuo
791 1264 905 1306 sunt
953 1259 1158 1323 vestigia
1193 1259 1432 1321 impressa
1468 1267 1519 1309 et
1554 1262 1705 1309 sudor
1738 1262 1787 1309 in
1821 1261 1976 1326 polito
2009 1267 2118 1310 um-

437 1340 579 1390 bonis
613 1339 815 1399 ambitu,
851 1338 932 1402 qui
968 1337 1132 1386 fronte
1160 1338 1390 1386 Hectoris
1417 1341 1692 1389 exstillabat
1719 1342 1967 1390 laboribus
2005 1341 2118 1391 fun·-

439 1420 624 1483 gentis,
674 1435 820 1482 quum
871 1423 1063 1465 scutum
1111 1424 1275 1465 mento
1312 1420 1622 1469 obtenderet.
1693 1421 1902 1469 Obferte
1935 1422 2118 1469 misero

442 1499 639 1562 corpori
674 1505 898 1545 ornatum
936 1513 1065 1555 eum,
1102 1513 1246 1560 quem
1285 1514 1516 1560 praesens
1552 1515 1660 1547 sors
1696 1500 1938 1552 concedit.
2006 1501 2118 1550 Non

441 1578 571 1627 enim
623 1577 684 1626 ad
731 1578 882 1626 decus
935 1582 986 1625 et
1019 1577 1425 1639 magnificentiam
1462 1579 1583 1627 deus
1617 1579 1864 1628 fortunam
1899 1585 2118 1629 nostram

442 1657 759 1722 comparavit.
830 1656 1023 1706 Stultus
1070 1661 1234 1704 autem
1279 1664 1354 1705 est
1389 1659 1606 1723 quisquis
1640 1660 1919 1709 mortalium
1955 1659 2118 1707 felici-

439 1742 543 1786 tate
577 1744 721 1786 utens
757 1753 867 1784 eam
903 1742 1193 1800 perpetuam
1234 1735 1347 1784 fore
1383 1742 1579 1801 sperat:
1627 1754 1765 1787 more
1799 1740 1926 1789 enim
1959 1739 2119 1789 homi-

441 1818 515 1867 nis
550 1833 720 1881 parum
761 1816 913 1863 sobrii
949 1816 1097 1864 modo
1132 1815 1228 1864 huc
1265 1817 1410 1864 modo
1444 1817 1562 1865 illuc
1594 1814 1859 1867 transilit.’'

571 1895 745 1945 Allatis
795 1897 989 1944 interim
1041 1911 1068 1943 a
1104 1897 1307 1960 captivis
1344 1897 1514 1960 spoliis
1548 1897 1896 1962 vestibusque,
1943 1897 2120 1962 quibus

442 1990 623 2040 corpus
672 1975 963 2032 decoretur,
1013 1975 1219 2024 Hecuba
1264 1977 1382 2023 illud
1430 1977 1478 2023 in
1515 1983 1656 2026 scuto
1693 1993 1991 2043 componens
2025 1977 2123 2025 hoc

440 2055 867 2104 innumerabilium
894 2056 1208 2103 victoriarum
1235 2056 1464 2103 auxilium
1498 2057 1791 2120 alloquitur:
1828 2057 2121 2114 Coronatur,

441 2135 624 2199 inquit,
660 2150 849 2196 neque,
886 2135 1107 2197 quamvis
1144 2150 1252 2182 cum
1288 2134 1525 2183 defuncto
1561 2137 1832 2200 sepeliaris,
1867 2136 2119 2184 morierist

442 2214 596 2264 multo
629 2214 774 2271 enim,
811 2229 953 2276 quam
982 2213 1178 2276 Ulyssis
1205 2214 1417 2276 improbi
1444 2231 1594 2275 arma,
1622 2216 1816 2276 dignius
1840 2231 1895 2262 es
1916 2215 2120 2263 honore.

443 2293 571 2342 Tum
606 2291 809 2342 vulnera
843 2291 1063 2339 fasciolis
1098 2292 1280 2356 ligans,
1333 2299 1612 2340 curaturum
1645 2293 1730 2341 illa
1764 2299 1954 2356 patrem
1989 2293 2121 2358 apud

441 2373 631 2421 inferos
667 2372 800 2419 dicit.
857 2370 992 2419 Inter
1025 2371 1149 2419 haec
1186 2371 1366 2419 chorus
1402 2377 1452 2419 et
1488 2372 1686 2420 inferias
1714 2373 1798 2420 dat
1833 2379 1884 2421 et
1920 2373 2120 2422 naenias

443 2452 576 2502 canit
610 2457 659 2500 et
692 2451 880 2516 plangit
911 2457 1159 2499 mortuum
1195 2467 1305 2498 cum
1341 2450 1580 2499 Hecubae
1605 2453 1826 2500 oratione
1856 2453 2119 2502 alternans.

442 2533 700 2582 Postremo
759 2531 932 2588 „Nihil
975 2530 1154 2595 ergo,”
1201 2530 1382 2593 inquit,
1437 2537 1670 2594 „praeter
1717 2532 1940 2581 miserias
1984 2545 2120 2581 meas

443 2612 571 2676 apud
608 2613 728 2661 deos
762 2611 876 2670 fuit,
912 2616 961 2659 et
994 2610 1146 2659 Troia
1178 2625 1297 2673 prae
1321 2611 1545 2658 omnibus
1582 2611 1857 2660 civitatibus
1883 2613 1942 2661 iis
1968 2611 2122 2660 invisa

443 2693 555 2753 fuit,
589 2692 872 2754 frustraque
906 2690 1272 2738 immolavimus.
1339 2689 1698 2739 Verumtamen
1731 2692 1826 2740 nisi
1846 2690 2122 2741 subvertis-

445 2778 523 2822 set
563 2788 652 2820 nos
699 2771 822 2819 deus
871 2776 920 2819 et
953 2770 1015 2817 ad
1049 2769 1233 2818 inferos
1269 2769 1580 2830 demisisset,
1627 2772 1822 2820 obscuri
1867 2771 2122 2835 ignotique

443 2852 726 2909 fuissemuS,
762 2866 858 2898 non
880 2849 1114 2898 celebrati
1137 2849 1447 2909 carminibus,
1473 2867 1633 2914 neque
1661 2850 1809 2899 ullam
1830 2851 1992 2916 poetis
2015 2864 2122 2897 ma-

443 2931 618 2980 teriam
654 2928 1103 2994 praebuissemus.”
1166 2927 1276 2976 Hoc
1306 2930 1419 2991 quid
1456 2931 1556 2978 vult
1579 2931 1725 2992 alind,
1762 2947 1913 2995 quam
1938 2927 2118 2977 labori-

444 3011 536 3060 bus
582 3010 813 3057 virtutem
855 3008 1197 3056 manifestari?
1231 3024 1392 3071 neque
1432 3010 1559 3057 enim
1600 3011 1736 3074 ipsae
1757 3009 1984 3057 miseriae
2012 3021 2118 3055 car-

445 3088 655 3136 minibus
691 3089 864 3150 dignae
911 3094 1051 3136 sunt:
1101 3103 1242 3149 quam
1293 3091 1583 3136 sententiam
1629 3090 1726 3138 hoc
1759 3080 1869 3152 ipso>
1901 3087 2119 3135 dramate

447 3167 712 3216 declaravit
735 3167 1019 3232 Euripides.
1069 3166 1263 3228 Quanto
1287 3168 1415 3216 enim
1441 3170 1732 3217 atrociorem
1757 3167 1996 3216 malorum
2024 3165 2116 3215 fin-

446 3248 518 3296 xit
538 3248 900 3296 multitudinem
923 3246 1419 3311 magnitudinemque,
1453 3254 1588 3296 tanto
1619 3249 1803 3296 enixius
1831 3246 2033 3306 curavit,
2063 3250 2118 3294 ut

446 3325 500 3388 ii,
533 3327 707 3391 quibus
742 3327 1006 3385 evenirent,
1040 3326 1310 3374 animorum
1346 3327 1675 3391 magnitudine
1697 3326 1779 3375 illa
1808 3328 2115 3390 superarent.

572 3405 742 3456 Posuit
786 3404 911 3454 haec
958 3405 1194 3455 Hecubae
1241 3405 1454 3456 lamenta
1487 3405 1734 3471 Longinus
1770 3404 1941 3469 fragm.
1975 3402 2110 3455 v111.
