2170 3866
1139 259 1266 322 512

347 406 507 459 fuisse
541 410 748 473 propter
780 406 1101 473 splendorem
1149 413 1464 461 sumtuosum
1498 411 1699 464 habitus
1732 416 1921 468 scenici
1955 431 2042 468 ve-

347 487 558 537 risimile
592 493 692 538 est:
727 488 1125 554 quandoquidem
1157 490 1456 541 Plutarchus
1484 492 1549 541 de
1581 492 1707 558 glor.
1723 494 1903 547 Athen.
1929 499 2041 551 c.6.

345 585 396 634 p.
416 571 531 618 349.
557 569 614 619 A.
651 573 867 618 testatur
898 570 1010 635 plus
1044 571 1286 634 pecuniae
1313 574 1374 623 ab
1410 571 1798 624 Atheniensibus
1831 575 1882 626 in
1917 576 2043 627 Bac-

346 649 466 698 chas
508 654 560 698 et
605 649 903 698 Phoenissas
950 656 1004 699 et
1038 649 1325 715 Oedipodas
1362 656 1414 700 et
1448 652 1731 716 Antigonen
1764 659 1816 704 et
1849 655 1901 705 in
1928 655 2041 707 Me-

343 730 470 778 deae
511 729 847 794 Electraeque
892 730 1050 790 mala,
1097 746 1244 794 quam
1289 731 1338 780 in
1374 731 1503 781 bella
1549 748 1642 797 pro
1674 733 1956 800 principatu
1990 739 2043 786 et

341 810 574 860 libertate
621 817 884 874 suscepta,
919 810 1198 875 impensum
1235 810 1431 876 esse*).
1502 811 1654 862 Certe
1697 815 1894 878 gravius
1942 815 2042 865 hoc

342 895 423 940 est
455 895 817 954 argumentum,
854 907 1001 955 quam
1039 890 1171 954 quod
1196 891 1257 939 ab
1292 893 1510 941 numeris
1542 893 1768 943 ducitur:
1803 896 2041 946 observa-

341 975 448 1020 tum
485 971 616 1019 enim
663 976 742 1019 est
780 987 808 1018 a
855 970 1145 1034 quibusdam
1195 972 1416 1021 senarios
1455 973 1567 1038 plus
1602 974 1764 1022 minus
1800 975 2036 1040 quinqua-

340 1051 475 1115 ginta
509 1052 722 1116 primum
759 1051 939 1115 pedem
971 1057 1292 1116 anapaestum
1329 1051 1540 1113 habere,
1578 1059 1631 1102 et
1663 1055 1713 1103 in
1746 1056 1847 1103 950
1879 1055 2039 1104 versi-

339 1131 433 1180 bus
469 1130 740 1179 solutiones
776 1133 873 1179 368
908 1147 1036 1179 esse.
1098 1130 1418 1180 Commodius
1455 1132 1686 1182 Archelai
1720 1133 1889 1183 fabula
1922 1150 2037 1200 pro-

339 1214 453 1276 pter
495 1210 696 1259 felicem
739 1227 908 1260 rerum
959 1211 1148 1259 exitum
1182 1210 1348 1260 locum
1385 1213 1590 1277 satyrici
1624 1214 1863 1263 dramatis
1899 1214 2039 1264 obti-

337 1307 461 1342 nere
509 1290 686 1356 potuit.
767 1290 1019 1339 Defuncto
1066 1291 1306 1356 Euripide
1352 1292 1487 1341 filius
1532 1293 1638 1342 eius
1672 1294 1723 1343 in
1757 1294 2035 1345 Athenien-

338 1371 468 1421 sium
513 1371 710 1419 theatro
745 1370 964 1430 fabulas,
1002 1386 1123 1434 quas
1159 1377 1300 1435 pater
1346 1372 1395 1420 in
1431 1371 1729 1422 Macedonia
1775 1362 2034 1436 docuerat,

335 1451 551 1514 iteravit,
585 1451 677 1500 sed
712 1451 914 1511 omisso,
949 1452 1138 1514 opinor,
1175 1450 1442 1513 Archelao,
1475 1467 1653 1502 verens
1684 1453 1935 1517 nimirum,
1971 1470 2035 1504 ne

337 1532 610 1581 alienorum
662 1529 932 1579 amicitiam
976 1536 1123 1595 pater
1170 1530 1332 1578 favori
1364 1531 1543 1579 civium
1579 1535 1926 1597 anteposuisse
1962 1534 2034 1583 vi-

335 1613 558 1662 deretur.
633 1609 998 1659 Testimonium
1047 1610 1430 1660 didascaliarum
1490 1618 1653 1662 exstat
1697 1614 1830 1678 apud
1876 1612 2034 1664 schol.

333 1692 459 1743 Ran.
493 1691 779 1757 Aristoph.:
817 1686 958 1740 οὕτω
995 1687 1052 1740 δὲ
1086 1686 1176 1741 καὶ
1212 1688 1270 1740 αἱ
1303 1688 1640 1742 διδασκαλίαι
1677 1689 1920 1759 φέρουσι,
1953 1709 2035 1744 τε-

333 1770 691 1839 λευτήσαντος
724 1769 1031 1836 Εὐριπίδου
1064 1770 1162 1822 τὸν
1194 1769 1320 1822 υἱὸν
1345 1771 1516 1824 αὐτοῦ
1537 1770 1870 1840 δεδιδαχέναι
1897 1772 2033 1839 ὁμώ-

333 1870 515 1919 νυμον
527 1850 607 1918 **)
646 1850 705 1903 ἐν
739 1853 881 1903 ἄστει
901 1847 1214 1918 Ἰφιγένειαν
1237 1850 1337 1920 τὴν
1361 1850 1420 1905 ἐν
1442 1853 1651 1919 Αὐλίδι,
1682 1845 2032 1920 Ἀλκμαίωνα,

336 1933 563 2001 Βάκχας.
629 1934 859 1998 Quocum
903 1938 1180 2000 congruunt
1228 1951 1354 2000 quae
1400 1935 1451 1984 in
1498 1935 1598 1984 vita
1634 1936 1780 1986 codd.
1819 1936 2032 1987 Mediol.

331 2017 493 2067 Havn.
529 2015 718 2079 scripta
755 2018 895 2063 sunt:
941 2012 1032 2065 καὶ
1078 2006 1237 2075 υἱοὺς
1269 2012 1511 2066 κατέλιπε
1555 2017 1723 2079 τρεῖς,
1770 2017 2030 2082 Μνησαρ-

331 2094 485 2163 χίδην
515 2093 914 2160 πρεσβύτερον,
961 2090 1228 2160 ἔμπορον,
1276 2095 1529 2163 δεύτερον
1566 2093 1623 2147 δὲ
1658 2095 2028 2164 Μνησίλοχον,

331 2175 652 2242 ὑποκριτήν,
686 2175 947 2241 νεώτερον
983 2173 1041 2227 δὲ
1075 2175 1413 2242 Εὐριπίδην,
1467 2176 1524 2237 ὃς
1559 2173 1764 2239 ἐδίδαξε
1797 2180 1898 2228 τοῦ
1930 2193 2029 2228 πα-

332 2254 458 2322 τρὸς
493 2254 608 2307 ἔνια
641 2254 899 2321 δράματα.
967 2257 1133 2306 Etiam
1160 2257 1383 2306 Thomas
1412 2258 1547 2322 Mag.
1583 2258 1740 2305 filium
1776 2258 2027 2324 cognomi-

332 2355 447 2390 nem
493 2334 611 2404 περὶ
656 2336 857 2403 λόγους
904 2334 1248 2401 διατρίβοντα
1298 2342 1349 2385 et
1394 2335 1757 2402 Moschopulus
1807 2351 2027 2386 comme-

332 2426 543 2483 morant,
578 2419 814 2483 additque
846 2419 929 2467 hic
975 2418 1198 2482 quintam
1228 2417 1482 2466 victoriam
1517 2416 1754 2465 defuncto
1786 2415 2030 2481 Euripide

334 2502 570 2566 operibus
605 2499 852 2564 postumis
888 2514 1176 2547 concessam
1212 2513 1353 2547 esse:
1388 2494 1541 2556 νίκας
1575 2494 1633 2547 δὲ
1667 2493 1829 2547 εἵλετο
1855 2492 2026 2560 πέντε,

331 2579 427 2641 τὰς
451 2577 548 2645 μὲν
572 2577 829 2643 τέσσαρας
863 2575 1075 2643 περιών,
1108 2573 1209 2644 τὴν
1242 2574 1300 2628 δὲ
1333 2576 1462 2641 μίαν
1492 2573 1621 2641 μετὰ
1641 2573 1739 2643 τὴν
1760 2574 2025 2643 τελευτήν.

329 2661 426 2712 His
459 2667 559 2710 tam
610 2660 1032 2710 consentientibus
1082 2675 1140 2708 ac
1175 2659 1471 2724 praesertim
1506 2658 1890 2708 didascaliarum
1922 2657 2028 2718 fide

330 2742 536 2791 munitis
571 2740 871 2791 testimoniis
905 2741 1090 2789 erroris
1126 2739 1430 2788 convincitur
1464 2738 1640 2788 Suidas
1676 2737 1807 2803 (sive
1842 2737 2025 2802 Diony-

333 2821 493 2887 sius),
545 2820 628 2887 q'ui
675 2827 842 2870 cetera
877 2820 1076 2884 quidem
1112 2820 1286 2868 eadem
1321 2825 1472 2884 atque
1505 2820 1683 2869 iisdem
1720 2833 1879 2883 paene
1911 2832 2024 2866 ver-

331 2901 407 2951 bis
430 2901 632 2962 refert,
681 2901 771 2949 sed
815 2917 909 2966 pro
943 2899 1197 2965 Euripidis
1243 2899 1344 2948 filio
1389 2900 1544 2948 lilium
1580 2915 1642 2947 ex
1676 2892 1832 2947 fratre
1865 2896 2025 2946 fuisse

330 2981 574 3030 iuniorem
620 2982 760 3029 illum
802 2979 1095 3044 Euripidem
1155 2979 1371 3028 affirmat
1417 2985 1470 3028 et
1516 2995 1670 3028 unum
1716 2977 1884 3026 drama
1930 2989 2024 3041 pro

331 3061 492 3110 tribus
528 3066 908 3110 commemorat:
954 3057 1108 3118 νίκας
1155 3057 1211 3110 δὲ
1246 3056 1479 3109 ἀνείλετο
1513 3056 1772 3124 τέσσαρας
1803 3052 2021 3126 περιών,

329 3137 431 3208 τὴν
464 3138 522 3191 δὲ
556 3139 685 3206 μίαν
717 3136 847 3206 μετὰ
877 3137 977 3206 τὴν
1009 3139 1273 3207 τελευτήν,
1315 3135 1714 3211 ἐπιδειξαμένου
1747 3135 1808 3189 τὸ
1842 3135 2021 3202 δρᾶμα

387 3330 435 3384 ³¹²)
465 3329 534 3372 Cf.
565 3329 757 3373 Schoen.
789 3329 845 3371 de
874 3342 1167 3384 personarum
1195 3327 1242 3371 in
1280 3326 1510 3384 Euripidis
1545 3325 1815 3371 Bacchabus
1856 3320 2019 3366 habitu

471 3399 661 3442 scenico.
719 3398 840 3455 Lips.
871 3399 999 3443 1831.

359 3470 437 3525 ”J
464 3470 614 3528 Vulgo
643 3467 912 3528 ὁμωνύμως.
971 3468 1240 3514 Emendavit
1267 3467 1463 3513 Boeckh.
