2170 3848
1005 277 1087 335 59

200 428 295 478 sita
319 423 389 491 *).
458 427 678 476 Naturae
711 426 862 491 igitur
894 425 1102 474 imitatio
1135 423 1311 471 artium
1348 422 1593 480 omnium,
1628 435 1879 485 quaecuu-

200 524 298 573 que
332 509 578 568 coluntur,
615 507 885 555 communis
919 512 995 553 est
1028 505 1168 552 finis:
1202 520 1312 552 nam
1335 504 1461 550 ratio
1487 518 1698 566 quoque,
1735 518 1877 566 quam

199 588 489 654 philosophi
525 594 824 651 sequuntur,
873 585 1107 632 imitatrix
1156 591 1359 632 naturae
1403 592 1540 631 recte
1586 583 1879 648 appellatur,

202 674 258 718 et
291 685 407 717 vera
441 677 672 732 rectaque
708 682 819 714 esse
843 666 890 713 in
916 665 1229 729 philosophia
1255 664 1529 712 iudicamus
1551 679 1677 727 quae
1704 667 1881 727 sponte

201 755 459 814 apparent,
495 745 907 813 quemadmodum
937 746 1082 793 etiam
1108 745 1390 810 imaginum,
1427 760 1547 808 quas
1582 751 1759 807 poetae
1794 759 1880 792 ex-

202 829 445 894 primunt,
497 844 579 876 eas
626 827 916 891 probamus,
967 841 1095 890 quae
1145 842 1254 874 cum
1290 832 1463 873 natura
1498 830 1774 889 congruunt
1805 822 1882 873 vel

204 915 320 958 sunt
350 908 651 957 verisimiles.

334 987 428 1038 Via
460 994 640 1047 autem,
675 1004 771 1051 qua
805 987 866 1036 ad
902 987 1032 1035 illam
1069 985 1430 1050 perfectionem
1454 984 1754 1049 pervenitur,
1791 983 1883 1033 du-

202 1067 320 1132 plex
353 1076 450 1126 est,
482 1068 661 1133 partim
696 1069 746 1117 in
779 1084 888 1128 usu,
926 1068 1106 1132 partim
1140 1068 1186 1114 in
1223 1066 1482 1130 disciplina
1517 1066 1694 1130 posita.
1750 1065 1886 1114 Usus

203 1153 284 1196 est
317 1164 414 1212 quo
450 1148 567 1212 quid
606 1148 728 1197 utile
762 1149 826 1197 sit
867 1149 1114 1212 rebusque
1151 1147 1407 1195 conveniat
1439 1162 1522 1194 res
1558 1147 1751 1211 saepius
1785 1151 1886 1195 tra-

204 1229 385 1278 ctando
429 1229 526 1293 ipsi
572 1230 943 1293 cognoscimus3
980 1227 1267 1292 disciplina,
1315 1242 1411 1290 qua
1447 1226 1507 1274 ab
1543 1225 1652 1274 aliis
1689 1227 1888 1290 cognita

203 1309 484 1372 traditaque
518 1310 769 1359 docemur.
824 1310 1042 1372 Quorum
1083 1309 1208 1356 haec
1243 1307 1497 1355 difficilius
1531 1307 1888 1372 percipiuntur,

203 1389 298 1437 nisi
331 1390 572 1438 addantur
606 1391 819 1438 rationes
848 1396 899 1438 et
924 1405 1145 1448 caussae,
1183 1389 1360 1453 quibus
1387 1388 1617 1452 cognitis,
1641 1387 1887 1452 quomodo

206 1469 426 1534 quidque
455 1486 530 1518 -se
575 1471 760 1519 habeat
804 1474 856 1518 et
901 1471 1032 1518 unde
1076 1470 1258 1517 oriatur
1293 1474 1344 1516 et
1379 1461 1493 1533 quid
1529 1469 1644 1517 inde
1677 1469 1887 1531 eveniat,

205 1550 522 1615 perspicit-ur.
582 1550 937 1616 Philosophiae
970 1555 1136 1599 autem
1173 1550 1427 1613 negotium
1462 1556 1541 1597 est
1576 1565 1775 1598 caussas
1809 1566 1889 1598 ra·

206 1626 465 1695 tibnesque
510 1633 778 1680 ostendere
824 1648 1006 1695 easque
1050 1631 1111 1679 ad
1157 1637 1341 1680 certam
1378 1646 1596 1678 normam
1631 1636 1890 1679 revocatas

208 1711 469 1760 ordinare:
513 1712 645 1761 unde
679 1712 754 1771 fit,
790 1718 844 1760 ut
876 1713 1011 1760 nulla
1045 1728 1124 1760 ars
1159 1709 1473 1775 philosophia
1508 1711 1667 1775 possit
1701 1726 1890 1760 carere.

338 1791 457 1841 Vita
491 1808 688 1854 quoque
720 1794 827 1856 ipsa
860 1793 907 1840 in
942 1807 1129 1840 morem
1165 1792 1284 1840 artis
1320 1791 1562 1839 excolitur
1596 1791 1657 1839 ab
1693 1791 1770 1850 iis,
1806 1791 1891 1854 qui

211 1886 412 1935 operam
450 1871 581 1929 dant,
620 1877 673 1920 ut
709 1888 789 1920 res
826 1873 937 1933 sibi,
971 1889 1064 1921 non
1102 1888 1157 1920 se
1189 1874 1339 1921 rebus
1375 1872 1634 1919 subiiciunt
1657 1888 1780 1920 neve
1804 1889 1890 1921 na-

210 1955 352 2000 turae
397 1951 587 2016 impetu
636 1957 840 2016 pareant
883 1953 1241 2016 imprudentes,
1325 1951 1443 2000 lnde
1486 1968 1676 2001 morum
1724 1953 1894 2002 existit

211 2031 496 2096 disciplina,
543 2048 696 2094 quae,
732 2033 812 2080 ubi
850 2033 1133 2097 opinionum
1171 2048 1368 2081 errores
1402 2033 1572 2082 traditi
1607 2033 1893 2082 removendi

210 2116 340 2172 sunt,
375 2112 609 2160 auxilium
643 2113 894 2161 desiderat
927 2113 1291 2178 philosophiae.
1360 2113 1549 2162 Neutra
1585 2116 1774 2179 poetis,
1811 2115 1894 2180 qui

210 2193 407 2255 quidem
444 2209 499 2240 se
533 2194 808 2258 perpolitos
846 2195 1198 2258 perfectosque
1232 2195 1404 2243 haberi
1440 2211 1598 2259 neque
1626 2195 1752 2244 infra
1779 2213 1892 2260 gra-

210 2272 327 2321 dum
363 2274 667 2334 eruditionis,
704 2291 853 2338 quem
889 2276 1139 2323 saeculum
1174 2276 1462 2340 occupavit,
1500 2276 1774 2325 consistere
1807 2293 1891 2326 vo-

210 2352 343 2415 lent,
379 2370 549 2402 carere
584 2355 715 2405 licet.
784 2356 851 2404 Et
887 2355 1254 2420 philosophiam
1287 2356 1487 2420 reliquis
1520 2358 1743 2420 ingenuis
1780 2359 1894 2407 arti-

212 2434 303 2483 bus
339 2442 591 2497 praestare
623 2438 818 2485 censuit
852 2436 1188 2501 Pythagoras:
1233 2442 1289 2485 ut
1323 2437 1524 2485 enimin
1551 2446 1767 2486 mercatu
1791 2439 1894 2500 illo,

211 2515 294 2577 qui
328 2515 595 2564 haberetur
632 2518 843 2565 maximo
878 2517 1104 2567 ludorum
1141 2524 1410 2583 apparatu,
1462 2519 1611 2566 totius
1650 2518 1895 2568 Graeciae

214 2595 520 2655 celebritate,
554 2596 950 2647 liberalissimum
987 2605 1122 2647 esset
1157 2604 1403 2663 spectare,
1439 2598 1557 2645 nibil
1594 2600 1687 2647 sibi
1720 2600 1894 2663 acqui-

215 2681 422 2735 rentem,
458 2677 531 2724 sic
566 2678 613 2724 in
650 2677 789 2741 longa
824 2680 923 2727 vita
956 2679 1103 2743 longe
1138 2680 1364 2726 omnibus
1402 2680 1579 2727 studiis
1617 2687 1894 2728 contem-

215 2756 582 2820 plationem
619 2775 831 2807 rerum
868 2761 1456 2824 cognitionemque
1484 2760 1891 2825 praestare(Cic.

216 2835 368 2886 Tusc.
394 2837 458 2895 V,
489 2841 535 2896 3,
560 2842 649 2902 9.).
730 2839 824 2887 His
861 2841 1211 2904 opponendum
1248 2846 1339 2898 est,
1380 2857 1475 2889 non
1512 2842 1672 2889 minus
1710 2841 1894 2891 libera-

214 2916 312 2964 lem
350 2933 461 2965 esse
495 2919 692 2979 ludum,
740 2937 883 2984 quam
920 2921 1105 2980 otium,
1155 2937 1314 2983 neque
1350 2920 1695 2981 imitationem,
1747 2940 1894 2987 quam

215 2999 709 3061 contemplationem:
757 3018 783 3048 a
818 3009 1053 3064 quaestus
1088 3003 1217 3050 enim
1254 3008 1306 3048 et
1341 3002 1465 3050 lucri
1500 3004 1662 3050 studio
1698 3009 1896 3052 utrum-

216 3093 314 3141 que
349 3079 558 3128 alienum
597 3097 738 3142 esse,
786 3083 972 3146 gloriae
1008 3089 1170 3131 autem
1207 3083 1558 3148 philosophos,
1608 3083 1802 3131 etiamsi
1837 3100 1894 3133 se

216 3175 453 3223 spernere
488 3161 736 3224 simulent,
772 3164 977 3228 perinde
1002 3171 1151 3228 atque
1176 3171 1348 3227 poetas
1377 3165 1597 3225 studere,
1633 3164 1763 3228 quod
1788 3169 1893 3213 stu-

274 3338 324 3391 *)
358 3337 584 3395 Longinus
614 3339 669 3380 de
698 3340 810 3383 subl.
841 3340 924 3383 22:
965 3339 1069 3385 τότε
1106 3338 1194 3399 γὰρ
1237 3338 1264 3397 ἡ
1294 3340 1425 3398 τέχνη
1454 3340 1645 3390 τέλειος,
1685 3334 1803 3394 ἡνίκ’
1834 3335 1893 3383 ἄν

358 3406 498 3464 φύσις
526 3407 644 3454 εἶναι
672 3412 802 3470 δοκῇ,
829 3411 856 3466 ἦ
886 3410 929 3455 δ’
958 3404 1019 3456 αὖ
1051 3411 1191 3469 φύσις
1219 3410 1447 3470 ἐπιτυχής,
1482 3409 1597 3457 ὅταν
1625 3407 1891 3456 λανθάνου-

358 3493 444 3524 σαν
471 3481 654 3540 περιέχῃ
682 3481 770 3541 τὴν
798 3482 972 3540 τέχνην.
