2170 3848
922 262 1000 319 11

133 412 285 473 letus,
310 411 442 476 quod
475 409 547 458 illi
581 408 737 475 magis
769 408 919 458 rudes
953 405 1299 472 simplicesque
1332 409 1503 455 natura
1533 402 1673 454 inscii
1706 403 1799 453 du-

133 491 475 550 cerentur,vhi
509 491 780 554 interprete
814 488 1032 545 ratione,
1067 502 1210 549 quam
1244 487 1562 534 imitationem
1597 489 1800 534 naturae

132 587 245 621 esse
279 571 404 620 dixit
438 570 651 629 Seneca,
699 569 846 616 vitam
883 582 993 614 cum
1026 573 1199 614 natura
1233 566 1493 614 conciliare
1526 566 1799 615 studerent.

131 650 293 700 Recte
319 650 401 698 ille
426 651 522 698 hoc
553 647 829 697 discrimine
855 648 1072 709 priorum
1103 651 1155 694 et
1182 646 1508 711 posteriorum
1537 644 1668 693 vitae
1693 644 1800 693 for-

132 746 262 780 mam
313 729 565 786 distinxit,
613 726 700 774 sed
738 728 831 772 non
866 731 1005 773 recte
1039 725 1163 774 fines
1198 725 1469 788 spatiorum
1503 724 1799 773 terminavit.

132 808 242 874 Ipsa
277 810 403 858 enim
437 807 693 869 antiquitas
726 804 932 853 divortio
967 805 1050 852 illo
1083 806 1131 853 in
1170 806 1290 854 duas
1326 804 1465 868 quasi
1498 810 1664 868 partes
1698 804 1803 853 dis-

135 889 306 944 cessit,
353 893 402 935 et
448 885 761 934 commutatio
810 892 958 949 atque
999 885 1224 932 transitio
1270 884 1470 933 alterius
1514 884 1562 932 in
1594 884 1801 933 alteram

134 973 292 1016 aetate
314 966 565 1030 Euripidis
587 970 639 1012 et
667 964 906 1023 Socratis,
943 964 1020 1012 his
1055 963 1369 1029 potissimum
1396 961 1528 1028 'ipsis
1561 964 1684 1012 viam
1711 964 1801 1012 du·-

134 1046 391 1106 ceutibus,
426 1045 556 1093 facta
591 1048 694 1104 est,
743 1045 983 1093 clamante
1018 1045 1215 1108 quidem
1252 1044 1582 1108 Aristophane
1613 1048 1665 1092 et
1698 1044 1805 1109 rapi

132 1125 363 1190 trahique
404 1125 653 1189 antiquam
705 1124 1013 1187 disciplinam
1047 1130 1287 1184 testante,
1331 1125 1420 1172 sed
1456 1124 1804 1173 necessitatem

133 1204 226 1254 soli
270 1205 497 1254 vertendi
544 1221 601 1253 ac
647 1204 1036 1269 transgrediendi
1070 1205 1306 1265 limitem,
1339 1205 1467 1252 intra
1502 1218 1647 1267 quem
1681 1203 1806 1252 auti-

132 1285 332 1348 quiores
361 1284 703 1346 constiterant,
741 1299 831 1349 pro
857 1285 980 1332 virili
1013 1290 1154 1348 parte
1176 1285 1287 1349 ipso
1314 1290 1539 1348 augente.
1603 1283 1805 1348 Ingenia

133 1364 444 1414 saeculorum
489 1380 786 1430 cognosces,
839 1365 881 1412 si
917 1365 1105 1414 diversa
1138 1371 1393 1428 poetarum
1424 1364 1491 1411 de
1526 1363 1806 1413 auctoribus

133 1444 376 1494 malorum
419 1444 600 1493 iudicia
645 1445 968 1509 comparabis.
1045 1446 1155 1495 Non
1189 1446 1387 1493 damnat
1420 1443 1667 1492 Homerus
1700 1443 1807 1492 He-

135 1523 326 1584 lenam,
364 1525 566 1573 alteram
603 1525 774 1583 Evam,
830 1532 879 1573 et
913 1541 976 1573 ne
1009 1530 1206 1573 accusat
1240 1525 1471 1587 quidem,
1506 1523 1622 1586 quin
1656 1523 1806 1574 etiam

135 1603 331 1668 dignam
374 1621 488 1654 esse
533 1611 732 1663 censet,
795 1605 933 1653 cuius
979 1605 1138 1669 pretio
1184 1606 1274 1652 viri
1319 1604 1581 1652 fortissimi
1624 1604 1807 1653 mutuis

135 1684 369 1734 caedibus
416 1692 650 1749 pereant,
698 1687 848 1749 idque
885 1701 1057 1739 senum
1092 1686 1331 1748 ipsorum,
1368 1699 1574 1747 quorum
1610 1683 1699 1730 filii
1731 1683 1809 1733 in-

137 1764 463 1826 terficiuntur,
497 1766 681 1814 iudicio
717 1765 1023 1828 comprobat.
1071 1764 1177 1812 Nec
1210 1765 1370 1812 minus
1407 1763 1543 1810 Paris
1579 1761 1809 1813 Troianis

137 1850 307 1908 gratus
344 1851 438 1904 est,
474 1861 570 1907 quo
606 1850 830 1908 negante,
864 1860 919 1892 se
945 1844 1178 1892 feminam
1201 1843 1406 1892 Graecis
1443 1842 1807 1908 postulantibus

138 1924 447 1984 traditurum,
482 1924 658 1988 reliqui
692 1924 1028 1972 consentiunt:
1066 1925 1195 1986 quod
1230 1923 1486 1982 facientes,
1521 1922 1638 1987 quid
1675 1923 1809 1973 aliud

138 2019 281 2068 quam
309 2008 561 2067 praestare
590 2004 809 2063 interire,
846 2019 990 2066 quam
1017 2003 1242 2051 dulcibus
1268 2003 1585 2066 venustisque
1620 2019 1808 2066 carere,

136 2083 427 2132 declarant?
477 2082 658 2131 Contra
691 2083 915 2147 Euripidi
961 2083 1244 2148 turpissima
1286 2084 1580 2131 feminarum
1617 2083 1809 2133 Helena

137 2178 251 2212 esse
285 2163 495 2222 videtur,
528 2163 843 2227 turpissimus
878 2164 951 2212 vir
985 2163 1261 2224 Menelaus,
1296 2164 1377 2228 qui
1415 2170 1680 2227 conspecta
1713 2165 1810 2213 ad-

134 2243 292 2292 ultera
325 2243 513 2291 abiecto
547 2244 723 2307 gladio,
759 2260 855 2307 quo
887 2244 1149 2308 puniturus
1184 2251 1304 2304 erat,
1338 2245 1387 2292 in
1421 2245 1588 2292 oscula
1623 2251 1673 2292 et
1705 2260 1811 2293 am-

134 2323 309 2389 plexus
344 2324 528 2381 ruerit3
582 2324 718 2372 Paris
751 2340 866 2373 vero
918 2324 1048 2389 quod
1084 2340 1178 2372 non
1213 2325 1394 2384 statim,
1430 2331 1689 2387 postquam
1725 2342 1810 2374 na-

135 2408 217 2452 tus
263 2403 438 2465 fuerit,
485 2419 512 2451 a
547 2410 703 2452 matre
734 2405 840 2468 ipsa
875 2404 1144 2453 suffocatus
1178 2404 1270 2464 sit,
1318 2405 1638 2453 vehementer
1671 2410 1811 2470 putat

138 2487 191 2531 et
225 2483 432 2532 Graecis
466 2490 518 2532 et
552 2483 777 2532 Troianis
814 2484 1076 2532 dolendum
1112 2483 1284 2533 fuisse.
1342 2484 1566 2546 Quocum
1602 2501 1809 2535 consen-

134 2562 260 2611 tiens
308 2562 537 2612 Socrates
575 2563 964 2628 Xenophonteus
1012 2565 1278 2614 bestiarum
1326 2564 1542 2612 omnium
1578 2571 1809 2625 venustos

135 2642 290 2705 magis
325 2651 492 2691 censet
525 2632 748 2691 vitandos
785 2660 897 2693 esse
933 2645 1010 2706 iis,
1059 2645 1145 2708 qui
1179 2644 1274 2691 sibi
1309 2650 1587 2709 temperare
1622 2661 1808 2709 neque-

138 2726 248 2781 ant,
282 2722 447 2771 oscula
481 2739 598 2771 vero
633 2739 801 2778 eorum
839 2741 947 2772 cum
985 2725 1355 2789 phalangiorum
1391 2726 1637 2774 morsibus
1674 2741 1809 2774 com-

140 2808 298 2865 parat..
324 2818 352 2850 a
374 2803 550 2867 quibus
580 2805 803 2868 percussi
835 2806 1060 2854 homines
1096 2805 1346 2854 doloribus
1379 2805 1702 2854 conficiantur
1735 2811 1809 2855 at-

140 2895 237 2943 que
270 2882 521 2931 insaniant.
605 2884 792 2932 Horum
838 2891 1003 2934 tamen
1048 2885 1192 2948 longe
1228 2886 1368 2933 abest
1402 2885 1645 2934 sentent-ia
1678 2903 1706 2934 a
1739 2887 1811 2934 la-

138 2960 319 3008 mentis
354 2962 448 3009 illis
482 2966 753 3029 perpetuis,
789 2967 966 3030 quibus
992 2967 1132 3014 multi
1168 2967 1390 3014 homines
1416 2966 1667 3014 christiani
1699 2967 1812 3015 uni-

140 3054 340 3088 versum
368 3058 521 3104 genua
557 3045 851 3107 humanum,
888 3047 1077 3095 scilicet
1113 3062 1199 3107 eo,
1235 3047 1362 3110 quod
1394 3047 1498 3095 Eva
1533 3062 1644 3094 cum
1680 3046 1812 3095 Ada-

139 3135 220 3168 mo
254 3126 530 3184 peccasset,
563 3125 882 3188 depravatum
917 3133 967 3175 et
1000 3127 1050 3176 in
1085 3127 1307 3176 miserias
1342 3144 1403 3176 ex
1435 3126 1672 3176 felicitate
1694 3141 1811 3191 pro-

141 3200 353 3259 iectum,
393 3201 665 3266 deplorant.

270 3280 515 3330 Malorum
539 3287 831 3350 comparatis
862 3288 1159 3350 auctoribuS,
1190 3303 1340 3352 porro
1370 3287 1543 3336 salutis
1580 3290 1808 3336 auctores

140 3375 371 3410 aevorum
396 3363 698 3428 singulorum
721 3383 1087 3432 componamus.
1124 3369 1276 3427 Aevo,
1298 3369 1429 3432 quod
1457 3368 1609 3431 inge
1626 3383 1811 3416 nuum

143 3441 395 3506 appellare
412 3443 549 3504 licet,
576 3445 842 3497 salvatores
878 3447 1076 3512 quidam
1111 3463 1169 3499 ac
1202 3448 1491 3499 liberatores
1526 3447 1810 3517 mortalium
