2170 3848
1150 281 1270 336 102

367 440 507 476 suum
549 423 872 489 significaret,
909 439 1002 473 non
1029 425 1230 474 audiens
1259 426 1416 490 patris
1439 441 1604 488 voces,
1633 429 1781 493 laeta,
1808 431 1948 496 quasi
1973 432 2036 480 ad

367 506 488 554 deos
522 503 776 560 ascendat,
809 504 857 551 in
890 504 1052 569 ignem
1087 504 1147 552 ad
1184 504 1312 554 latus
1346 506 1509 554 mariti
1543 505 1818 574 devolat*).
1885 510 2038 561 Pater

365 590 532 633 autem
556 583 883 641 miserrimus,
917 584 1106 633 duobus
1131 584 1298 633 liberis
1332 586 1769 656 praestantissimis
1803 605 1914 638 cum
1950 606 2038 656 ge-

364 678 486 713 nero
520 664 739 722 orbatuS‚
771 663 989 726 privatus
1020 663 1184 712 fructu
1218 665 1455 725 laborum,
1489 679 1614 728 quos
1646 665 1698 714 iu
1729 667 1825 716 illis
1858 670 2038 718 tollen-

364 742 443 791 dis
491 741 860 806 educandisque
903 743 1153 804 toleravit,
1211 745 1346 794 solus
1394 745 1446 793 in
1505 749 1762 794 senectute
1817 748 2038 806 relictuS,

363 836 526 886 neque
568 837 680 870 ossa
725 821 1071 872 defunctorum
1116 828 1383 873 attrectare
1430 840 1591 888 neque
1635 825 1844 889 amplius
1889 827 2038 876 vitam

363 899 586 949 inutilem
621 902 891 951 extendere
926 902 1059 962 vult,
1112 902 1200 951 sed
1238 904 1401 953 statim
1435 905 1636 953 domum
1669 919 1726 952 se
1755 905 1931 956 reduci
1963 907 2040 955 iu-

365 979 467 1040 bet,
503 985 559 1029 ut
591 981 808 1030 tenebris
842 987 1002 1030 tectus
1037 982 1181 1030 vitam
1216 982 1382 1032 inedia
1413 983 1565 1032 finiat.

493 1058 617 1109 Cum
680 1059 1051 1126 oedipodarum
1112 1067 1250 1111 sorte
1303 1077 1438 1111 suam
1491 1064 1816 1113 commiscens
1860 1065 2038 1115 horum

363 1137 471 1186 fato
517 1139 577 1186 ad
629 1141 902 1204 perniciem
947 1157 1042 1189 una
1090 1146 1256 1190 trusus
1305 1147 1397 1192 est.
1465 1142 1606 1190 Hanc
1650 1146 1942 1194 sententiam
1988 1151 2042 1196 et

362 1218 645 1268 universum
684 1220 853 1268 drama
887 1226 937 1269 et
969 1227 1140 1285 partes
1176 1222 1279 1270 eius
1314 1221 1562 1270 mentibus
1597 1227 1933 1286 spectatorum
1964 1225 2040 1273 in-

363 1297 574 1347 culcant.
642 1299 872 1348 Evadnae
928 1305 1093 1349 autem
1140 1301 1289 1348 rebus
1350 1301 1624 1356 similitudo
1671 1301 1800 1351 inest
1847 1318 2040 1363 eorum,

365 1392 490 1440 quae
525 1377 763 1427 Oenomai
810 1379 977 1428 fabula
1011 1380 1366 1438 ostenduntur,
1415 1396 1560 1443 quam
1607 1397 1707 1430 uno
1740 1381 2041 1434 didascaliae
2096 1403 2100 1413 ·-

365 1472 575 1522 corpore
630 1475 740 1507 cum
786 1458 1101 1524 Supplicibus
1148 1461 1457 1508 coniunctam
1504 1459 1665 1509 fuisse
1717 1461 2040 1527 suspicamur.

495 1537 590 1586 His
625 1538 858 1603 peractis,
894 1539 1151 1588 exstinctis
1185 1539 1408 1604 ignibuS.‚
1442 1540 1583 1603 pueri
1618 1540 1798 1588 ducum
1834 1557 2042 1606 compo-

365 1617 568 1666 sitorum
604 1618 652 1666 in
689 1633 887 1666 scenam
938 1620 1183 1682 prodeunt
1228 1634 1373 1667 urnas
1409 1623 1667 1678 tenentes,
1715 1620 1893 1683 quibus
1930 1635 2041 1671 ossa

364 1701 561 1760 patrum
597 1697 805 1746 collecta
836 1697 1029 1758 insunt,
1077 1703 1128 1745 et
1162 1697 1367 1745 naeniae
1402 1703 1667 1758 canuntur,
1714 1699 1902 1748 alterna
1935 1701 2043 1752 vice

363 1776 534 1840 pueris
569 1776 909 1838 matribusque
953 1775 1242 1825 memoriam
1289 1776 1639 1825 exstinctorum
1675 1779 1891 1840 querelis
1924 1796 2044 1845 pro-

367 1856 703 1919 sequentibus.
773 1856 910 1904 Onus
945 1862 1143 1918 gestant
1175 1871 1320 1918 grave
1356 1855 1622 1914 doloribus,
1659 1856 1766 1905 leve
1799 1860 2043 1922 pondere3

367 1936 545 1984 cineris
581 1936 812 1999 exiguum
848 1935 1045 1982 modum
1083 1950 1174 1998 pro
1207 1935 1423 1983 robustis
1458 1936 1702 1998 quondam
1732 1940 2041 2003 corporibus.

368 2015 552 2063 Carent
586 2015 727 2077 pueri
759 2013 1040 2078 praesidio,
1091 2018 1259 2062 carent
1292 2019 1478 2060 matres
1513 2012 1679 2062 fructu
1710 2015 1936 2067 laborum
1969 2026 2045 2070 at·-

370 2111 467 2160 que
501 2095 802 2158 vigiliarum:
851 2092 976 2141 haec
1011 2093 1139 2141 enim
1177 2093 1363 2154 omnia,
1409 2093 1521 2154 igne
1565 2092 1748 2153 soluta,
1781 2098 1961 2158 partim
1991 2100 2045 2150 in

367 2177 622 2224 aetherem
655 2175 838 2237 partim
870 2173 919 2221 in
955 2172 1139 2221 Orcum
1190 2173 1430 2220 abierunt.
1503 2171 1603 2220 Sed
1637 2175 1895 2226 exstinctis
1926 2179 2043 2228 viris

367 2271 465 2304 non
499 2259 578 2303 est
611 2253 853 2302 exstincta
885 2252 1125 2301 vindicta:
1174 2251 1470 2316 superstites
1518 2255 1632 2300 sunt
1678 2252 1892 2316 ultores,
1939 2258 2042 2322 qui,

368 2335 546 2384 ferreis
583 2334 729 2381 armis
762 2331 934 2392 induti,
970 2347 1215 2380 memores
1249 2331 1414 2395 piique
1449 2347 1533 2390 ea,
1587 2347 1714 2394 quae
1748 2340 1917 2396 patres
1950 2351 2041 2387 ne-

373 2416 651 2480 quiverunt,
684 2410 980 2475 perficiant:
1027 2411 1088 2459 ad
1136 2410 1264 2474 quod
1307 2410 1577 2458 conandum
1623 2415 1673 2459 et
1706 2421 1919 2462 matrum
1951 2417 2042 2466 do-

368 2496 474 2543 lore
507 2500 557 2542 et
591 2509 680 2541 suo
714 2491 1052 2555 impelluntur.
1118 2490 1256 2538 Haec
1291 2491 1363 2538 sic
1397 2495 1668 2550 cantantur,
1703 2495 1760 2538 ut
1797 2507 2040 2555 praeeun-

369 2575 501 2624 tibus
536 2574 706 2637 pueris
757 2577 971 2631 matres,
1019 2585 1116 2618 non
1150 2570 1386 2633 singulae,
1435 2570 1527 2618 sed
1563 2570 1843 2631 universae,
1879 2574 2042 2622 succi-

369 2660 516 2714 nant,
566 2652 913 2701 confirmantes
961 2650 1156 2698 illorum
1191 2650 1339 2697 verba
1374 2655 1424 2698 et
1458 2650 1725 2698 sententias
1759 2649 1868 2699 fere
1899 2653 2041 2702 dimi-

369 2735 528 2783 diatas
576 2732 847 2797 explentes.
928 2729 1198 2779 Puerorum
1258 2735 1428 2778 cantus
1483 2729 1710 2794 pluribus
1773 2733 2040 2797 tragoediis

373 2820 545 2864 noster
589 2812 826 2872 inseruit,
871 2809 1179 2877 gratificans,
1229 2809 1408 2867 credo,
1455 2808 1718 2857 Timotheo
1764 2811 1955 2860 musico
1990 2818 2042 2862 et

375 2898 549 2942 acutae
585 2892 910 2956 symphoniae
943 2889 1053 2937 voci
1085 2887 1409 2937 modulandae
1442 2888 1562 2936 dare
1595 2888 1758 2938 locum
1789 2891 1975 2940 volens.

500 2972 794 3035 Priusquam
830 2971 1067 3018 Adrastus
1102 2972 1153 3016 et
1184 2968 1236 3029 ii,
1271 2983 1393 3031 quos
1426 2968 1647 3028 adduxit,
1682 2970 1847 3018 donati
1879 2969 2038 3034 publi-

374 3070 432 3103 ce
457 3053 652 3102 ossibus
673 3050 1018 3112 cineribusque
1044 3053 1345 3095 mortuorum
1368 3047 1561 3108 abeant,
1595 3049 1796 3099 iubente
1825 3047 2040 3111 Theseo,

458 3247 509 3301 *)
537 3246 664 3288 Haec
682 3244 878 3287 imitatus
897 3247 964 3286 est
988 3242 1175 3286 Ovidius
1193 3243 1341 3287 Amat.
1357 3244 1438 3296 111,
1457 3243 1538 3286 21:

621 3315 806 3370 „Accipe
833 3327 914 3365 me,
950 3313 1177 3369 Capaneu!
1208 3315 1364 3356 cineres
1392 3315 1664 3366 miscebimus,
1693 3313 1827 3369 inquit

735 3384 897 3440 Iphias,
925 3384 971 3425 in
999 3385 1158 3427 medios
1185 3384 1432 3440 desiluitque
1459 3383 1634 3441 rog08.''
