<?xml version="1.0" encoding="UTF-8"?>
<!DOCTYPE html PUBLIC "-//W3C//DTD XHTML 1.0 Transitional//EN"
    "http://www.w3.org/TR/xhtml1/DTD/xhtml1-transitional.dtd">
<html xmlns="http://www.w3.org/1999/xhtml" xml:lang="en" lang="en">
 <head>
  <title>
</title>
<meta http-equiv="Content-Type" content="text/html;charset=utf-8" />
  <meta name='ocr-system' content='tesseract 3.04.00' />
  <meta name='ocr-capabilities' content='ocr_page ocr_carea ocr_par ocr_line ocrx_word'/>
</head>
<body>
  <div class='ocr_page' id='page_1' title='image "./euripidesrestitu02hartuoft_0168.png"; bbox 0 0 2170 3848; ppageno 0'>
   <div class='ocr_carea' id='block_1_1' title="bbox 1170 266 1288 326">
    <p class='ocr_par' dir='ltr' id='par_1_1' title="bbox 1170 266 1288 326">
     <span class='ocr_line' id='line_1_1' title="bbox 1170 266 1288 326; baseline 0.008 -1"><span class='ocrx_word' id='word_1_1' title='bbox 1170 266 1288 326; x_wconf 81' lang='lat'><strong>156</strong></span> 
     </span>
    </p>
   </div>
   <div class='ocr_carea' id='block_1_2' title="bbox 403 412 2070 3173">
    <p class='ocr_par' dir='ltr' id='par_1_2' title="bbox 406 412 2070 2144">
     <span class='ocr_line' id='line_1_2' title="bbox 411 412 2065 480; baseline 0.001 -14"><span class='ocrx_word' id='word_1_2' title='bbox 411 421 466 466; x_wconf 90' lang='lat' dir='ltr'><strong>ut</strong></span> <span class='ocrx_word' id='word_1_3' title='bbox 498 415 666 464; x_wconf 86' lang='lat' dir='ltr'><strong>eadem</strong></span> <span class='ocrx_word' id='word_1_4' title='bbox 703 412 1022 478; x_wconf 85' lang='lat' dir='ltr'><strong>crudelitate,</strong></span> <span class='ocrx_word' id='word_1_5' title='bbox 1071 430 1165 478; x_wconf 86' lang='lat' dir='ltr'><strong>qua</strong></span> <span class='ocrx_word' id='word_1_6' title='bbox 1211 416 1318 480; x_wconf 86' lang='lat' dir='ltr'><strong>ipsa</strong></span> <span class='ocrx_word' id='word_1_7' title='bbox 1351 415 1527 467; x_wconf 81' lang='lat' dir='ltr'><strong>Aulide</strong></span> <span class='ocrx_word' id='word_1_8' title='bbox 1559 419 1704 468; x_wconf 87' lang='lat' dir='ltr'><strong>morti</strong></span> <span class='ocrx_word' id='word_1_9' title='bbox 1739 419 1905 469; x_wconf 88' lang='lat' dir='ltr'><strong>oblata</strong></span> <span class='ocrx_word' id='word_1_10' title='bbox 1938 433 2065 478; x_wconf 83' lang='lat' dir='ltr'><strong>sum,</strong></span> 
     </span>
     <span class='ocr_line' id='line_1_3' title="bbox 412 493 2067 548; baseline 0.003 -6"><span class='ocrx_word' id='word_1_11' title='bbox 412 496 524 543; x_wconf 88' lang='lat' dir='ltr'><strong>illos</strong></span> <span class='ocrx_word' id='word_1_12' title='bbox 569 493 776 542; x_wconf 75' lang='lat' dir='ltr'><strong>invicem</strong></span> <span class='ocrx_word' id='word_1_13' title='bbox 824 493 1116 543; x_wconf 86' lang='lat' dir='ltr'><strong>ulciscerer!</strong></span> <span class='ocrx_word' id='word_1_14' title='bbox 1201 495 1346 543; x_wconf 91' lang='lat' dir='ltr'><strong>Nulla</strong></span> <span class='ocrx_word' id='word_1_15' title='bbox 1391 497 1517 544; x_wconf 90' lang='lat' dir='ltr'><strong>enim</strong></span> <span class='ocrx_word' id='word_1_16' title='bbox 1566 498 1684 546; x_wconf 89' lang='lat' dir='ltr'><strong>mihi</strong></span> <span class='ocrx_word' id='word_1_17' title='bbox 1726 500 2067 548; x_wconf 80' lang='lat' dir='ltr'><strong>misericordia</strong></span> 
     </span>
     <span class='ocr_line' id='line_1_4' title="bbox 411 572 2070 644; baseline 0.003 -22"><span class='ocrx_word' id='word_1_18' title='bbox 411 573 635 637; x_wconf 87' lang='lat' dir='ltr'><strong>contigit,</strong></span> <span class='ocrx_word' id='word_1_19' title='bbox 682 588 792 622; x_wconf 90' lang='lat' dir='ltr'><strong>cum</strong></span> <span class='ocrx_word' id='word_1_20' title='bbox 837 572 992 621; x_wconf 88' lang='lat' dir='ltr'><strong>instar</strong></span> <span class='ocrx_word' id='word_1_21' title='bbox 1036 574 1173 622; x_wconf 84' lang='lat' dir='ltr'><strong>vituli</strong></span> <span class='ocrx_word' id='word_1_22' title='bbox 1218 575 1279 623; x_wconf 88' lang='lat' dir='ltr'><strong>ad</strong></span> <span class='ocrx_word' id='word_1_23' title='bbox 1314 591 1445 623; x_wconf 87' lang='lat' dir='ltr'><strong>aram</strong></span> <span class='ocrx_word' id='word_1_24' title='bbox 1480 575 1731 638; x_wconf 80' lang='lat' dir='ltr'><strong>trahebar,</strong></span> <span class='ocrx_word' id='word_1_25' title='bbox 1780 579 2070 644; x_wconf 81' lang='lat' dir='ltr'><strong>suppliciter</strong></span> 
     </span>
     <span class='ocr_line' id='line_1_5' title="bbox 410 651 2068 720; baseline 0.003 -19"><span class='ocrx_word' id='word_1_26' title='bbox 410 667 581 701; x_wconf 86' lang='lat' dir='ltr'><strong>manus</strong></span> <span class='ocrx_word' id='word_1_27' title='bbox 622 651 684 701; x_wconf 89' lang='lat' dir='ltr'><strong>ad</strong></span> <span class='ocrx_word' id='word_1_28' title='bbox 729 655 944 701; x_wconf 86' lang='lat' dir='ltr'><strong>mentum</strong></span> <span class='ocrx_word' id='word_1_29' title='bbox 989 654 1143 717; x_wconf 88' lang='lat' dir='ltr'><strong>patris</strong></span> <span class='ocrx_word' id='word_1_30' title='bbox 1177 655 1412 714; x_wconf 80' lang='lat' dir='ltr'><strong>tendenS,</strong></span> <span class='ocrx_word' id='word_1_31' title='bbox 1460 654 1746 718; x_wconf 75' lang='lat' dir='ltr'><strong>suppliciter</strong></span> <span class='ocrx_word' id='word_1_32' title='bbox 1777 673 1932 720; x_wconf 85' lang='lat' dir='ltr'><strong>genua</strong></span> <span class='ocrx_word' id='word_1_33' title='bbox 1966 673 2068 705; x_wconf 87' lang='lat' dir='ltr'><strong>am-</strong></span> 
     </span>
     <span class='ocr_line' id='line_1_6' title="bbox 411 729 2066 801; baseline 0.004 -23"><span class='ocrx_word' id='word_1_34' title='bbox 411 729 629 795; x_wconf 89' lang='lat' dir='ltr'><strong>plectens</strong></span> <span class='ocrx_word' id='word_1_35' title='bbox 674 746 942 795; x_wconf 89' lang='lat' dir='ltr'><strong>oransque,</strong></span> <span class='ocrx_word' id='word_1_36' title='bbox 988 747 1075 793; x_wconf 91' lang='lat' dir='ltr'><strong>ne,</strong></span> <span class='ocrx_word' id='word_1_37' title='bbox 1123 731 1238 780; x_wconf 90' lang='lat' dir='ltr'><strong>dum</strong></span> <span class='ocrx_word' id='word_1_38' title='bbox 1287 738 1443 781; x_wconf 88' lang='lat' dir='ltr'><strong>mater</strong></span> <span class='ocrx_word' id='word_1_39' title='bbox 1490 750 1599 782; x_wconf 92' lang='lat' dir='ltr'><strong>cum</strong></span> <span class='ocrx_word' id='word_1_40' title='bbox 1645 734 1840 784; x_wconf 80' lang='lat' dir='ltr'><strong>seminis</strong></span> <span class='ocrx_word' id='word_1_41' title='bbox 1875 736 2066 801; x_wconf 86' lang='lat' dir='ltr'><strong>Argivis</strong></span> 
     </span>
     <span class='ocr_line' id='line_1_7' title="bbox 410 808 2068 877; baseline 0.002 -19"><span class='ocrx_word' id='word_1_42' title='bbox 410 810 731 874; x_wconf 79' lang='lat' dir='ltr'><strong>hymenaeum</strong></span> <span class='ocrx_word' id='word_1_43' title='bbox 767 816 988 859; x_wconf 88' lang='lat' dir='ltr'><strong>cantaret</strong></span> <span class='ocrx_word' id='word_1_44' title='bbox 1023 808 1265 876; x_wconf 86' lang='lat' dir='ltr'><strong>festisque</strong></span> <span class='ocrx_word' id='word_1_45' title='bbox 1299 812 1587 861; x_wconf 87' lang='lat' dir='ltr'><strong>clamoribus</strong></span> <span class='ocrx_word' id='word_1_46' title='bbox 1614 817 1800 862; x_wconf 89' lang='lat' dir='ltr'><strong>tectum</strong></span> <span class='ocrx_word' id='word_1_47' title='bbox 1834 828 2068 877; x_wconf 85' lang='lat' dir='ltr'><strong>persona-</strong></span> 
     </span>
     <span class='ocr_line' id='line_1_8' title="bbox 410 889 2070 957; baseline 0.001 -19"><span class='ocrx_word' id='word_1_48' title='bbox 410 894 513 951; x_wconf 87' lang='lat' dir='ltr'><strong>ret,</strong></span> <span class='ocrx_word' id='word_1_49' title='bbox 561 891 667 954; x_wconf 88' lang='lat' dir='ltr'><strong>ipsa</strong></span> <span class='ocrx_word' id='word_1_50' title='bbox 710 905 801 953; x_wconf 90' lang='lat' dir='ltr'><strong>pro</strong></span> <span class='ocrx_word' id='word_1_51' title='bbox 847 889 1027 953; x_wconf 91' lang='lat' dir='ltr'><strong>nuptiis</strong></span> <span class='ocrx_word' id='word_1_52' title='bbox 1070 890 1363 955; x_wconf 87' lang='lat' dir='ltr'><strong>supplicium</strong></span> <span class='ocrx_word' id='word_1_53' title='bbox 1412 893 1716 956; x_wconf 78' lang='lat' dir='ltr'><strong>acciperem,</strong></span> <span class='ocrx_word' id='word_1_54' title='bbox 1761 909 1825 941; x_wconf 91' lang='lat' dir='ltr'><strong>ne</strong></span> <span class='ocrx_word' id='word_1_55' title='bbox 1868 909 1948 941; x_wconf 89' lang='lat' dir='ltr'><strong>me</strong></span> <span class='ocrx_word' id='word_1_56' title='bbox 1981 908 2070 957; x_wconf 89' lang='lat' dir='ltr'><strong>per</strong></span> 
     </span>
     <span class='ocr_line' id='line_1_9' title="bbox 412 968 2068 1033; baseline 0.001 -15"><span class='ocrx_word' id='word_1_57' title='bbox 412 968 578 1018; x_wconf 85' lang='lat' dir='ltr'><strong>dolum</strong></span> <span class='ocrx_word' id='word_1_58' title='bbox 607 969 752 1016; x_wconf 89' lang='lat' dir='ltr'><strong>domo</strong></span> <span class='ocrx_word' id='word_1_59' title='bbox 777 968 1052 1028; x_wconf 85' lang='lat' dir='ltr'><strong>abductam,</strong></span> <span class='ocrx_word' id='word_1_60' title='bbox 1078 985 1241 1032; x_wconf 89' lang='lat' dir='ltr'><strong>quum,</strong></span> <span class='ocrx_word' id='word_1_61' title='bbox 1273 976 1503 1033; x_wconf 87' lang='lat' dir='ltr'><strong>tanquam</strong></span> <span class='ocrx_word' id='word_1_62' title='bbox 1531 973 1577 1019; x_wconf 91' lang='lat' dir='ltr'><strong>in</strong></span> <span class='ocrx_word' id='word_1_63' title='bbox 1603 971 1867 1020; x_wconf 75' lang='lat' dir='ltr'><strong>thalamum</strong></span> <span class='ocrx_word' id='word_1_64' title='bbox 1899 971 2068 1020; x_wconf 85' lang='lat' dir='ltr'><strong>Achil-</strong></span> 
     </span>
     <span class='ocr_line' id='line_1_10' title="bbox 411 1047 2068 1114; baseline 0.001 -17"><span class='ocrx_word' id='word_1_65' title='bbox 411 1049 473 1097; x_wconf 87' lang='lat' dir='ltr'><strong>lis</strong></span> <span class='ocrx_word' id='word_1_66' title='bbox 486 1050 630 1109; x_wconf 89' lang='lat' dir='ltr'><strong>itura,</strong></span> <span class='ocrx_word' id='word_1_67' title='bbox 657 1047 886 1112; x_wconf 85' lang='lat' dir='ltr'><strong>amplecti</strong></span> <span class='ocrx_word' id='word_1_68' title='bbox 900 1048 1103 1096; x_wconf 83' lang='lat' dir='ltr'><strong>fratrem</strong></span> <span class='ocrx_word' id='word_1_69' title='bbox 1132 1064 1449 1113; x_wconf 84' lang='lat' dir='ltr'><strong>sororemque</strong></span> <span class='ocrx_word' id='word_1_70' title='bbox 1470 1050 1752 1113; x_wconf 89' lang='lat' dir='ltr'><strong>pudibunda</strong></span> <span class='ocrx_word' id='word_1_71' title='bbox 1775 1051 2068 1114; x_wconf 87' lang='lat' dir='ltr'><strong>omisissem,</strong></span> 
     </span>
     <span class='ocr_line' id='line_1_11' title="bbox 410 1127 2068 1191; baseline 0.001 -13"><span class='ocrx_word' id='word_1_72' title='bbox 410 1127 752 1178; x_wconf 82' lang='lat' dir='ltr'><strong>crudelissime</strong></span> <span class='ocrx_word' id='word_1_73' title='bbox 782 1128 1093 1177; x_wconf 87' lang='lat' dir='ltr'><strong>interficeret.</strong></span> <span class='ocrx_word' id='word_1_74' title='bbox 1139 1128 1380 1177; x_wconf 85' lang='lat' dir='ltr'><strong>Ultimum</strong></span> <span class='ocrx_word' id='word_1_75' title='bbox 1408 1129 1554 1191; x_wconf 79' lang='lat' dir='ltr'><strong>igitur</strong></span> <span class='ocrx_word' id='word_1_76' title='bbox 1578 1135 1678 1178; x_wconf 88' lang='lat' dir='ltr'><strong>tum</strong></span> <span class='ocrx_word' id='word_1_77' title='bbox 1699 1130 1914 1179; x_wconf 87' lang='lat' dir='ltr'><strong>videram</strong></span> <span class='ocrx_word' id='word_1_78' title='bbox 1943 1129 2068 1179; x_wconf 84' lang='lat' dir='ltr'><strong>Ore-</strong></span> 
     </span>
     <span class='ocr_line' id='line_1_12' title="bbox 411 1207 2068 1274; baseline 0.001 -18"><span class='ocrx_word' id='word_1_79' title='bbox 411 1211 558 1266; x_wconf 86' lang='lat' dir='ltr'><strong>stem,</strong></span> <span class='ocrx_word' id='word_1_80' title='bbox 597 1208 678 1270; x_wconf 90' lang='lat' dir='ltr'><strong>qui</strong></span> <span class='ocrx_word' id='word_1_81' title='bbox 704 1207 798 1254; x_wconf 88' lang='lat' dir='ltr'><strong>iam</strong></span> <span class='ocrx_word' id='word_1_82' title='bbox 825 1208 999 1271; x_wconf 89' lang='lat' dir='ltr'><strong>opibus</strong></span> <span class='ocrx_word' id='word_1_83' title='bbox 1026 1213 1075 1256; x_wconf 92' lang='lat' dir='ltr'><strong>et</strong></span> <span class='ocrx_word' id='word_1_84' title='bbox 1103 1207 1429 1257; x_wconf 88' lang='lat' dir='ltr'><strong>aemulatione</strong></span> <span class='ocrx_word' id='word_1_85' title='bbox 1465 1215 1699 1272; x_wconf 84' lang='lat' dir='ltr'><strong>paternae</strong></span> <span class='ocrx_word' id='word_1_86' title='bbox 1733 1209 1922 1257; x_wconf 86' lang='lat' dir='ltr'><strong>virtutis</strong></span> <span class='ocrx_word' id='word_1_87' title='bbox 1965 1209 2068 1274; x_wconf 84' lang='lat' dir='ltr'><strong>pri-</strong></span> 
     </span>
     <span class='ocr_line' id='line_1_13' title="bbox 409 1286 2069 1352; baseline 0.001 -17"><span class='ocrx_word' id='word_1_88' title='bbox 409 1291 549 1335; x_wconf 79' lang='lat' dir='ltr'><strong>vatus</strong></span> <span class='ocrx_word' id='word_1_89' title='bbox 583 1286 947 1350; x_wconf 84' lang='lat' dir='ltr'><strong>exstinctusque</strong></span> <span class='ocrx_word' id='word_1_90' title='bbox 980 1292 1073 1336; x_wconf 89' lang='lat' dir='ltr'><strong>est.</strong></span> <span class='ocrx_word' id='word_1_91' title='bbox 1143 1287 1377 1336; x_wconf 88' lang='lat' dir='ltr'><strong>Ceterum</strong></span> <span class='ocrx_word' id='word_1_92' title='bbox 1409 1303 1505 1337; x_wconf 92' lang='lat' dir='ltr'><strong>non</strong></span> <span class='ocrx_word' id='word_1_93' title='bbox 1539 1292 1705 1352; x_wconf 90' lang='lat' dir='ltr'><strong>potest</strong></span> <span class='ocrx_word' id='word_1_94' title='bbox 1739 1288 1908 1347; x_wconf 81' lang='lat' dir='ltr'><strong>Diana,</strong></span> <span class='ocrx_word' id='word_1_95' title='bbox 1945 1287 2069 1338; x_wconf 86' lang='lat' dir='ltr'><strong>lovis</strong></span> 
     </span>
     <span class='ocr_line' id='line_1_14' title="bbox 408 1355 2067 1431; baseline 0.002 -17"><span class='ocrx_word' id='word_1_96' title='bbox 408 1366 525 1426; x_wconf 80' lang='lat' dir='ltr'><strong>filia,</strong></span> <span class='ocrx_word' id='word_1_97' title='bbox 560 1381 717 1428; x_wconf 88' lang='lat' dir='ltr'><strong>neque</strong></span> <span class='ocrx_word' id='word_1_98' title='bbox 751 1372 848 1413; x_wconf 88' lang='lat' dir='ltr'><strong>tam</strong></span> <span class='ocrx_word' id='word_1_99' title='bbox 883 1364 1019 1414; x_wconf 77' lang='lat' dir='ltr'><strong>vafra</strong></span> <span class='ocrx_word' id='word_1_100' title='bbox 1052 1382 1211 1431; x_wconf 89' lang='lat' dir='ltr'><strong>neque</strong></span> <span class='ocrx_word' id='word_1_101' title='bbox 1244 1373 1341 1415; x_wconf 90' lang='lat' dir='ltr'><strong>tam</strong></span> <span class='ocrx_word' id='word_1_102' title='bbox 1376 1367 1655 1416; x_wconf 80' lang='lat' dir='ltr'><strong>inconstans</strong></span> <span class='ocrx_word' id='word_1_103' title='bbox 1691 1384 1818 1431; x_wconf 90' lang='lat' dir='ltr'><strong>esse,</strong></span> <span class='ocrx_word' id='word_1_104' title='bbox 1853 1355 2067 1430; x_wconf 57' lang='lat' dir='ltr'><strong>uthum</strong></span> 
     </span>
     <span class='ocr_line' id='line_1_15' title="bbox 408 1444 2067 1512; baseline 0.001 -18"><span class='ocrx_word' id='word_1_105' title='bbox 408 1461 513 1506; x_wconf 87' lang='lat' dir='ltr'><strong>eos,</strong></span> <span class='ocrx_word' id='word_1_106' title='bbox 545 1444 629 1508; x_wconf 89' lang='lat' dir='ltr'><strong>qui</strong></span> <span class='ocrx_word' id='word_1_107' title='bbox 661 1449 744 1492; x_wconf 91' lang='lat' dir='ltr'><strong>aut</strong></span> <span class='ocrx_word' id='word_1_108' title='bbox 778 1460 1000 1494; x_wconf 89' lang='lat' dir='ltr'><strong>cruorem</strong></span> <span class='ocrx_word' id='word_1_109' title='bbox 1027 1451 1107 1495; x_wconf 91' lang='lat' dir='ltr'><strong>aut</strong></span> <span class='ocrx_word' id='word_1_110' title='bbox 1129 1462 1396 1512; x_wconf 82' lang='lat' dir='ltr'><strong>puerperas</strong></span> <span class='ocrx_word' id='word_1_111' title='bbox 1422 1452 1505 1495; x_wconf 91' lang='lat' dir='ltr'><strong>aut</strong></span> <span class='ocrx_word' id='word_1_112' title='bbox 1531 1448 1770 1496; x_wconf 84' lang='lat' dir='ltr'><strong>cadavera</strong></span> <span class='ocrx_word' id='word_1_113' title='bbox 1794 1454 2067 1496; x_wconf 87' lang='lat' dir='ltr'><strong>contrecta-</strong></span> 
     </span>
     <span class='ocr_line' id='line_1_16' title="bbox 410 1602 2069 1671; baseline 0.002 -19"><span class='ocrx_word' id='word_1_114' title='bbox 410 1603 499 1653; x_wconf 85' lang='lat' dir='ltr'><strong>sed</strong></span> <span class='ocrx_word' id='word_1_115' title='bbox 533 1602 751 1664; x_wconf 89' lang='lat' dir='ltr'><strong>barbari,</strong></span> <span class='ocrx_word' id='word_1_116' title='bbox 800 1618 909 1652; x_wconf 90' lang='lat' dir='ltr'><strong>cum</strong></span> <span class='ocrx_word' id='word_1_117' title='bbox 944 1604 1042 1652; x_wconf 90' lang='lat' dir='ltr'><strong>sint</strong></span> <span class='ocrx_word' id='word_1_118' title='bbox 1087 1605 1278 1668; x_wconf 87' lang='lat' dir='ltr'><strong>ingenio</strong></span> <span class='ocrx_word' id='word_1_119' title='bbox 1313 1605 1527 1665; x_wconf 86' lang='lat' dir='ltr'><strong>crudeli,</strong></span> <span class='ocrx_word' id='word_1_120' title='bbox 1576 1622 1715 1654; x_wconf 90' lang='lat' dir='ltr'><strong>suum</strong></span> <span class='ocrx_word' id='word_1_121' title='bbox 1750 1607 1984 1671; x_wconf 89' lang='lat' dir='ltr'><strong>probrum</strong></span> <span class='ocrx_word' id='word_1_122' title='bbox 2018 1607 2069 1656; x_wconf 87' lang='lat' dir='ltr'><strong>in</strong></span> 
     </span>
     <span class='ocr_line' id='line_1_17' title="bbox 407 1682 2066 1751; baseline 0.001 -18"><span class='ocrx_word' id='word_1_123' title='bbox 407 1698 586 1733; x_wconf 89' lang='lat' dir='ltr'><strong>numen</strong></span> <span class='ocrx_word' id='word_1_124' title='bbox 635 1682 849 1730; x_wconf 77' lang='lat' dir='ltr'><strong>divinum</strong></span> <span class='ocrx_word' id='word_1_125' title='bbox 899 1683 1215 1732; x_wconf 85' lang='lat' dir='ltr'><strong>transferunt.</strong></span> <span class='ocrx_word' id='word_1_126' title='bbox 1287 1683 1445 1732; x_wconf 90' lang='lat' dir='ltr'><strong>Nemo</strong></span> <span class='ocrx_word' id='word_1_127' title='bbox 1493 1686 1621 1733; x_wconf 90' lang='lat' dir='ltr'><strong>enim</strong></span> <span class='ocrx_word' id='word_1_128' title='bbox 1656 1685 1778 1735; x_wconf 90' lang='lat' dir='ltr'><strong>deus</strong></span> <span class='ocrx_word' id='word_1_129' title='bbox 1813 1687 2066 1751; x_wconf 90' lang='lat' dir='ltr'><strong>improbus</strong></span> 
     </span>
     <span class='ocr_line' id='line_1_18' title="bbox 409 1760 2067 1827; baseline 0 -15"><span class='ocrx_word' id='word_1_130' title='bbox 409 1767 499 1813; x_wconf 85' lang='lat' dir='ltr'><strong>est.</strong></span> <span class='ocrx_word' id='word_1_131' title='bbox 567 1760 743 1809; x_wconf 85' lang='lat' dir='ltr'><strong>Odium</strong></span> <span class='ocrx_word' id='word_1_132' title='bbox 792 1761 1110 1810; x_wconf 88' lang='lat' dir='ltr'><strong>barbarorum</strong></span> <span class='ocrx_word' id='word_1_133' title='bbox 1159 1766 1210 1811; x_wconf 87' lang='lat' dir='ltr'><strong>et</strong></span> <span class='ocrx_word' id='word_1_134' title='bbox 1255 1763 1494 1826; x_wconf 87' lang='lat' dir='ltr'><strong>imprimis</strong></span> <span class='ocrx_word' id='word_1_135' title='bbox 1539 1765 1669 1827; x_wconf 87' lang='lat' dir='ltr'><strong>regis</strong></span> <span class='ocrx_word' id='word_1_136' title='bbox 1716 1765 1839 1813; x_wconf 87' lang='lat' dir='ltr'><strong>haec</strong></span> <span class='ocrx_word' id='word_1_137' title='bbox 1894 1765 2067 1814; x_wconf 85' lang='lat' dir='ltr'><strong>ultima</strong></span> 
     </span>
     <span class='ocr_line' id='line_1_19' title="bbox 409 1841 2068 1909; baseline 0.001 -18"><span class='ocrx_word' id='word_1_138' title='bbox 409 1841 693 1900; x_wconf 87' lang='lat' dir='ltr'><strong>declarant,</strong></span> <span class='ocrx_word' id='word_1_139' title='bbox 741 1856 835 1904; x_wconf 87' lang='lat' dir='ltr'><strong>quo</strong></span> <span class='ocrx_word' id='word_1_140' title='bbox 881 1842 1035 1890; x_wconf 89' lang='lat' dir='ltr'><strong>minus</strong></span> <span class='ocrx_word' id='word_1_141' title='bbox 1068 1841 1339 1891; x_wconf 88' lang='lat' dir='ltr'><strong>mirandum</strong></span> <span class='ocrx_word' id='word_1_142' title='bbox 1376 1848 1478 1904; x_wconf 89' lang='lat' dir='ltr'><strong>est,</strong></span> <span class='ocrx_word' id='word_1_143' title='bbox 1528 1843 1658 1906; x_wconf 88' lang='lat' dir='ltr'><strong>quod</strong></span> <span class='ocrx_word' id='word_1_144' title='bbox 1692 1843 1803 1891; x_wconf 87' lang='lat' dir='ltr'><strong>illos</strong></span> <span class='ocrx_word' id='word_1_145' title='bbox 1837 1844 2068 1909; x_wconf 86' lang='lat' dir='ltr'><strong>decipere</strong></span> 
     </span>
     <span class='ocr_line' id='line_1_20' title="bbox 407 1920 2066 1987; baseline 0.001 -16"><span class='ocrx_word' id='word_1_146' title='bbox 407 1938 503 1971; x_wconf 90' lang='lat' dir='ltr'><strong>non</strong></span> <span class='ocrx_word' id='word_1_147' title='bbox 549 1922 754 1969; x_wconf 87' lang='lat' dir='ltr'><strong>dubitat.</strong></span> <span class='ocrx_word' id='word_1_148' title='bbox 823 1920 927 1967; x_wconf 85' lang='lat' dir='ltr'><strong>Nisi</strong></span> <span class='ocrx_word' id='word_1_149' title='bbox 971 1922 1097 1968; x_wconf 90' lang='lat' dir='ltr'><strong>enim</strong></span> <span class='ocrx_word' id='word_1_150' title='bbox 1159 1925 1212 1969; x_wconf 86' lang='lat' dir='ltr'><strong>et</strong></span> <span class='ocrx_word' id='word_1_151' title='bbox 1257 1921 1558 1970; x_wconf 81' lang='lat' dir='ltr'><strong>crudelitatis</strong></span> <span class='ocrx_word' id='word_1_152' title='bbox 1604 1928 1656 1971; x_wconf 86' lang='lat' dir='ltr'><strong>et</strong></span> <span class='ocrx_word' id='word_1_153' title='bbox 1704 1923 2066 1987; x_wconf 87' lang='lat' dir='ltr'><strong>superstitionis</strong></span> 
     </span>
     <span class='ocr_line' id='line_1_21' title="bbox 406 1998 2068 2068; baseline 0.001 -18"><span class='ocrx_word' id='word_1_154' title='bbox 406 2001 670 2067; x_wconf 88' lang='lat' dir='ltr'><strong>opprobrio</strong></span> <span class='ocrx_word' id='word_1_155' title='bbox 705 1998 895 2047; x_wconf 86' lang='lat' dir='ltr'><strong>barbari</strong></span> <span class='ocrx_word' id='word_1_156' title='bbox 927 2003 1227 2061; x_wconf 87' lang='lat' dir='ltr'><strong>tenerentur,</strong></span> <span class='ocrx_word' id='word_1_157' title='bbox 1262 2016 1505 2063; x_wconf 83' lang='lat' dir='ltr'><strong>nunquam</strong></span> <span class='ocrx_word' id='word_1_158' title='bbox 1532 2002 1753 2051; x_wconf 79' lang='lat' dir='ltr'><strong>fraudem</strong></span> <span class='ocrx_word' id='word_1_159' title='bbox 1788 2001 2068 2068; x_wconf 78' lang='lat' dir='ltr'><strong>iphigeniae</strong></span> 
     </span>
     <span class='ocr_line' id='line_1_22' title="bbox 408 2078 1674 2144; baseline 0.001 -15"><span class='ocrx_word' id='word_1_160' title='bbox 408 2080 485 2130; x_wconf 72' lang='lat' dir='ltr'><strong>vel</strong></span> <span class='ocrx_word' id='word_1_161' title='bbox 521 2079 716 2139; x_wconf 89' lang='lat' dir='ltr'><strong>Oresti,</strong></span> <span class='ocrx_word' id='word_1_162' title='bbox 752 2078 970 2142; x_wconf 85' lang='lat' dir='ltr'><strong>quamvis</strong></span> <span class='ocrx_word' id='word_1_163' title='bbox 1005 2079 1257 2142; x_wconf 80' lang='lat' dir='ltr'><strong>ingenuis,</strong></span> <span class='ocrx_word' id='word_1_164' title='bbox 1291 2080 1674 2144; x_wconf 80' lang='lat' dir='ltr'><strong>ignosceremus,</strong></span> 
     </span>
    </p>

    <p class='ocr_par' dir='ltr' id='par_1_3' title="bbox 403 2158 2066 3173">
     <span class='ocr_line' id='line_1_23' title="bbox 504 2158 2065 2223; baseline 0.001 -15"><span class='ocrx_word' id='word_1_165' title='bbox 504 2161 596 2209; x_wconf 88' lang='lat' dir='ltr'><strong>His</strong></span> <span class='ocrx_word' id='word_1_166' title='bbox 630 2159 749 2207; x_wconf 86' lang='lat' dir='ltr'><strong>nihil</strong></span> <span class='ocrx_word' id='word_1_167' title='bbox 773 2158 918 2219; x_wconf 86' lang='lat' dir='ltr'><strong>inest,</strong></span> <span class='ocrx_word' id='word_1_168' title='bbox 952 2159 1081 2221; x_wconf 87' lang='lat' dir='ltr'><strong>quod</strong></span> <span class='ocrx_word' id='word_1_169' title='bbox 1104 2159 1397 2221; x_wconf 88' lang='lat' dir='ltr'><strong>reprehendi</strong></span> <span class='ocrx_word' id='word_1_170' title='bbox 1422 2160 1597 2223; x_wconf 78' lang='lat' dir='ltr'><strong>possit,</strong></span> <span class='ocrx_word' id='word_1_171' title='bbox 1632 2159 1771 2220; x_wconf 82' lang='lat' dir='ltr'><strong>nihil,</strong></span> <span class='ocrx_word' id='word_1_172' title='bbox 1804 2160 1936 2223; x_wconf 88' lang='lat' dir='ltr'><strong>quod</strong></span> <span class='ocrx_word' id='word_1_173' title='bbox 1970 2175 2065 2209; x_wconf 89' lang='lat' dir='ltr'><strong>non</strong></span> 
     </span>
     <span class='ocr_line' id='line_1_24' title="bbox 406 2237 2065 2305; baseline -0.001 -16"><span class='ocrx_word' id='word_1_174' title='bbox 406 2240 606 2305; x_wconf 82' lang='lat' dir='ltr'><strong>egregie</strong></span> <span class='ocrx_word' id='word_1_175' title='bbox 628 2238 878 2286; x_wconf 88' lang='lat' dir='ltr'><strong>inventum</strong></span> <span class='ocrx_word' id='word_1_176' title='bbox 897 2243 1109 2301; x_wconf 87' lang='lat' dir='ltr'><strong>apteque</strong></span> <span class='ocrx_word' id='word_1_177' title='bbox 1134 2238 1318 2286; x_wconf 90' lang='lat' dir='ltr'><strong>dictum</strong></span> <span class='ocrx_word' id='word_1_178' title='bbox 1337 2253 1447 2285; x_wconf 84' lang='lat' dir='ltr'><strong>esse</strong></span> <span class='ocrx_word' id='word_1_179' title='bbox 1473 2237 1721 2287; x_wconf 87' lang='lat' dir='ltr'><strong>fatendum</strong></span> <span class='ocrx_word' id='word_1_180' title='bbox 1747 2240 1827 2290; x_wconf 89' lang='lat' dir='ltr'><strong>sit.</strong></span> <span class='ocrx_word' id='word_1_181' title='bbox 1862 2238 2065 2288; x_wconf 83' lang='lat' dir='ltr'><strong>Furoris</strong></span> 
     </span>
     <span class='ocr_line' id='line_1_25' title="bbox 405 2317 2066 2382; baseline -0.001 -15"><span class='ocrx_word' id='word_1_182' title='bbox 405 2319 531 2368; x_wconf 84' lang='lat' dir='ltr'><strong>ratio</strong></span> <span class='ocrx_word' id='word_1_183' title='bbox 553 2317 613 2366; x_wconf 88' lang='lat' dir='ltr'><strong>ad</strong></span> <span class='ocrx_word' id='word_1_184' title='bbox 635 2323 835 2365; x_wconf 88' lang='lat' dir='ltr'><strong>naturae</strong></span> <span class='ocrx_word' id='word_1_185' title='bbox 861 2317 1113 2364; x_wconf 82' lang='lat' dir='ltr'><strong>veritatem</strong></span> <span class='ocrx_word' id='word_1_186' title='bbox 1135 2331 1397 2380; x_wconf 81' lang='lat' dir='ltr'><strong>expressa3</strong></span> <span class='ocrx_word' id='word_1_187' title='bbox 1431 2333 1620 2380; x_wconf 85' lang='lat' dir='ltr'><strong>pugnae</strong></span> <span class='ocrx_word' id='word_1_188' title='bbox 1646 2317 1912 2382; x_wconf 89' lang='lat' dir='ltr'><strong>descriptio</strong></span> <span class='ocrx_word' id='word_1_189' title='bbox 1938 2318 2066 2380; x_wconf 85' lang='lat' dir='ltr'><strong>talis,</strong></span> 
     </span>
     <span class='ocr_line' id='line_1_26' title="bbox 406 2395 2065 2463; baseline 0 -17"><span class='ocrx_word' id='word_1_190' title='bbox 406 2398 560 2463; x_wconf 86' lang='lat' dir='ltr'><strong>qualis</strong></span> <span class='ocrx_word' id='word_1_191' title='bbox 596 2396 674 2446; x_wconf 86' lang='lat' dir='ltr'><strong>vel</strong></span> <span class='ocrx_word' id='word_1_192' title='bbox 705 2396 976 2445; x_wconf 86' lang='lat' dir='ltr'><strong>Homerum</strong></span> <span class='ocrx_word' id='word_1_193' title='bbox 1012 2395 1214 2456; x_wconf 80' lang='lat' dir='ltr'><strong>deceat3</strong></span> <span class='ocrx_word' id='word_1_194' title='bbox 1251 2399 1352 2443; x_wconf 81' lang='lat' dir='ltr'><strong>tota</strong></span> <span class='ocrx_word' id='word_1_195' title='bbox 1376 2397 1588 2443; x_wconf 87' lang='lat' dir='ltr'><strong>narratio</strong></span> <span class='ocrx_word' id='word_1_196' title='bbox 1617 2400 1721 2444; x_wconf 89' lang='lat' dir='ltr'><strong>tum</strong></span> <span class='ocrx_word' id='word_1_197' title='bbox 1745 2396 2065 2446; x_wconf 84' lang='lat' dir='ltr'><strong>admiratione</strong></span> 
     </span>
     <span class='ocr_line' id='line_1_27' title="bbox 405 2475 2063 2539; baseline -0.001 -12"><span class='ocrx_word' id='word_1_198' title='bbox 405 2482 696 2537; x_wconf 80' lang='lat' dir='ltr'><strong>commovet,</strong></span> <span class='ocrx_word' id='word_1_199' title='bbox 730 2481 832 2524; x_wconf 89' lang='lat' dir='ltr'><strong>tum</strong></span> <span class='ocrx_word' id='word_1_200' title='bbox 865 2475 1233 2539; x_wconf 87' lang='lat' dir='ltr'><strong>exspectatione</strong></span> <span class='ocrx_word' id='word_1_201' title='bbox 1268 2475 1526 2534; x_wconf 85' lang='lat' dir='ltr'><strong>suspendit</strong></span> <span class='ocrx_word' id='word_1_202' title='bbox 1575 2482 1896 2538; x_wconf 83' lang='lat' dir='ltr'><strong>spectatores.</strong></span> <span class='ocrx_word' id='word_1_203' title='bbox 1964 2478 2063 2527; x_wconf 80' lang='lat' dir='ltr'><strong>Ac-</strong></span> 
     </span>
     <span class='ocr_line' id='line_1_28' title="bbox 406 2554 2064 2619; baseline -0.001 -13"><span class='ocrx_word' id='word_1_204' title='bbox 406 2557 556 2617; x_wconf 84' lang='lat' dir='ltr'><strong>cedit,</strong></span> <span class='ocrx_word' id='word_1_205' title='bbox 588 2562 661 2616; x_wconf 90' lang='lat' dir='ltr'><strong>ut,</strong></span> <span class='ocrx_word' id='word_1_206' title='bbox 693 2570 819 2618; x_wconf 88' lang='lat' dir='ltr'><strong>quae</strong></span> <span class='ocrx_word' id='word_1_207' title='bbox 850 2554 1101 2619; x_wconf 75' lang='lat' dir='ltr'><strong>iphigenia</strong></span> <span class='ocrx_word' id='word_1_208' title='bbox 1134 2554 1266 2612; x_wconf 88' lang='lat' dir='ltr'><strong>dicit,</strong></span> <span class='ocrx_word' id='word_1_209' title='bbox 1303 2554 1464 2602; x_wconf 89' lang='lat' dir='ltr'><strong>omnia</strong></span> <span class='ocrx_word' id='word_1_210' title='bbox 1489 2554 1744 2603; x_wconf 86' lang='lat' dir='ltr'><strong>verissima</strong></span> <span class='ocrx_word' id='word_1_211' title='bbox 1778 2556 1875 2605; x_wconf 87' lang='lat' dir='ltr'><strong>sint</strong></span> <span class='ocrx_word' id='word_1_212' title='bbox 1905 2561 1954 2604; x_wconf 91' lang='lat' dir='ltr'><strong>et</strong></span> <span class='ocrx_word' id='word_1_213' title='bbox 1977 2571 2064 2604; x_wconf 88' lang='lat' dir='ltr'><strong>na-</strong></span> 
     </span>
     <span class='ocr_line' id='line_1_29' title="bbox 405 2633 2063 2700; baseline -0.002 -15"><span class='ocrx_word' id='word_1_214' title='bbox 405 2641 546 2686; x_wconf 86' lang='lat' dir='ltr'><strong>turae</strong></span> <span class='ocrx_word' id='word_1_215' title='bbox 605 2635 844 2684; x_wconf 89' lang='lat' dir='ltr'><strong>humanae</strong></span> <span class='ocrx_word' id='word_1_216' title='bbox 904 2633 1283 2682; x_wconf 85' lang='lat' dir='ltr'><strong>accommodata.</strong></span> <span class='ocrx_word' id='word_1_217' title='bbox 1353 2633 1420 2681; x_wconf 75' lang='lat' dir='ltr'><strong>Et</strong></span> <span class='ocrx_word' id='word_1_218' title='bbox 1465 2633 1660 2695; x_wconf 87' lang='lat' dir='ltr'><strong>quidem</strong></span> <span class='ocrx_word' id='word_1_219' title='bbox 1708 2633 2063 2700; x_wconf 86' lang='lat' dir='ltr'><strong>dignissimum,</strong></span> 
     </span>
     <span class='ocr_line' id='line_1_30' title="bbox 404 2712 2063 2778; baseline -0.001 -14"><span class='ocrx_word' id='word_1_220' title='bbox 404 2715 467 2764; x_wconf 89' lang='lat' dir='ltr'><strong>ad</strong></span> <span class='ocrx_word' id='word_1_221' title='bbox 500 2714 630 2778; x_wconf 90' lang='lat' dir='ltr'><strong>quod</strong></span> <span class='ocrx_word' id='word_1_222' title='bbox 663 2714 878 2762; x_wconf 87' lang='lat' dir='ltr'><strong>animum</strong></span> <span class='ocrx_word' id='word_1_223' title='bbox 911 2713 1251 2771; x_wconf 90' lang='lat' dir='ltr'><strong>advertamus,</strong></span> <span class='ocrx_word' id='word_1_224' title='bbox 1303 2712 1423 2760; x_wconf 86' lang='lat' dir='ltr'><strong>illud</strong></span> <span class='ocrx_word' id='word_1_225' title='bbox 1458 2717 1567 2770; x_wconf 88' lang='lat' dir='ltr'><strong>est,</strong></span> <span class='ocrx_word' id='word_1_226' title='bbox 1622 2712 1749 2776; x_wconf 91' lang='lat' dir='ltr'><strong>quod</strong></span> <span class='ocrx_word' id='word_1_227' title='bbox 1783 2719 2063 2763; x_wconf 86' lang='lat' dir='ltr'><strong>mansuetu-</strong></span> 
     </span>
     <span class='ocr_line' id='line_1_31' title="bbox 404 2791 2063 2856; baseline -0.001 -13"><span class='ocrx_word' id='word_1_228' title='bbox 404 2794 565 2843; x_wconf 77' lang='lat' dir='ltr'><strong>dInem</strong></span> <span class='ocrx_word' id='word_1_229' title='bbox 602 2808 739 2840; x_wconf 88' lang='lat' dir='ltr'><strong>suam</strong></span> <span class='ocrx_word' id='word_1_230' title='bbox 774 2797 825 2840; x_wconf 87' lang='lat' dir='ltr'><strong>et</strong></span> <span class='ocrx_word' id='word_1_231' title='bbox 858 2792 1165 2840; x_wconf 89' lang='lat' dir='ltr'><strong>clementiam</strong></span> <span class='ocrx_word' id='word_1_232' title='bbox 1202 2808 1230 2840; x_wconf 91' lang='lat' dir='ltr'><strong>a</strong></span> <span class='ocrx_word' id='word_1_233' title='bbox 1262 2791 1449 2856; x_wconf 88' lang='lat' dir='ltr'><strong>pietate</strong></span> <span class='ocrx_word' id='word_1_234' title='bbox 1484 2795 1628 2855; x_wconf 86' lang='lat' dir='ltr'><strong>atque</strong></span> <span class='ocrx_word' id='word_1_235' title='bbox 1663 2807 1828 2841; x_wconf 88' lang='lat' dir='ltr'><strong>amore</strong></span> <span class='ocrx_word' id='word_1_236' title='bbox 1853 2792 2063 2842; x_wconf 84' lang='lat' dir='ltr'><strong>nationis</strong></span> 
     </span>
     <span class='ocr_line' id='line_1_32' title="bbox 406 2869 2064 2936; baseline -0.001 -14"><span class='ocrx_word' id='word_1_237' title='bbox 406 2888 525 2922; x_wconf 85' lang='lat' dir='ltr'><strong>suae</strong></span> <span class='ocrx_word' id='word_1_238' title='bbox 571 2877 622 2921; x_wconf 89' lang='lat' dir='ltr'><strong>et</strong></span> <span class='ocrx_word' id='word_1_239' title='bbox 671 2872 1056 2936; x_wconf 88' lang='lat' dir='ltr'><strong>propinquorum</strong></span> <span class='ocrx_word' id='word_1_240' title='bbox 1101 2870 1342 2934; x_wconf 83' lang='lat' dir='ltr'><strong>originem</strong></span> <span class='ocrx_word' id='word_1_241' title='bbox 1375 2869 1576 2918; x_wconf 85' lang='lat' dir='ltr'><strong>duxisse</strong></span> <span class='ocrx_word' id='word_1_242' title='bbox 1611 2870 1809 2920; x_wconf 80' lang='lat' dir='ltr'><strong>fatetur.</strong></span> <span class='ocrx_word' id='word_1_243' title='bbox 1875 2872 1980 2933; x_wconf 76' lang='lat' dir='ltr'><strong>Qua</strong></span> <span class='ocrx_word' id='word_1_244' title='bbox 2013 2872 2064 2921; x_wconf 91' lang='lat' dir='ltr'><strong>in</strong></span> 
     </span>
     <span class='ocr_line' id='line_1_33' title="bbox 403 2948 2062 3016; baseline -0.003 -14"><span class='ocrx_word' id='word_1_245' title='bbox 403 2968 462 3002; x_wconf 86' lang='lat' dir='ltr'><strong>re</strong></span> <span class='ocrx_word' id='word_1_246' title='bbox 495 2956 725 3016; x_wconf 88' lang='lat' dir='ltr'><strong>quantum</strong></span> <span class='ocrx_word' id='word_1_247' title='bbox 762 2951 925 3015; x_wconf 88' lang='lat' dir='ltr'><strong>dispar</strong></span> <span class='ocrx_word' id='word_1_248' title='bbox 960 2956 1037 2999; x_wconf 87' lang='lat' dir='ltr'><strong>est</strong></span> <span class='ocrx_word' id='word_1_249' title='bbox 1071 2949 1272 2999; x_wconf 87' lang='lat' dir='ltr'><strong>Goethii</strong></span> <span class='ocrx_word' id='word_1_250' title='bbox 1319 2948 1630 3011; x_wconf 84' lang='lat' dir='ltr'><strong>Iphigeniae,</strong></span> <span class='ocrx_word' id='word_1_251' title='bbox 1677 2949 1816 2999; x_wconf 87' lang='lat' dir='ltr'><strong>cuius</strong></span> <span class='ocrx_word' id='word_1_252' title='bbox 1861 2950 1922 2997; x_wconf 82' lang='lat' dir='ltr'><strong>ad</strong></span> <span class='ocrx_word' id='word_1_253' title='bbox 1957 2950 2062 2997; x_wconf 90' lang='lat' dir='ltr'><strong>uni-</strong></span> 
     </span>
     <span class='ocr_line' id='line_1_34' title="bbox 404 3028 2062 3094; baseline -0.002 -15"><span class='ocrx_word' id='word_1_254' title='bbox 404 3046 599 3079; x_wconf 82' lang='lat' dir='ltr'><strong>versum</strong></span> <span class='ocrx_word' id='word_1_255' title='bbox 646 3045 798 3092; x_wconf 90' lang='lat' dir='ltr'><strong>genus</strong></span> <span class='ocrx_word' id='word_1_256' title='bbox 846 3031 1108 3079; x_wconf 88' lang='lat' dir='ltr'><strong>humanum</strong></span> <span class='ocrx_word' id='word_1_257' title='bbox 1157 3029 1314 3094; x_wconf 86' lang='lat' dir='ltr'><strong>pietas</strong></span> <span class='ocrx_word' id='word_1_258' title='bbox 1361 3029 1606 3090; x_wconf 88' lang='lat' dir='ltr'><strong>pertinet,</strong></span> <span class='ocrx_word' id='word_1_259' title='bbox 1658 3033 1714 3076; x_wconf 92' lang='lat' dir='ltr'><strong>ut</strong></span> <span class='ocrx_word' id='word_1_260' title='bbox 1746 3028 2062 3076; x_wconf 86' lang='lat' dir='ltr'><strong>barbarorum</strong></span> 
     </span>
     <span class='ocr_line' id='line_1_35' title="bbox 406 3107 2062 3173; baseline -0.004 -13"><span class='ocrx_word' id='word_1_261' title='bbox 406 3110 574 3160; x_wconf 85' lang='lat' dir='ltr'><strong>salutis</strong></span> <span class='ocrx_word' id='word_1_262' title='bbox 608 3109 842 3173; x_wconf 89' lang='lat' dir='ltr'><strong>perinde,</strong></span> <span class='ocrx_word' id='word_1_263' title='bbox 894 3125 952 3158; x_wconf 91' lang='lat' dir='ltr'><strong>ac</strong></span> <span class='ocrx_word' id='word_1_264' title='bbox 986 3110 1029 3158; x_wconf 88' lang='lat' dir='ltr'><strong>si</strong></span> <span class='ocrx_word' id='word_1_265' title='bbox 1063 3112 1228 3158; x_wconf 90' lang='lat' dir='ltr'><strong>essent</strong></span> <span class='ocrx_word' id='word_1_266' title='bbox 1263 3107 1526 3170; x_wconf 86' lang='lat' dir='ltr'><strong>populares</strong></span> <span class='ocrx_word' id='word_1_267' title='bbox 1561 3108 1661 3168; x_wconf 89' lang='lat' dir='ltr'><strong>sui,</strong></span> <span class='ocrx_word' id='word_1_268' title='bbox 1711 3122 1873 3156; x_wconf 90' lang='lat' dir='ltr'><strong>curam</strong></span> <span class='ocrx_word' id='word_1_269' title='bbox 1910 3113 2062 3171; x_wconf 90' lang='lat' dir='ltr'><strong>gerat,</strong></span> 
     </span>
    </p>
   </div>
   <div class='ocr_carea' id='block_1_3' title="bbox 461 3297 2062 3428">
    <p class='ocr_par' dir='ltr' id='par_1_4' title="bbox 461 3297 2062 3428">
     <span class='ocr_line' id='line_1_36' title="bbox 461 3297 2061 3358; baseline -0.003 -15"><span class='ocrx_word' id='word_1_270' title='bbox 461 3303 511 3358; x_wconf 65' lang='lat'><strong>²³)</strong></span> <span class='ocrx_word' id='word_1_271' title='bbox 543 3302 688 3344; x_wconf 85' lang='lat' dir='ltr'><strong>Verba</strong></span> <span class='ocrx_word' id='word_1_272' title='bbox 715 3300 870 3358; x_wconf 83' lang='grc' dir='ltr'>βωμὸν</span> <span class='ocrx_word' id='word_1_273' title='bbox 892 3297 1094 3356; x_wconf 64' lang='grc' dir='ltr'><strong>ἀπείργει</strong></span> <span class='ocrx_word' id='word_1_274' title='bbox 1116 3301 1306 3343; x_wconf 79' lang='lat' dir='ltr'><strong>absurde</strong></span> <span class='ocrx_word' id='word_1_275' title='bbox 1329 3299 1652 3354; x_wconf 86' lang='lat' dir='ltr'><strong>interpretando</strong></span> <span class='ocrx_word' id='word_1_276' title='bbox 1678 3298 1794 3340; x_wconf 82' lang='lat' dir='ltr'><strong>Gru</strong></span> <span class='ocrx_word' id='word_1_277' title='bbox 1807 3313 1911 3353; x_wconf 86' lang='lat' dir='ltr'><strong>ppe</strong></span> <span class='ocrx_word' id='word_1_278' title='bbox 1932 3312 2061 3354; x_wconf 82' lang='lat' dir='ltr'><strong>egre-</strong></span> 
     </span>
     <span class='ocr_line' id='line_1_37' title="bbox 546 3366 2062 3428; baseline -0.002 -15"><span class='ocrx_word' id='word_1_279' title='bbox 546 3371 669 3428; x_wconf 86' lang='lat' dir='ltr'><strong>giam</strong></span> <span class='ocrx_word' id='word_1_280' title='bbox 717 3376 870 3413; x_wconf 80' lang='lat' dir='ltr'><strong>nactus</strong></span> <span class='ocrx_word' id='word_1_281' title='bbox 908 3375 975 3413; x_wconf 85' lang='lat' dir='ltr'><strong>est</strong></span> <span class='ocrx_word' id='word_1_282' title='bbox 1016 3369 1370 3426; x_wconf 80' lang='lat' dir='ltr'><strong>reprehensionis</strong></span> <span class='ocrx_word' id='word_1_283' title='bbox 1399 3382 1555 3412; x_wconf 83' lang='lat' dir='ltr'><strong>ansam</strong></span> <span class='ocrx_word' id='word_1_284' title='bbox 1571 3399 1582 3421; x_wconf 89' lang='lat'><strong>,</strong></span> <span class='ocrx_word' id='word_1_285' title='bbox 1620 3367 1693 3423; x_wconf 86' lang='lat' dir='ltr'><strong>qui</strong></span> <span class='ocrx_word' id='word_1_286' title='bbox 1723 3367 1819 3410; x_wconf 85' lang='lat' dir='ltr'><strong>fere</strong></span> <span class='ocrx_word' id='word_1_287' title='bbox 1856 3366 2062 3423; x_wconf 76' lang='lat' dir='ltr'><strong>quicquid</strong></span> 
     </span>
    </p>
   </div>
   <div class='ocr_carea' id='block_1_4' title="bbox 551 3440 1230 3499">
    <p class='ocr_par' dir='ltr' id='par_1_5' title="bbox 551 3440 1230 3499">
     <span class='ocr_line' id='line_1_38' title="bbox 551 3440 1230 3499; baseline -0.003 -15"><span class='ocrx_word' id='word_1_288' title='bbox 551 3442 703 3499; x_wconf 83' lang='lat' dir='ltr'><strong>arguit</strong></span> <span class='ocrx_word' id='word_1_289' title='bbox 722 3441 946 3497; x_wconf 77' lang='lat' dir='ltr'><strong>vitiorum,</strong></span> <span class='ocrx_word' id='word_1_290' title='bbox 975 3441 1072 3496; x_wconf 82' lang='lat' dir='ltr'><strong>ipse</strong></span> <span class='ocrx_word' id='word_1_291' title='bbox 1090 3440 1230 3484; x_wconf 84' lang='lat' dir='ltr'><strong>finxit.</strong></span> 
     </span>
    </p>
   </div>
  </div>
 </body>
</html>
