2170 3866
1109 236 1237 297 494

325 388 441 438 dem
475 402 626 436 unum
660 385 983 446 sustinuisse3
1018 387 1195 436 occisis
1229 387 1367 450 aliis,
1413 386 1526 436 aliis
1557 387 1861 450 vulneratis,
1893 389 2014 439 reli-

323 483 447 532 quos
483 467 663 530 partim
702 465 1028 532 supplicando
1065 467 1271 515 salutem
1308 468 1608 533 impetrasse
1642 469 1823 532 partim
1857 469 1907 518 in
1942 469 2014 518 la·

319 548 491 596 tebras
536 547 791 612 effugisse.
861 546 988 594 Tum
1037 547 1150 595 illos
1197 549 1248 596 in
1285 548 1606 596 Hermionam
1643 547 1776 596 forte
1809 549 2013 598 venien-

319 633 422 676 tem
449 627 586 675 velut
614 628 833 675 Bacchas
859 627 909 675 in
934 627 1138 677 vitulum
1163 629 1433 677 invasisse:
1459 644 1555 692 qua
1583 634 1830 693 correpta,
1860 645 2012 694 quum

318 706 381 754 ad
433 706 672 755 Helenam
720 707 1114 756 interficiendam
1167 709 1520 775 in-pastadem
1567 708 1848 769 redissent,
1883 709 2013 758 hanc

318 788 582 835 evanuisse
633 793 683 836 et
727 804 758 837 e
804 795 1108 852 conspectu,
1157 790 1296 853 quasi
1330 790 1555 855 magicae
1589 789 1713 838 artis
1748 789 1825 850 vi,
1875 787 2012 839 abla-

316 872 420 916 tam
456 881 585 918 esse.

449 946 838 1010 Lepidissimam
897 948 1226 996 narrationem
1286 948 1651 1014 lepidissimum
1696 948 1886 1012 excipit
1933 947 2012 996 di-

315 1027 556 1076 verbium.
624 1027 979 1076 Animadversa
1015 1029 1144 1076 enim
1170 1029 1403 1092 spadonis
1428 1029 1542 1091 fuga
1571 1028 1780 1078 Orestes
1806 1029 2010 1091 timens,

316 1123 380 1156 ne
415 1107 680 1172 populares
718 1108 933 1157 concitet
968 1108 1297 1168 clamoribus,
1345 1109 1540 1173 prodit,
1577 1117 1631 1158 ut
1664 1110 1804 1159 illum
1839 1111 1886 1158 in
1921 1125 2008 1157 ae-

315 1188 404 1235 des
437 1188 662 1236 reducat.
735 1189 879 1237 Haud
915 1189 1064 1236 facile
1098 1190 1248 1237 fidem
1285 1190 1583 1238 haberemus
1618 1190 1847 1250 narratis,
1893 1189 2008 1247 nisi,

313 1274 495 1331 quanta
530 1267 784 1332 Phrygum
820 1270 1037 1332 nequitia
1074 1276 1235 1328 esset,
1284 1270 1514 1334 exemplo
1562 1276 1677 1318 ante
1711 1270 1884 1319 oculos
1919 1286 2006 1334 po-

311 1348 408 1395 sito
454 1348 859 1411 intelligeremus.
943 1349 1041 1396 llic
1090 1349 1239 1411 igitur
1285 1364 1458 1396 servus
1507 1350 1703 1409 statim,
1752 1350 1837 1397 nbi
1886 1365 2006 1399 con-

313 1427 478 1492 spexit
512 1425 762 1486 Orestem,
800 1444 859 1476 eo
896 1429 1063 1490 modo,
1101 1444 1197 1492 quo
1221 1429 1404 1476 Persae
1439 1445 1607 1492 regem
1645 1429 1822 1489 solent,
1856 1444 2006 1478 vene-‘-

309 1512 449 1554 ratur
497 1512 549 1553 et
590 1506 834 1555 clamasse
883 1523 967 1564 se,
1013 1515 1073 1557 ut
1119 1508 1291 1556 Oresti
1337 1509 1709 1570 subveniretur,
1762 1513 2006 1558 testaturz

309 1587 498 1649 optimo
534 1586 667 1635 enim
703 1589 809 1636 iure
844 1588 1116 1648 Helenam,
1165 1588 1356 1636 etiamsi
1399 1588 1583 1652 triplici
1619 1593 1822 1652 gutture
1857 1604 2006 1654 prae-

309 1667 413 1715 dita
461 1666 670 1727 fuisset,
717 1668 985 1729 iugulatam
1031 1670 1173 1722 sore,
1221 1667 1373 1731 idque
1419 1668 1695 1717 iuramento
1730 1668 2006 1729 confirmat,

306 1745 500 1795 ferrum
548 1747 897 1797 vehementius
932 1765 1078 1812 quam
1114 1749 1400 1813 Gorgonem
1436 1748 1646 1797 horrens
1682 1754 1735 1798 et
1768 1749 1830 1797 ad
1864 1747 2006 1811 quid-

305 1826 428 1876 libet
460 1826 764 1889 faciendum,
800 1829 1070 1878 dummodo
1097 1835 1305 1877 mortem
1332 1827 1553 1893 effugiat,
1588 1835 1802 1894 paratus.
1863 1828 2006 1877 Haec

306 1921 454 1955 servo
502 1915 807 1972 extorquens
854 1909 1064 1959 Orestes
1111 1926 1206 1958 non
1252 1925 1346 1972 per
1394 1910 1557 1956 iocum
1606 1909 1859 1958 timiditati
1893 1909 2005 1957 eins

306 1986 539 2048 insultat,
587 1988 639 2035 id
688 1990 821 2053 quod
865 1998 1088 2038 veterum
1136 1989 1337 2053 quidam
1386 1989 1573 2052 opinati
1618 2005 1732 2038 esse
1771 1988 2005 2038 videntur

304 2066 442 2128 (vide
488 2067 644 2117 schol.
682 2070 744 2118 ad
778 2086 824 2120 v,
862 2072 1066 2134 1505.)‚
1113 2070 1203 2118 sed
1253 2076 1402 2133 auget
1449 2085 1732 2126 servorum,
1785 2084 1999 2133 quornm

302 2147 434 2195 vitae
468 2149 716 2212 pepercit,
751 2165 1003 2213 pavorem,
1038 2157 1109 2212 ut,
1155 2150 1313 2199 donec
1348 2150 1399 2196 in
1433 2150 1684 2214 angustias
1708 2149 2001 2199 Menelaum

304 2227 618 2291 compulerit,
656 2229 928 2291 quiescant.

436 2305 694 2356 Obseratis
755 2308 938 2356 deinde
992 2307 1185 2355 foribus
1246 2304 1531 2354 incendium
1579 2305 1778 2355 aedium
1825 2306 2001 2371 parant

304 2385 512 2434 Orestes
545 2403 603 2436 ac
639 2387 886 2451 Pylades,
936 2388 1050 2437 dum
1097 2386 1381 2436 Menelaum
1417 2392 1744 2451 exspectant:
1792 2400 1891 2450 quo
1935 2382 2000 2433 ad

300 2467 526 2515 nuntium
573 2475 894 2530 accurrente,
941 2468 1015 2515 illi
1058 2483 1173 2515 cum
1219 2466 1421 2515 Electra
1468 2472 1655 2515 stantes
1694 2466 1745 2514 in
1797 2464 1998 2528 fastigio

300 2546 496 2595 aedium
533 2563 644 2596 cum
680 2549 878 2598 facibus
912 2547 1216 2608 ardentibus,
1255 2547 1469 2595 mediam
1506 2547 1634 2595 inter
1669 2562 1724 2595 se
1760 2544 1998 2594 Hermio-

299 2642 414 2676 nam
437 2634 680 2691 tenentes,
716 2629 882 2692 gladio
913 2628 1095 2678 cervici
1119 2627 1372 2691 imposito,
1399 2627 1646 2676 convulsis
1681 2624 1997 2691 suggrundis,

299 2723 423 2772 quas
458 2708 510 2756 in
543 2716 694 2774 caput
730 2709 975 2768 Menelai,
1022 2709 1064 2756 si
1097 2709 1230 2756 forte
1265 2714 1435 2771 portas
1470 2707 1737 2772 effringere
1770 2709 1998 2761 conetur,

299 2787 584 2848 demittant,
636 2795 849 2838 mortem
898 2797 951 2838 et
994 2789 1092 2853 ipsi
1127 2794 1177 2836 et
1208 2787 1343 2836 filiae
1377 2786 1432 2837 et
1463 2787 1751 2836 incendium
1785 2785 1997 2834 aedibus

297 2867 584 2916 minitantes
613 2872 888 2934 postulant,
914 2876 969 2918 ut
988 2869 1181 2934 Argivis
1207 2869 1524 2931 persuadeat,
1551 2873 1604 2915 ut
1630 2865 1996 2915 damnationem

297 2947 475 3010 capitis
510 2950 754 3000 aboleant.
825 2951 971 2999 Solus
997 2949 1206 2998 Orestes
1244 2949 1394 2997 verba
1418 2949 1556 3005 facit,
1593 2947 1741 2995 mutis
1764 2944 1993 3010 personis

297 3026 500 3091 Pyladis
543 3036 692 3093 atque
729 3030 962 3080 Electrae
977 3027 1047 3093 *),
1078 3035 1128 3076 et
1160 3028 1235 3076 fas
1273 3045 1387 3076 esse
1423 3028 1667 3076 scelestos
1700 3026 1879 3075 tollere
1915 3022 1991 3071 af·-

295 3106 495 3168 firmat,
543 3116 595 3158 et
637 3111 814 3160 iustius
851 3128 906 3160 se
939 3126 1082 3174 quam
1121 3106 1406 3156 Menelaum
1441 3123 1648 3171 regnum
1685 3112 1736 3154 et
1766 3101 1992 3168 auspicia

295 3186 513 3236 habere:
563 3206 675 3239 esse
726 3193 854 3240 enim
903 3207 986 3252 se,
1034 3189 1254 3253 quamvis
1302 3204 1473 3236 manus
1522 3185 1784 3251 polluerit,
1822 3181 1991 3232 mente

296 3283 494 3331 purum.
577 3269 751 3321 Potuit
796 3273 895 3320 iam
940 3269 1195 3335 tragoedia
1241 3268 1335 3317 hac
1386 3268 1579 3316 ratione
1625 3263 1886 3355 concludi,
1935 3266 1992 3311 ut

352 3435 404 3489 *)
432 3436 614 3481 Tertius
643 3438 854 3481 nimirum
883 3440 1008 3480 actor
1037 3448 1255 3492 personae
1283 3433 1502 3490 Apollinis
1528 3431 1828 3476 reservandus
1859 3428 1957 3473 fuit.
