2124 3860
950 263 1101 340 '315

178 433 345 498 imago
379 430 591 481 miserae
623 444 886 479 mammam
922 426 1257 487 ostendentiS,
1306 425 1444 473 humi
1479 424 1652 485 fusae,
1700 439 1858 490 genua

180 512 557 578 amplectentis,
603 515 823 559 mentum
856 526 1001 558 manu
1035 506 1337 574 prensantiS,
1372 505 1722 555 miserabiliter
1756 506 1861 554 cla-

181 595 394 642 mantis:
429 608 492 655 „0
528 593 627 652 tili,
664 590 874 656 supplex
907 595 960 638 te
995 604 1112 648 oro,
1147 592 1355 635 matrem
1392 601 1455 634 ne
1491 586 1737 635 occidas?
1805 586 1859 634 In

180 674 269 724 tali
303 674 544 737 adspectu
580 688 676 721 non
711 678 787 719 est
821 669 1112 726 mirandum,
1149 667 1280 730 quod
1316 666 1470 714 telum
1498 683 1643 714 manu
1665 666 1860 715 Orestis

183 754 394 814 excidit3
444 753 532 801 sed
579 752 893 801 confirmatus
928 764 1050 796 voce
1085 747 1297 806 sororis,
1335 746 1530 794 obiecto
1566 748 1720 795 oculis
1755 748 1861 811 pal-

181 834 279 892 lio,
330 833 578 882 redditum
626 833 685 879 ab
735 831 815 878 illa
865 828 1052 877 ferrum
1098 829 1146 876 iu
1182 826 1422 874 cervicem
1460 827 1631 875 matris
1667 827 1863 875 fortiter

183 913 392 962 deiecit:
441 914 511 960 sic
555 912 748 960 facinus
795 908 1128 958 miserrimum
1173 913 1417 971 patratum
1465 911 1560 955 est.
1627 907 1730 955 Iam
1765 922 1862 956 non

182 993 392 1058 amplius
417 992 638 1041 ferentes
671 992 962 1055 adspectum
992 990 1173 1037 misere
1199 988 1477 1036 trucidatae
1506 987 1724 1053 vestibus
1749 1004 1862 1036 cor-

182 1089 275 1137 pus
304 1078 587 1136 contegunt.
649 1072 856 1121 Gravior
891 1076 942 1118 et
977 1069 1038 1118 ad
1074 1068 1369 1117 movendum
1403 1068 1612 1116 validior
1646 1068 1863 1116 narratio

183 1169 353 1202 rerum
402 1154 529 1201 intus
566 1159 816 1217 gestarum
853 1151 961 1198 fieri
1008 1150 1140 1198 nulla
1174 1150 1350 1214 potuit.
1423 1148 1699 1212 Sophocles
1744 1163 1863 1198 vero

182 1249 344 1295 neque
379 1248 629 1297 exponere
664 1233 779 1281 talia
814 1231 998 1279 curavit
1031 1246 1192 1293 neque
1227 1228 1374 1276 ullam
1412 1228 1597 1276 doloris
1637 1229 1715 1276 vel
1746 1245 1865 1292 poe-

182 1313 419 1360 nitentiae
456 1312 864 1376 significationem
894 1311 944 1358 in
969 1311 1137 1357 matris
1160 1308 1507 1356 interfectores
1533 1308 1714 1358 cadere
1736 1310 1864 1358 iudi-

181 1393 336 1450 cavit,
372 1398 429 1440 ut
463 1407 611 1439 sensu
646 1390 964 1440 humanitatis
1000 1390 1163 1453 ipsum
1199 1405 1294 1437 non
1329 1390 1520 1448 minus,
1565 1406 1711 1453 quam
1748 1407 1863 1453 per-

180 1487 343 1531 sonae,
377 1488 497 1535 quas
532 1471 743 1531 effinxit,
779 1470 1072 1520 destitutum
1108 1469 1264 1517 fuisse
1299 1476 1463 1534 putes.
1534 1469 1696 1532 Quid,
1733 1470 1864 1533 quod

180 1567 209 1599 a
253 1553 424 1600 matris
474 1556 628 1601 caede
678 1552 907 1600 continuo
954 1551 1014 1598 ad
1065 1551 1269 1599 alteram
1316 1534 1522 1598 ‘caedem
1574 1551 1866 1614 patrandam

181 1633 438 1682 carnifices
475 1634 727 1699 pergunt‘}
772 1631 931 1680 Tanta
964 1631 1236 1680 animorum
1272 1630 1476 1678 durities
1518 1631 1560 1677 si
1597 1632 1723 1679 illius
1757 1648 1866 1680 sae·
1929 1671 1933 1675 .

181 1714 280 1762 culi
329 1714 606 1762 hominibus
660 1713 835 1771 infuit,
886 1719 942 1760 ut
1001 1717 1207 1775 possent
1253 1711 1609 1776 parricidarum
1662 1711 1869 1764 victoria

182 1794 406 1858 gaudere
450 1809 610 1855 neque
655 1799 959 1857 repugnante
994 1799 1165 1840 natura
1201 1792 1526 1854 comprobare
1561 1808 1686 1854 quae
1720 1799 1865 1842 natu-

182 1888 270 1920 rae
319 1879 617 1937 repugnant,
669 1875 856 1938 magnis
906 1872 1133 1937 profecto
1179 1872 1408 1920 laudibus
1444 1872 1754 1920 extollendus
1790 1877 1868 1921 est

181 1951 475 2016 Euripides,
513 1954 597 2016 qui
628 1954 819 2002 insitam
856 1955 1013 2018 gentis
1047 1953 1297 2001 feritatem
1333 1953 1571 2016 mitigarit
1607 1962 1659 2001 et
1692 1954 1867 2002 huma·-

180 2032 346 2080 nitatis
382 2048 530 2080 sensu
564 2034 754 2082 animos
788 2035 1040 2100 homiuum
1074 2035 1360 2081 immanium
1398 2034 1587 2097 primus
1615 2034 1867 2083 imbuerit.

181 2112 283 2162 Sed
319 2112 510 2176 pridem
549 2112 732 2162 Graeci
778 2114 1040 2173 duritiam,
1085 2130 1211 2178 quae
1247 2115 1420 2178 priscis
1457 2114 1674 2161 insuerat
1706 2114 1865 2162 homi-

181 2191 344 2254 nibus,
380 2193 738 2257 deposuerant:
780 2194 974 2258 pridem
1012 2195 1143 2242 enim
1179 2194 1384 2243 credere
1411 2195 1682 2258 parricidas
1708 2212 1734 2242 a
1764 2195 1865 2243 Fu-

180 2272 267 2322 riis
302 2273 477 2335 agitari
515 2279 808 2338 coeperant,
845 2274 1081 2338 solusque
1115 2273 1392 2338 Sophocles
1427 2277 1734 2324 accusandus
1771 2281 1866 2336 est,

180 2352 313 2417 quod
364 2354 600 2402 saevioris
650 2369 794 2418 quam
839 2355 1191 2404 mansuetioris
1239 2355 1425 2404 saeculi
1470 2372 1637 2404 mores
1685 2356 1866 2405 imitari

181 2434 370 2482 maluit.

315 2513 489 2562 Finem
523 2513 674 2562 luctui
696 2514 939 2575 Dioscuri,
975 2515 1145 2563 matris
1181 2515 1383 2578 fratres,
1418 2515 1675 2578 imponunt
1698 2516 1866 2565 subito

183 2601 506 2658 apparentes,
570 2594 819 2659 iidemque
862 2613 942 2644 res
992 2603 1308 2660 componunt.
1387 2596 1548 2645 Patria
1596 2597 1864 2646 carendum

185 2679 266 2723 est
299 2674 577 2738 parricidis,
613 2675 913 2739 insuperque
936 2677 1105 2726 Oresti
1137 2677 1395 2726 Furiarum
1424 2677 1640 2741 impetus
1668 2682 1718 2725 et
1750 2693 1863 2726 cru·-

186 2754 344 2802 ciatus
397 2755 670 2803 sustinendi
729 2763 857 2805 sunt.
939 2757 1171 2807 Ceterum
1227 2758 1429 2806 Electra
1481 2757 1656 2821 Pyladi
1712 2761 1866 2821 nupta

188 2834 339 2882 vitam
375 2834 608 2897 reliquam
646 2837 839 2885 beatam
865 2844 1029 2886 actura
1058 2846 1161 2898 est3
1199 2838 1406 2887 Orestes
1435 2839 1734 2902 agitantibus
1761 2837 1865 2887 Fu-

186 2914 274 2963 riis
325 2915 543 2963 Athenas
594 2917 850 2980 profectus
896 2919 1076 2967 auxilio
1122 2919 1367 2983 Apollinis
1411 2925 1463 2967 et
1497 2918 1752 2967 Minervae
1788 2926 1865 2969 tu-

186 3000 266 3044 tus
316 2995 412 3043 erit
457 3003 508 3043 et
543 2995 777 3046 liberatus
820 2999 1065 3065 supplicio
1099 3001 1268 3048 urbem
1305 2998 1552 3049 Orestiam
1599 3000 1730 3066 apud
1777 3000 1864 3049 Al-

185 3075 373 3140 pheum
423 3076 602 3124 flumen
638 3078 922 3128 conditurus
959 3087 1054 3131 est.
1124 3080 1257 3136 Cum,
1285 3080 1360 3129 his
1393 3082 1700 3147 praedicatio
1747 3080 1865 3129 reli-

186 3157 386 3219 gionum
425 3156 858 3222 institutorumque
891 3161 1267 3210 Atheniensium
1309 3163 1637 3228 coniungitur.
1705 3160 1864 3209 Miser

185 3241 264 3284 est
306 3235 543 3296 orestes,
595 3238 680 3299 qui
725 3255 874 3302 quum
913 3248 1027 3307 post
1061 3242 1258 3306 longum
1292 3248 1488 3309 tempus
1537 3244 1615 3292 vix
1655 3241 1863 3306 patriam

185 3319 240 3364 et
282 3331 504 3365 sororem
550 3317 755 3379 viderit,
812 3323 1035 3386 protinus
1081 3327 1347 3387 conspectu
1394 3325 1651 3388 utriusque
1699 3323 1863 3370 denuo

184 3394 405 3459 privatur
438 3397 490 3445 in
527 3404 820 3463 perpetuum
853 3402 914 3451 iis
948 3403 1206 3453 cariturus.
1276 3404 1431 3454 Cuius
1461 3409 1651 3453 moesta
1679 3401 1864 3451 saluta-
