2170 3848
967 238 1086 296 169

185 386 266 437 cul
297 384 561 446 recedere,
596 385 754 451 ipsam
789 389 952 435 autem
986 383 1177 434 vincula
1208 383 1459 447 hospitum
1495 398 1641 433 manu
1674 386 1846 433 tenen·

184 473 305 528 tem,
340 471 568 529 tanquam
603 482 778 515 arcana
810 482 949 515 sacra
980 465 1253 525 facturam,
1289 479 1318 511 e
1355 470 1622 526 conspectu
1654 463 1844 512 abiisse.

185 546 402 596 Audisse
436 562 492 594 se
519 546 788 594 identidem
815 545 1032 593 ululatus
1057 544 1282 592 edentem
1318 549 1370 591 et
1402 542 1615 591 carmina
1650 548 1846 592 cantan-

184 632 287 675 tem
335 627 607 690 peregrina.
677 625 794 674 Post
839 624 1035 687 longum
1067 622 1398 682 intervallum,
1434 639 1608 685 quum,
1656 623 1847 671 abiecta

186 705 455 755 formidine
500 713 648 769 atque
690 704 953 768 religione,
999 701 1173 749 famuli
1217 701 1421 766 propius
1469 703 1710 751 accedere
1743 702 1849 751 ausi

189 791 387 848 essent,
435 801 604 834 navem
649 785 806 832 nautis
850 783 1089 846 repletam
1135 781 1329 844 iamque
1376 781 1439 830 ad
1474 798 1669 830 cursum
1706 798 1848 847 para-

189 869 289 914 tam
324 865 536 922 vidisse,
570 859 768 910 iuvenes
803 869 969 910 autem
1003 862 1127 910 duos
1171 860 1380 910 vinculis
1415 861 1600 910 solutos
1634 877 1662 908 a
1695 861 1852 926 puppi

190 951 377 993 stantes
411 949 557 1004 atque
590 942 859 990 ascendere
880 946 1128 989 conantes.
1178 939 1307 990 Tum
1333 957 1405 1002 se,
1441 940 1634 1004 cognita
1657 940 1851 1000 fraude,

189 1028 242 1072 et
285 1022 524 1084 virginem
568 1026 621 1070 et
666 1021 900 1070 rudentes
948 1021 1169 1069 manibus
1218 1021 1481 1070 retinuisse
1517 1026 1569 1069 et
1600 1020 1854 1069 revellisse

188 1100 541 1166 gubernacula,
589 1116 760 1148 navem
804 1115 896 1165 per
930 1101 1024 1148 vim
1058 1101 1276 1149 retinere
1310 1104 1558 1149 conantes.
1627 1100 1727 1148 Sed
1761 1116 1852 1164 pu·

187 1181 294 1244 gnis
333 1181 564 1229 iuvenum
598 1181 647 1228 in
681 1180 851 1242 latera,
885 1181 932 1228 in
967 1181 1143 1244 capita,
1178 1181 1229 1227 in
1263 1179 1432 1227 oculos
1467 1179 1694 1244 impactis
1729 1180 1854 1229 adeo

189 1276 303 1310 esse
326 1267 574 1321 contusoS‚
599 1267 654 1308 ut
673 1260 721 1306 in
751 1260 1078 1324 propinquum
1102 1260 1276 1308 collem
1297 1274 1352 1306 se
1373 1257 1599 1322 recipere
1619 1275 1853 1324 cogeren-

188 1345 298 1400 tur;
336 1340 470 1401 inde,
512 1355 624 1387 cum
662 1339 879 1404 lapidum
920 1340 1052 1389 iactu
1092 1339 1263 1388 hostes
1301 1343 1544 1402 peterent,
1575 1340 1855 1405 sagittario-

188 1435 296 1468 rum
322 1419 435 1468 telis
470 1436 498 1467 e
523 1420 678 1485 puppi
702 1420 863 1468 missis
894 1419 1120 1483 repulsos
1153 1434 1278 1467 8888.
1324 1417 1533 1476 Interea,
1571 1435 1680 1469 cum
1705 1420 1855 1470 vehe-

189 1515 328 1548 mens
362 1500 491 1549 unda
535 1516 709 1548 navem
751 1500 813 1548 ad
846 1504 1031 1548 terram.
1065 1498 1361 1563 appulisset,
1397 1497 1627 1547 Orestem
1664 1500 1856 1549 sublata

189 1578 238 1628 in
267 1579 527 1627 humerum
551 1595 720 1628 sorore
746 1596 857 1628 cum
888 1580 1162 1641 simulacro,
1185 1593 1603 1643 progressumque
1628 1579 1678 1628 in
1701 1596 1855 1642 mare,

191 1659 320 1707 saltu
365 1675 458 1724 per
505 1659 662 1707 scalas
710 1660 954 1730 evasisse·
976 1665 1026 1707 et
1070 1659 1303 1723 praedam
1350 1658 1399 1706 in
1434 1659 1542 1705 navi
1577 1660 1858 1709 collocasse.

190 1736 321 1786 Tum
356 1754 488 1798 vero,
524 1754 672 1800 quum
707 1755 763 1786 se
795 1740 977 1803 potitos
1014 1754 1128 1786 esse
1154 1739 1376 1786 viderent
1408 1736 1482 1797 iis,
1519 1752 1725 1800 quorum
1746 1755 1858 1804 gra-

191 1817 260 1864 tia
293 1817 387 1865 iter
421 1824 768 1881 susceperant,
816 1833 1012 1880 omnes,
1061 1834 1170 1866 cum
1206 1818 1336 1866 laeto
1369 1815 1573 1865 fremitu
1607 1818 1753 1865 remis
1787 1819 1860 1868 in-

196 1897 502 1958 cumbentes,
537 1913 672 1946 mare
706 1898 944 1961 pulsasse.
1011 1898 1108 1959 At,
1144 1897 1252 1944 navi
1286 1897 1364 1944 vix
1398 1911 1427 1944 e
1462 1901 1608 1959 portu
1642 1913 1858 1962 egressa,

195 1975 537 2025 vehementem
587 1976 748 2025 subito
802 1983 1022 2025 coortum
1068 1992 1180 2025 esse
1222 1982 1450 2038 ventum,
1503 1976 1641 2024 cuius
1674 1977 1860 2042 impetu

197 2070 368 2103 navem
403 2071 571 2104 rursus
617 2056 679 2104 ad
713 2062 895 2104 terram
929 2057 1163 2105 reiectam
1200 2072 1329 2107 esse.
1398 2055 1695 2119 Implorasse
1729 2056 1861 2121 lphi-

197 2135 392 2200 geniam
438 2151 583 2200 opem
630 2136 840 2199 Dianae,
889 2142 1062 2185 nautas
1109 2140 1276 2185 autem
1326 2136 1472 2185 simul
1509 2134 1668 2184 fausta
1701 2138 1861 2186 accla-

198 2216 412 2264 matione
448 2225 501 2264 et
532 2211 719 2279 paeane
760 2232 937 2280 preces
971 2216 1174 2280 virginis
1210 2216 1491 2280 excepisse,
1540 2216 1684 2264 simul
1719 2217 1862 2268 nudis

195 2292 393 2343 lacertis
428 2311 483 2343 se
516 2297 576 2344 ad
612 2312 774 2344 remos
810 2297 1111 2362 applicasse;
1163 2296 1253 2345 sed
1304 2297 1456 2360 magis
1492 2297 1743 2360 magisque
1778 2315 1862 2347 na-

196 2389 306 2422 vem
340 2375 403 2423 ad
437 2376 666 2440 scopulos
700 2377 932 2425 reiectam
969 2392 1107 2438 esse,
1152 2383 1209 2426 ut
1248 2376 1467 2425 nonnulli
1509 2377 1556 2424 in
1603 2393 1739 2426 mare
1773 2379 1862 2427 de—

122 2448 123 2451 '
199 2453 418 2514 silirent,
480 2456 559 2503 alii
625 2471 825 2504 ancoras
869 2457 1150 2522 religarent.
1238 2455 1306 2504 Se
1354 2462 1517 2504 autem
1569 2455 1675 2505 sine
1726 2473 1864 2509 mora

198 2534 414 2596 redisse,
449 2540 505 2584 ut
538 2536 641 2599 regi
678 2536 945 2585 discrimen
979 2536 1226 2585 nuntiaret
1258 2536 1650 2600 peregrinorum,
1686 2537 1862 2600 quibus

201 2620 406 2678 propter
449 2615 573 2664 iram
606 2615 825 2680 Neptuni
871 2632 987 2681 spes
1033 2616 1205 2666 salutis
1250 2615 1382 2666 nulla
1416 2614 1607 2678 reliqua
1641 2631 1755 2666 esse
1788 2618 1862 2667 vi-

201 2691 419 2745 deretur.

331 2772 664 2826 Difficultaten
697 2778 841 2827 aliam
874 2793 1024 2842 super
1046 2777 1187 2826 aliam
1215 2777 1399 2827 invenit
1433 2781 1594 2842 poeta,
1629 2793 1725 2842 quo
1748 2793 1863 2843 spe-

204 2855 453 2902 ctarentur
500 2856 729 2906 iuvenum
772 2858 963 2922 ingenia
1010 2864 1156 2923 atque
1191 2859 1360 2907 virtus.
1428 2857 1664 2906 Extremo
1699 2864 1864 2909 tamen

201 2931 551 2997 impedimento
587 2952 754 2985 carere
786 2939 959 3001 potuit,
994 2938 1036 2985 si
1070 2939 1166 2986 hoc
1198 2943 1389 2986 tantum
1424 2943 1663 2999 curasset,
1695 2944 1751 2986 ut
1785 2955 1864 2987 ar-

202 3014 421 3076 gumenti
472 3016 797 3079 explicaretur
842 3019 1016 3069 exitus.
1083 3018 1347 3068 Abstinens
1399 3017 1532 3066 enim
1579 3018 1662 3065 illo
1708 3019 1864 3082 impe-

203 3091 421 3141 dimento
456 3094 533 3142 dei
569 3095 843 3146 interventu
887 3114 1056 3147 carere
1103 3099 1288 3163 potuit:
1340 3113 1452 3146 nam
1493 3098 1600 3144 navi
1650 3097 1866 3146 secundo

205 3178 353 3220 vento
388 3173 436 3220 in
472 3174 619 3223 altum
650 3183 815 3225 evecta
839 3178 916 3226 vix
938 3178 1209 3227 timendum
1239 3183 1363 3237 erat,
1398 3194 1460 3227 ne
1484 3178 1688 3238 barbari,
1722 3193 1866 3241 prae-

207 3252 379 3300 sertim
417 3253 459 3302 si
494 3272 641 3303 naves
675 3256 830 3305 nullas
876 3266 1071 3322 paratas
1116 3259 1387 3319 haberent,
1433 3262 1866 3320 consequerentur.

205 3328 410 3381 Planum
445 3341 523 3384 est
555 3336 705 3400 igitur
737 3352 833 3386 non
861 3334 927 3386 'ad
949 3351 1043 3388 res
1090 3338 1448 3402 expediendas,
1493 3336 1867 3386 difficultatibus

210 3410 309 3461 iam
343 3419 519 3479 sponte
552 3415 757 3478 solutis,
791 3417 937 3468 deum
971 3418 1227 3482 arcessiri,
1277 3419 1368 3469 sed
1399 3419 1461 3468 ad
1495 3414 1758 3482 aperienda
1791 3431 1865 3476 ea,
