<?xml version="1.0" encoding="UTF-8"?>
<!DOCTYPE html PUBLIC "-//W3C//DTD XHTML 1.0 Transitional//EN"
    "http://www.w3.org/TR/xhtml1/DTD/xhtml1-transitional.dtd">
<html xmlns="http://www.w3.org/1999/xhtml" xml:lang="en" lang="en">
 <head>
  <title>
</title>
<meta http-equiv="Content-Type" content="text/html;charset=utf-8" />
  <meta name='ocr-system' content='tesseract 3.04.00' />
  <meta name='ocr-capabilities' content='ocr_page ocr_carea ocr_par ocr_line ocrx_word'/>
</head>
<body>
  <div class='ocr_page' id='page_1' title='image "./euripidesrestitu02hartuoft_0118.png"; bbox 0 0 2170 3848; ppageno 0'>
   <div class='ocr_carea' id='block_1_1' title="bbox 1133 266 1253 321">
    <p class='ocr_par' dir='ltr' id='par_1_1' title="bbox 1133 266 1253 321">
     <span class='ocr_line' id='line_1_1' title="bbox 1133 266 1253 321; baseline 0.008 -1"><span class='ocrx_word' id='word_1_1' title='bbox 1133 266 1253 321; x_wconf 87' lang='grc'><strong>106</strong></span> 
     </span>
    </p>
   </div>
   <div class='ocr_carea' id='block_1_2' title="bbox 368 409 2035 2065">
    <p class='ocr_par' dir='ltr' id='par_1_2' title="bbox 368 409 2035 2065">
     <span class='ocr_line' id='line_1_2' title="bbox 373 409 2030 475; baseline -0.002 -14"><span class='ocrx_word' id='word_1_2' title='bbox 373 418 480 461; x_wconf 84' lang='lat' dir='ltr'><strong>erat</strong></span> <span class='ocrx_word' id='word_1_3' title='bbox 527 412 655 475; x_wconf 86' lang='lat' dir='ltr'><strong>apud</strong></span> <span class='ocrx_word' id='word_1_4' title='bbox 699 411 933 459; x_wconf 81' lang='lat' dir='ltr'><strong>Isthmum</strong></span> <span class='ocrx_word' id='word_1_5' title='bbox 985 410 1231 460; x_wconf 88' lang='lat' dir='ltr'><strong>Corinthi.</strong></span> <span class='ocrx_word' id='word_1_6' title='bbox 1301 409 1487 458; x_wconf 86' lang='lat' dir='ltr'><strong>Cursus</strong></span> <span class='ocrx_word' id='word_1_7' title='bbox 1532 417 1694 460; x_wconf 87' lang='lat' dir='ltr'><strong>autem</strong></span> <span class='ocrx_word' id='word_1_8' title='bbox 1750 417 1859 462; x_wconf 84' lang='lat' dir='ltr'><strong>erat</strong></span> <span class='ocrx_word' id='word_1_9' title='bbox 1892 411 2030 460; x_wconf 85' lang='lat' dir='ltr'><strong>eius-</strong></span> 
     </span>
     <span class='ocr_line' id='line_1_3' title="bbox 372 488 2029 555; baseline -0.001 -15"><span class='ocrx_word' id='word_1_10' title='bbox 372 492 521 540; x_wconf 85' lang='lat' dir='ltr'><strong>modi.</strong></span> <span class='ocrx_word' id='word_1_11' title='bbox 587 490 865 538; x_wconf 86' lang='lat' dir='ltr'><strong>Oenomaus</strong></span> <span class='ocrx_word' id='word_1_12' title='bbox 925 490 1128 536; x_wconf 85' lang='lat' dir='ltr'><strong>arietem</strong></span> <span class='ocrx_word' id='word_1_13' title='bbox 1187 488 1287 536; x_wconf 81' lang='lat' dir='ltr'><strong>lovi</strong></span> <span class='ocrx_word' id='word_1_14' title='bbox 1348 490 1676 550; x_wconf 84' lang='lat' dir='ltr'><strong>sacrificabat3</strong></span> <span class='ocrx_word' id='word_1_15' title='bbox 1732 493 1813 555; x_wconf 90' lang='lat' dir='ltr'><strong>qui</strong></span> <span class='ocrx_word' id='word_1_16' title='bbox 1868 498 2029 540; x_wconf 89' lang='lat' dir='ltr'><strong>autem</strong></span> 
     </span>
     <span class='ocr_line' id='line_1_4' title="bbox 370 567 2029 633; baseline 0.002 -16"><span class='ocrx_word' id='word_1_17' title='bbox 370 569 606 633; x_wconf 82' lang='lat' dir='ltr'><strong>virginem</strong></span> <span class='ocrx_word' id='word_1_18' title='bbox 653 569 959 632; x_wconf 73' lang='lat' dir='ltr'><strong>postulabat,</strong></span> <span class='ocrx_word' id='word_1_19' title='bbox 1013 573 1239 631; x_wconf 84' lang='lat' dir='ltr'><strong>quattuor</strong></span> <span class='ocrx_word' id='word_1_20' title='bbox 1287 583 1523 630; x_wconf 85' lang='lat' dir='ltr'><strong>equorum</strong></span> <span class='ocrx_word' id='word_1_21' title='bbox 1574 567 1821 618; x_wconf 82' lang='lat' dir='ltr'><strong>ferebatur</strong></span> <span class='ocrx_word' id='word_1_22' title='bbox 1868 586 2029 628; x_wconf 80' lang='lat' dir='ltr'><strong>curru.</strong></span> 
     </span>
     <span class='ocr_line' id='line_1_5' title="bbox 373 646 2033 715; baseline 0.001 -20"><span class='ocrx_word' id='word_1_23' title='bbox 373 649 535 697; x_wconf 87' lang='lat' dir='ltr'><strong>Sacris</strong></span> <span class='ocrx_word' id='word_1_24' title='bbox 585 649 782 697; x_wconf 88' lang='lat' dir='ltr'><strong>demum</strong></span> <span class='ocrx_word' id='word_1_25' title='bbox 826 665 941 711; x_wconf 86' lang='lat' dir='ltr'><strong>pera</strong></span> <span class='ocrx_word' id='word_1_26' title='bbox 949 648 1040 696; x_wconf 90' lang='lat' dir='ltr'><strong>ctis</strong></span> <span class='ocrx_word' id='word_1_27' title='bbox 1053 683 1067 707; x_wconf 89' lang='lat'>,</span> <span class='ocrx_word' id='word_1_28' title='bbox 1120 646 1400 695; x_wconf 82' lang='lat' dir='ltr'><strong>Oenomaus</strong></span> <span class='ocrx_word' id='word_1_29' title='bbox 1451 662 1650 696; x_wconf 89' lang='lat' dir='ltr'><strong>cursum</strong></span> <span class='ocrx_word' id='word_1_30' title='bbox 1684 649 1947 715; x_wconf 80' lang='lat' dir='ltr'><strong>incipiebat</strong></span> <span class='ocrx_word' id='word_1_31' title='bbox 1980 654 2033 696; x_wconf 88' lang='lat' dir='ltr'><strong>et</strong></span> 
     </span>
     <span class='ocr_line' id='line_1_6' title="bbox 372 727 2032 792; baseline 0 -16"><span class='ocrx_word' id='word_1_32' title='bbox 372 728 665 790; x_wconf 83' lang='lat' dir='ltr'><strong>sequebatur</strong></span> <span class='ocrx_word' id='word_1_33' title='bbox 698 727 1070 791; x_wconf 83' lang='lat' dir='ltr'><strong>praecedentem</strong></span> <span class='ocrx_word' id='word_1_34' title='bbox 1087 763 1100 787; x_wconf 89' lang='lat'>‚</span> <span class='ocrx_word' id='word_1_35' title='bbox 1147 742 1318 775; x_wconf 84' lang='lat' dir='ltr'><strong>secum</strong></span> <span class='ocrx_word' id='word_1_36' title='bbox 1361 727 1549 775; x_wconf 90' lang='lat' dir='ltr'><strong>habens</strong></span> <span class='ocrx_word' id='word_1_37' title='bbox 1584 727 1773 775; x_wconf 84' lang='lat' dir='ltr'><strong>hastam</strong></span> <span class='ocrx_word' id='word_1_38' title='bbox 1808 735 1860 776; x_wconf 84' lang='lat' dir='ltr'><strong>et</strong></span> <span class='ocrx_word' id='word_1_39' title='bbox 1890 729 2032 792; x_wconf 75' lang='lat' dir='ltr'><strong>Myr-</strong></span> 
     </span>
     <span class='ocr_line' id='line_1_7' title="bbox 371 806 2032 875; baseline 0 -20"><span class='ocrx_word' id='word_1_40' title='bbox 371 807 509 855; x_wconf 84' lang='lat' dir='ltr'><strong>tilum</strong></span> <span class='ocrx_word' id='word_1_41' title='bbox 544 807 778 870; x_wconf 87' lang='lat' dir='ltr'><strong>aurigam.</strong></span> <span class='ocrx_word' id='word_1_42' title='bbox 846 806 1029 855; x_wconf 83' lang='lat' dir='ltr'><strong>Nactus</strong></span> <span class='ocrx_word' id='word_1_43' title='bbox 1063 822 1172 875; x_wconf 85' lang='lat' dir='ltr'><strong>eum</strong></span> <span class='ocrx_word' id='word_1_44' title='bbox 1187 843 1199 863; x_wconf 91' lang='lat'><strong>‚</strong></span> <span class='ocrx_word' id='word_1_45' title='bbox 1253 822 1398 869; x_wconf 91' lang='lat' dir='ltr'><strong>quem</strong></span> <span class='ocrx_word' id='word_1_46' title='bbox 1433 806 1824 871; x_wconf 79' lang='lat' dir='ltr'><strong>persequebatur</strong></span> <span class='ocrx_word' id='word_1_47' title='bbox 1835 842 1850 866; x_wconf 93' lang='lat'><strong>,</strong></span> <span class='ocrx_word' id='word_1_48' title='bbox 1890 807 2032 856; x_wconf 84' lang='lat' dir='ltr'><strong>hasta</strong></span> 
     </span>
     <span class='ocr_line' id='line_1_8' title="bbox 368 885 2035 950; baseline 0 -16"><span class='ocrx_word' id='word_1_49' title='bbox 368 886 577 935; x_wconf 82' lang='lat' dir='ltr'><strong>feriebat</strong></span> <span class='ocrx_word' id='word_1_50' title='bbox 590 885 1006 948; x_wconf 88' lang='lat' dir='ltr'><strong>interficiebatque</strong></span> <span class='ocrx_word' id='word_1_51' title='bbox 1020 901 1238 948; x_wconf 86' lang='lat' dir='ltr'><strong>procum.</strong></span> <span class='ocrx_word' id='word_1_52' title='bbox 1271 885 1382 934; x_wconf 86' lang='lat' dir='ltr'><strong>Hoc</strong></span> <span class='ocrx_word' id='word_1_53' title='bbox 1393 891 1534 946; x_wconf 84' lang='lat' dir='ltr'><strong>pacto</strong></span> <span class='ocrx_word' id='word_1_54' title='bbox 1551 901 1661 932; x_wconf 90' lang='lat' dir='ltr'><strong>cum</strong></span> <span class='ocrx_word' id='word_1_55' title='bbox 1676 901 1873 950; x_wconf 87' lang='lat' dir='ltr'><strong>semper</strong></span> <span class='ocrx_word' id='word_1_56' title='bbox 1883 902 2035 949; x_wconf 90' lang='lat' dir='ltr'><strong>equo-</strong></span> 
     </span>
     <span class='ocr_line' id='line_1_9' title="bbox 371 964 2032 1029; baseline 0.001 -16"><span class='ocrx_word' id='word_1_57' title='bbox 371 981 476 1014; x_wconf 84' lang='lat' dir='ltr'><strong>rum</strong></span> <span class='ocrx_word' id='word_1_58' title='bbox 508 965 770 1013; x_wconf 85' lang='lat' dir='ltr'><strong>velocitate</strong></span> <span class='ocrx_word' id='word_1_59' title='bbox 803 971 1151 1029; x_wconf 86' lang='lat' dir='ltr'><strong>assequeretur</strong></span> <span class='ocrx_word' id='word_1_60' title='bbox 1176 965 1410 1026; x_wconf 75' lang='lat' dir='ltr'><strong>aemulos,</strong></span> <span class='ocrx_word' id='word_1_61' title='bbox 1454 964 1638 1013; x_wconf 81' lang='lat' dir='ltr'><strong>multos</strong></span> <span class='ocrx_word' id='word_1_62' title='bbox 1671 965 2032 1017; x_wconf 79' lang='lat' dir='ltr'><strong>interfecerat.”</strong></span> 
     </span>
     <span class='ocr_line' id='line_1_10' title="bbox 502 1043 1871 1094; baseline 0.001 -1"><span class='ocrx_word' id='word_1_63' title='bbox 502 1045 679 1093; x_wconf 85' lang='lat' dir='ltr'><strong>Certus</strong></span> <span class='ocrx_word' id='word_1_64' title='bbox 715 1045 779 1092; x_wconf 91' lang='lat' dir='ltr'><strong>de</strong></span> <span class='ocrx_word' id='word_1_65' title='bbox 813 1045 1017 1092; x_wconf 86' lang='lat' dir='ltr'><strong>victoria</strong></span> <span class='ocrx_word' id='word_1_66' title='bbox 1052 1044 1332 1094; x_wconf 82' lang='lat' dir='ltr'><strong>Oenomaus</strong></span> <span class='ocrx_word' id='word_1_67' title='bbox 1365 1045 1549 1094; x_wconf 85' lang='lat' dir='ltr'><strong>haecce</strong></span> <span class='ocrx_word' id='word_1_68' title='bbox 1584 1043 1734 1093; x_wconf 86' lang='lat' dir='ltr'><strong>dicit:</strong></span> <span class='ocrx_word' id='word_1_69' title='bbox 1868 1093 1871 1094; x_wconf 8' lang='lat' dir='ltr'><strong>a</strong></span> 
     </span>
     <span class='ocr_line' id='line_1_11' title="bbox 500 1123 2033 1191; baseline 0.001 -19"><span class='ocrx_word' id='word_1_70' title='bbox 500 1125 763 1190; x_wconf 82' lang='lat' dir='ltr'><strong>„Atque</strong></span> <span class='ocrx_word' id='word_1_71' title='bbox 831 1124 1004 1174; x_wconf 81' lang='lat' dir='ltr'><strong>hauc</strong></span> <span class='ocrx_word' id='word_1_72' title='bbox 1061 1130 1467 1191; x_wconf 84' lang='lat' dir='ltr'><strong>postremam</strong></span> <span class='ocrx_word' id='word_1_73' title='bbox 1532 1123 1704 1172; x_wconf 77' lang='lat' dir='ltr'><strong>solis</strong></span> <span class='ocrx_word' id='word_1_74' title='bbox 1761 1140 2033 1175; x_wconf 77' lang='lat' dir='ltr'><strong>usuram</strong></span> 
     </span>
     <span class='ocr_line' id='line_1_12' title="bbox 455 1205 1376 1272; baseline 0.001 -17"><span class='ocrx_word' id='word_1_75' title='bbox 455 1245 458 1248; x_wconf 89' lang='lat'>.</span> <span class='ocrx_word' id='word_1_76' title='bbox 701 1244 712 1255; x_wconf 90' lang='lat'><strong>.</strong></span> <span class='ocrx_word' id='word_1_77' title='bbox 1157 1222 1183 1254; x_wconf 88' lang='lat' dir='ltr'><strong>c</strong></span> <span class='ocrx_word' id='word_1_78' title='bbox 1201 1221 1280 1272; x_wconf 83' lang='lat' dir='ltr'><strong>ap</strong></span> <span class='ocrx_word' id='word_1_79' title='bbox 1297 1205 1376 1256; x_wconf 89' lang='lat' dir='ltr'><strong>e.&#39;&#39;</strong></span> 
     </span>
     <span class='ocr_line' id='line_1_13' title="bbox 371 1283 1922 1341; baseline 0 -8"><span class='ocrx_word' id='word_1_80' title='bbox 371 1283 679 1334; x_wconf 87' lang='lat' dir='ltr'><strong>Sacrificium</strong></span> <span class='ocrx_word' id='word_1_81' title='bbox 713 1285 791 1335; x_wconf 86' lang='lat' dir='ltr'><strong>his</strong></span> <span class='ocrx_word' id='word_1_82' title='bbox 826 1284 988 1334; x_wconf 89' lang='lat' dir='ltr'><strong>verbis</strong></span> <span class='ocrx_word' id='word_1_83' title='bbox 1022 1285 1220 1333; x_wconf 82' lang='lat' dir='ltr'><strong>indicit:</strong></span> <span class='ocrx_word' id='word_1_84' title='bbox 1915 1335 1922 1341; x_wconf 63' lang='grc'><strong>,</strong></span> 
     </span>
     <span class='ocr_line' id='line_1_14' title="bbox 502 1363 2032 1437; baseline 0.004 -25"><span class='ocrx_word' id='word_1_85' title='bbox 502 1363 671 1425; x_wconf 79' lang='lat' dir='ltr'><strong>„Vos</strong></span> <span class='ocrx_word' id='word_1_86' title='bbox 746 1365 843 1413; x_wconf 81' lang='lat' dir='ltr'><strong>ite</strong></span> <span class='ocrx_word' id='word_1_87' title='bbox 902 1369 1205 1412; x_wconf 82' lang='lat' dir='ltr'><strong>actutum</strong></span> <span class='ocrx_word' id='word_1_88' title='bbox 1278 1371 1477 1431; x_wconf 86' lang='lat' dir='ltr'><strong>atque</strong></span> <span class='ocrx_word' id='word_1_89' title='bbox 1530 1386 1734 1437; x_wconf 83' lang='lat' dir='ltr'><strong>opere</strong></span> <span class='ocrx_word' id='word_1_90' title='bbox 1787 1386 2032 1436; x_wconf 78' lang='lat' dir='ltr'><strong>magno</strong></span> 
     </span>
     <span class='ocr_line' id='line_1_15' title="bbox 1157 1443 1651 1506; baseline 0.018 -14"><span class='ocrx_word' id='word_1_91' title='bbox 1157 1461 1184 1492; x_wconf 91' lang='lat' dir='ltr'><strong>e</strong></span> <span class='ocrx_word' id='word_1_92' title='bbox 1196 1443 1230 1492; x_wconf 84' lang='lat' dir='ltr'><em>d</em></span> <span class='ocrx_word' id='word_1_93' title='bbox 1245 1446 1302 1493; x_wconf 85' lang='lat' dir='ltr'><strong>ic</strong></span> <span class='ocrx_word' id='word_1_94' title='bbox 1316 1446 1411 1506; x_wconf 70' lang='lat' dir='ltr'><strong>ite</strong></span> <span class='ocrx_word' id='word_1_95' title='bbox 1648 1498 1651 1501; x_wconf 85' lang='lat'>.</span> 
     </span>
     <span class='ocr_line' id='line_1_16' title="bbox 500 1524 2032 1598; baseline 0.006 -25"><span class='ocrx_word' id='word_1_96' title='bbox 500 1524 623 1573; x_wconf 85' lang='lat' dir='ltr'><strong>Per</strong></span> <span class='ocrx_word' id='word_1_97' title='bbox 657 1540 730 1574; x_wconf 86' lang='lat' dir='ltr'><strong>ur</strong></span> <span class='ocrx_word' id='word_1_98' title='bbox 748 1526 894 1585; x_wconf 82' lang='lat' dir='ltr'><strong>bem,</strong></span> <span class='ocrx_word' id='word_1_99' title='bbox 930 1530 999 1572; x_wconf 82' lang='lat' dir='ltr'><strong>ut</strong></span> <span class='ocrx_word' id='word_1_100' title='bbox 1034 1540 1283 1583; x_wconf 71' lang='lat' dir='ltr'><strong>manea,</strong></span> <span class='ocrx_word' id='word_1_101' title='bbox 1319 1527 1434 1590; x_wconf 81' lang='lat' dir='ltr'><strong>qui</strong></span> <span class='ocrx_word' id='word_1_102' title='bbox 1468 1544 1816 1598; x_wconf 83' lang='lat' dir='ltr'><strong>arcemque</strong></span> <span class='ocrx_word' id='word_1_103' title='bbox 1851 1537 2032 1581; x_wconf 76' lang='lat' dir='ltr'><strong>astu-</strong></span> 
     </span>
     <span class='ocr_line' id='line_1_17' title="bbox 1153 1609 1645 1669; baseline 0.016 -18"><span class='ocrx_word' id='word_1_104' title='bbox 1153 1619 1275 1669; x_wconf 84' lang='lat' dir='ltr'><strong>que</strong></span> <span class='ocrx_word' id='word_1_105' title='bbox 1310 1609 1645 1668; x_wconf 82' lang='lat' dir='ltr'><strong>accolunt,</strong></span> 
     </span>
     <span class='ocr_line' id='line_1_18' title="bbox 505 1682 2029 1754; baseline 0.007 -24"><span class='ocrx_word' id='word_1_106' title='bbox 505 1682 694 1732; x_wconf 82' lang='lat' dir='ltr'><strong>Cives</strong></span> <span class='ocrx_word' id='word_1_107' title='bbox 742 1685 1075 1734; x_wconf 79' lang='lat' dir='ltr'><strong>ominibus</strong></span> <span class='ocrx_word' id='word_1_108' title='bbox 1112 1685 1386 1747; x_wconf 83' lang='lat' dir='ltr'><strong>faustis</strong></span> <span class='ocrx_word' id='word_1_109' title='bbox 1437 1696 1798 1754; x_wconf 82' lang='lat' dir='ltr'><strong>augustam</strong></span> <span class='ocrx_word' id='word_1_110' title='bbox 1833 1689 2029 1739; x_wconf 76' lang='lat' dir='ltr'><strong>adhi-</strong></span> 
     </span>
     <span class='ocr_line' id='line_1_19' title="bbox 1157 1762 1356 1811; baseline 0.005 -1"><span class='ocrx_word' id='word_1_111' title='bbox 1157 1762 1356 1811; x_wconf 78' lang='lat' dir='ltr'><strong>beant</strong></span> 
     </span>
     <span class='ocr_line' id='line_1_20' title="bbox 501 1843 2031 1914; baseline 0.003 -22"><span class='ocrx_word' id='word_1_112' title='bbox 501 1843 932 1902; x_wconf 81' lang='lat' dir='ltr'><strong>Faventiam,</strong></span> <span class='ocrx_word' id='word_1_113' title='bbox 993 1859 1102 1891; x_wconf 88' lang='lat' dir='ltr'><strong>ore</strong></span> <span class='ocrx_word' id='word_1_114' title='bbox 1153 1843 1490 1894; x_wconf 80' lang='lat' dir='ltr'><strong>obscoena</strong></span> <span class='ocrx_word' id='word_1_115' title='bbox 1549 1847 1741 1897; x_wconf 78' lang='lat' dir='ltr'><strong>dicta</strong></span> <span class='ocrx_word' id='word_1_116' title='bbox 1797 1863 2031 1914; x_wconf 81' lang='lat' dir='ltr'><strong>segre·</strong></span> 
     </span>
     <span class='ocr_line' id='line_1_21' title="bbox 1154 1921 1367 1987; baseline 0 -16"><span class='ocrx_word' id='word_1_117' title='bbox 1154 1921 1367 1987; x_wconf 58' lang='lat' dir='ltr'><strong>gena”</strong></span> 
     </span>
     <span class='ocr_line' id='line_1_22' title="bbox 500 2001 2030 2065; baseline 0.002 -14"><span class='ocrx_word' id='word_1_118' title='bbox 500 2002 709 2051; x_wconf 86' lang='lat' dir='ltr'><strong>Nuntius</strong></span> <span class='ocrx_word' id='word_1_119' title='bbox 751 2001 949 2064; x_wconf 89' lang='lat' dir='ltr'><strong>quidam</strong></span> <span class='ocrx_word' id='word_1_120' title='bbox 999 2001 1380 2065; x_wconf 85' lang='lat' dir='ltr'><strong>Hippodamiam</strong></span> <span class='ocrx_word' id='word_1_121' title='bbox 1427 2004 1491 2053; x_wconf 93' lang='lat' dir='ltr'><strong>de</strong></span> <span class='ocrx_word' id='word_1_122' title='bbox 1536 2012 1714 2055; x_wconf 86' lang='lat' dir='ltr'><strong>eventu</strong></span> <span class='ocrx_word' id='word_1_123' title='bbox 1748 2006 2030 2055; x_wconf 82' lang='lat' dir='ltr'><strong>certaminis</strong></span> 
     </span>
    </p>
   </div>
   <div class='ocr_carea' id='block_1_3' title="bbox 371 2080 1354 2209">
    <p class='ocr_par' dir='ltr' id='par_1_3' title="bbox 371 2080 1354 2209">
     <span class='ocr_line' id='line_1_23' title="bbox 371 2080 803 2135; baseline -0.016 0"><span class='ocrx_word' id='word_1_124' title='bbox 371 2083 632 2135; x_wconf 88' lang='lat' dir='ltr'><strong>certiorem</strong></span> <span class='ocrx_word' id='word_1_125' title='bbox 669 2080 803 2129; x_wconf 90' lang='lat' dir='ltr'><strong>facit.</strong></span> 
     </span>
     <span class='ocr_line' id='line_1_24' title="bbox 1038 2159 1354 2209; baseline 0 -1"><span class='ocrx_word' id='word_1_126' title='bbox 1038 2159 1354 2209; x_wconf 86' lang='lat' dir='ltr'>NUNTIUS.</span> 
     </span>
    </p>
   </div>
   <div class='ocr_carea' id='block_1_4' title="bbox 367 2240 2027 3346">
    <p class='ocr_par' dir='ltr' id='par_1_4' title="bbox 367 2240 2027 3346">
     <span class='ocr_line' id='line_1_25' title="bbox 500 2240 1333 2305; baseline -0.004 -15"><span class='ocrx_word' id='word_1_127' title='bbox 500 2240 818 2305; x_wconf 81' lang='lat' dir='ltr'><strong>„Praesto</strong></span> <span class='ocrx_word' id='word_1_128' title='bbox 851 2240 981 2288; x_wconf 85' lang='lat' dir='ltr'><strong>iam</strong></span> <span class='ocrx_word' id='word_1_129' title='bbox 1016 2240 1333 2291; x_wconf 84' lang='lat' dir='ltr'><strong>adsum.&#39;&#39;.</strong></span> 
     </span>
     <span class='ocr_line' id='line_1_26' title="bbox 980 2319 1407 2369; baseline 0 -1"><span class='ocrx_word' id='word_1_130' title='bbox 980 2319 1407 2369; x_wconf 87' lang='lat' dir='ltr'><strong>HlPPODAMIA.</strong></span> 
     </span>
     <span class='ocr_line' id='line_1_27' title="bbox 1282 2400 1744 2466; baseline 0.011 -19"><span class='ocrx_word' id='word_1_131' title='bbox 1282 2400 1744 2466; x_wconf 65' lang='lat' dir='ltr'><strong>„Ex-promito,</strong></span> 
     </span>
     <span class='ocr_line' id='line_1_28' title="bbox 503 2478 2027 2545; baseline 0.001 -16"><span class='ocrx_word' id='word_1_132' title='bbox 503 2478 673 2545; x_wconf 76' lang='lat' dir='ltr'><strong>Quid</strong></span> <span class='ocrx_word' id='word_1_133' title='bbox 713 2481 898 2544; x_wconf 84' lang='lat' dir='ltr'><strong>fers.-</strong></span> <span class='ocrx_word' id='word_1_134' title='bbox 954 2494 1101 2528; x_wconf 78' lang='lat' dir='ltr'><strong>nam</strong></span> <span class='ocrx_word' id='word_1_135' title='bbox 1157 2485 1221 2528; x_wconf 84' lang='lat' dir='ltr'><strong>te</strong></span> <span class='ocrx_word' id='word_1_136' title='bbox 1267 2497 1295 2528; x_wconf 91' lang='lat' dir='ltr'><strong>e</strong></span> <span class='ocrx_word' id='word_1_137' title='bbox 1341 2480 1537 2545; x_wconf 81' lang='lat' dir='ltr'><strong>longo</strong></span> <span class='ocrx_word' id='word_1_138' title='bbox 1594 2483 1780 2531; x_wconf 80' lang='lat' dir='ltr'><strong>itere</strong></span> <span class='ocrx_word' id='word_1_139' title='bbox 1823 2497 2027 2532; x_wconf 84' lang='lat' dir='ltr'><strong>cerno</strong></span> 
     </span>
     <span class='ocr_line' id='line_1_29' title="bbox 1154 2558 1458 2610; baseline 0.007 -2"><span class='ocrx_word' id='word_1_140' title='bbox 1154 2558 1458 2610; x_wconf 60' lang='lat' dir='ltr'><strong>vadera”</strong></span> 
     </span>
     <span class='ocr_line' id='line_1_30' title="bbox 370 2638 2027 2702; baseline -0.003 -8"><span class='ocrx_word' id='word_1_141' title='bbox 370 2646 447 2694; x_wconf 84' lang='lat' dir='ltr'><strong>Ex</strong></span> <span class='ocrx_word' id='word_1_142' title='bbox 495 2642 615 2691; x_wconf 88' lang='lat' dir='ltr'><strong>locis</strong></span> <span class='ocrx_word' id='word_1_143' title='bbox 663 2638 808 2688; x_wconf 87' lang='lat' dir='ltr'><strong>editis</strong></span> <span class='ocrx_word' id='word_1_144' title='bbox 854 2655 1049 2689; x_wconf 86' lang='lat' dir='ltr'><strong>cursum</strong></span> <span class='ocrx_word' id='word_1_145' title='bbox 1096 2657 1123 2688; x_wconf 87' lang='lat' dir='ltr'><strong>a</strong></span> <span class='ocrx_word' id='word_1_146' title='bbox 1158 2655 1212 2687; x_wconf 86' lang='lat' dir='ltr'><strong>se</strong></span> <span class='ocrx_word' id='word_1_147' title='bbox 1245 2643 1520 2702; x_wconf 86' lang='lat' dir='ltr'><strong>spectatum</strong></span> <span class='ocrx_word' id='word_1_148' title='bbox 1555 2655 1668 2688; x_wconf 84' lang='lat' dir='ltr'><strong>esse</strong></span> <span class='ocrx_word' id='word_1_149' title='bbox 1701 2640 1769 2689; x_wconf 89' lang='lat' dir='ltr'><strong>ait</strong></span> <span class='ocrx_word' id='word_1_150' title='bbox 1799 2641 2027 2689; x_wconf 84' lang='lat' dir='ltr'><strong>nuntius:</strong></span> 
     </span>
     <span class='ocr_line' id='line_1_31' title="bbox 501 2720 2027 2786; baseline -0.001 -15"><span class='ocrx_word' id='word_1_151' title='bbox 501 2722 980 2786; x_wconf 75' lang='lat' dir='ltr'><strong>Quemcunque</strong></span> <span class='ocrx_word' id='word_1_152' title='bbox 1055 2720 1471 2771; x_wconf 63' lang='lat' dir='ltr'><strong>institeram</strong></span> <span class='ocrx_word' id='word_1_153' title='bbox 1536 2735 1831 2785; x_wconf 86' lang='lat' dir='ltr'><strong>grumum</strong></span> <span class='ocrx_word' id='word_1_154' title='bbox 1899 2727 2027 2769; x_wconf 85' lang='lat' dir='ltr'><strong>aut</strong></span> 
     </span>
     <span class='ocr_line' id='line_1_32' title="bbox 1147 2796 1900 2864; baseline 0.001 -17"><span class='ocrx_word' id='word_1_155' title='bbox 1147 2800 1527 2864; x_wconf 84' lang='lat' dir='ltr'><strong>praecisum</strong></span> <span class='ocrx_word' id='word_1_156' title='bbox 1559 2796 1900 2864; x_wconf 82' lang='lat' dir='ltr'><strong>iugum*).&#39;&#39;</strong></span> 
     </span>
     <span class='ocr_line' id='line_1_33' title="bbox 369 2878 2027 2945; baseline -0.004 -12"><span class='ocrx_word' id='word_1_157' title='bbox 369 2885 555 2933; x_wconf 89' lang='lat' dir='ltr'><strong>Locum</strong></span> <span class='ocrx_word' id='word_1_158' title='bbox 589 2879 949 2945; x_wconf 75' lang='lat' dir='ltr'><strong>periculosum,</strong></span> <span class='ocrx_word' id='word_1_159' title='bbox 991 2880 1040 2927; x_wconf 90' lang='lat' dir='ltr'><strong>in</strong></span> <span class='ocrx_word' id='word_1_160' title='bbox 1085 2895 1182 2943; x_wconf 87' lang='lat' dir='ltr'><strong>quo</strong></span> <span class='ocrx_word' id='word_1_161' title='bbox 1227 2893 1398 2928; x_wconf 87' lang='lat' dir='ltr'><strong>currus</strong></span> <span class='ocrx_word' id='word_1_162' title='bbox 1434 2878 1672 2928; x_wconf 91' lang='lat' dir='ltr'><strong>Oenomai</strong></span> <span class='ocrx_word' id='word_1_163' title='bbox 1714 2880 1902 2929; x_wconf 81' lang='lat' dir='ltr'><strong>fractus</strong></span> <span class='ocrx_word' id='word_1_164' title='bbox 1947 2881 2027 2939; x_wconf 89' lang='lat' dir='ltr'><strong>sit,</strong></span> 
     </span>
     <span class='ocr_line' id='line_1_34' title="bbox 367 2959 929 3023; baseline -0.011 -10"><span class='ocrx_word' id='word_1_165' title='bbox 367 2964 446 3014; x_wconf 86' lang='lat' dir='ltr'><strong>his</strong></span> <span class='ocrx_word' id='word_1_166' title='bbox 479 2960 641 3011; x_wconf 86' lang='lat' dir='ltr'><strong>verbis</strong></span> <span class='ocrx_word' id='word_1_167' title='bbox 675 2959 929 3023; x_wconf 81' lang='lat' dir='ltr'><strong>designat:</strong></span> 
     </span>
     <span class='ocr_line' id='line_1_35' title="bbox 503 3037 2027 3103; baseline -0.002 -12"><span class='ocrx_word' id='word_1_168' title='bbox 503 3041 751 3091; x_wconf 71' lang='lat' dir='ltr'><strong>Saxum</strong></span> <span class='ocrx_word' id='word_1_169' title='bbox 798 3038 868 3087; x_wconf 79' lang='lat' dir='ltr'><strong>id</strong></span> <span class='ocrx_word' id='word_1_170' title='bbox 903 3039 1095 3103; x_wconf 80' lang='lat' dir='ltr'><strong>facit</strong></span> <span class='ocrx_word' id='word_1_171' title='bbox 1143 3040 1664 3102; x_wconf 80' lang='lat' dir='ltr'><strong>augustitatem,</strong></span> <span class='ocrx_word' id='word_1_172' title='bbox 1713 3044 1777 3087; x_wconf 84' lang='lat' dir='ltr'><strong>et</strong></span> <span class='ocrx_word' id='word_1_173' title='bbox 1809 3037 1922 3087; x_wconf 81' lang='lat' dir='ltr'><strong>sub</strong></span> <span class='ocrx_word' id='word_1_174' title='bbox 1957 3055 2027 3088; x_wconf 88' lang='lat' dir='ltr'><strong>eo</strong></span> 
     </span>
     <span class='ocr_line' id='line_1_36' title="bbox 1152 3118 1735 3167; baseline 0.003 -2"><span class='ocrx_word' id='word_1_175' title='bbox 1152 3134 1312 3166; x_wconf 74' lang='lat' dir='ltr'><strong>saa-o</strong></span> <span class='ocrx_word' id='word_1_176' title='bbox 1348 3118 1735 3167; x_wconf 73' lang='lat' dir='ltr'><strong>exuberans</strong></span> 
     </span>
     <span class='ocr_line' id='line_1_37' title="bbox 500 3197 1628 3263; baseline -0.002 -13"><span class='ocrx_word' id='word_1_177' title='bbox 500 3198 1099 3263; x_wconf 79' lang='lat' dir='ltr'><strong>Scatebrafluvia</strong></span> <span class='ocrx_word' id='word_1_178' title='bbox 1134 3197 1365 3246; x_wconf 82' lang='lat' dir='ltr'><strong>eradit</strong></span> <span class='ocrx_word' id='word_1_179' title='bbox 1397 3213 1628 3263; x_wconf 83' lang='lat' dir='ltr'><strong>rupem.</strong></span> 
     </span>
     <span class='ocr_line' id='line_1_38' title="bbox 370 3276 2026 3346; baseline -0.004 -13"><span class='ocrx_word' id='word_1_180' title='bbox 370 3284 534 3346; x_wconf 77' lang='lat' dir='ltr'><strong>Quum</strong></span> <span class='ocrx_word' id='word_1_181' title='bbox 576 3279 751 3345; x_wconf 87' lang='lat' dir='ltr'><strong>procul</strong></span> <span class='ocrx_word' id='word_1_182' title='bbox 800 3283 1029 3342; x_wconf 87' lang='lat' dir='ltr'><strong>spectans</strong></span> <span class='ocrx_word' id='word_1_183' title='bbox 1079 3276 1393 3327; x_wconf 84' lang='lat' dir='ltr'><strong>infortunium</strong></span> <span class='ocrx_word' id='word_1_184' title='bbox 1443 3278 1680 3329; x_wconf 88' lang='lat' dir='ltr'><strong>Oenomai</strong></span> <span class='ocrx_word' id='word_1_185' title='bbox 1721 3277 1820 3326; x_wconf 81' lang='lat' dir='ltr'><strong>non</strong></span> <span class='ocrx_word' id='word_1_186' title='bbox 1867 3278 2026 3326; x_wconf 88' lang='lat' dir='ltr'><strong>omnia</strong></span> 
     </span>
    </p>
   </div>
   <div class='ocr_carea' id='block_1_5' title="bbox 426 3430 1738 3492">
    <p class='ocr_par' dir='ltr' id='par_1_5' title="bbox 426 3430 1738 3492">
     <span class='ocr_line' id='line_1_39' title="bbox 426 3430 1738 3492; baseline -0.007 -12"><span class='ocrx_word' id='word_1_187' title='bbox 426 3437 478 3492; x_wconf 75' lang='grc'><strong>*)</strong></span> <span class='ocrx_word' id='word_1_188' title='bbox 506 3433 699 3480; x_wconf 72' lang='lat' dir='ltr'><strong>Nonius:</strong></span> <span class='ocrx_word' id='word_1_189' title='bbox 733 3433 913 3476; x_wconf 76' lang='lat' dir='ltr'><strong>Grumus</strong></span> <span class='ocrx_word' id='word_1_190' title='bbox 941 3431 1097 3475; x_wconf 81' lang='lat' dir='ltr'><strong>dicitur</strong></span> <span class='ocrx_word' id='word_1_191' title='bbox 1123 3443 1277 3488; x_wconf 83' lang='lat' dir='ltr'><strong>agger,</strong></span> <span class='ocrx_word' id='word_1_192' title='bbox 1309 3445 1336 3473; x_wconf 88' lang='grc' dir='ltr'>α</span> <span class='ocrx_word' id='word_1_193' title='bbox 1364 3430 1561 3486; x_wconf 82' lang='lat' dir='ltr'><strong>congerie</strong></span> <span class='ocrx_word' id='word_1_194' title='bbox 1588 3431 1738 3474; x_wconf 74' lang='lat' dir='ltr'><strong>dictus.</strong></span> 
     </span>
    </p>
   </div>
  </div>
 </body>
</html>
