2170 3848
930 266 1053 324 179

293 414 397 482 ἐγὼ
430 413 497 473 δ’,
533 413 563 465 ὃ
596 411 692 479 μὲν
724 411 986 477 μέγιστον,
1020 411 1243 478 ἄρξομαι
1281 408 1449 475 λέγειν

294 493 353 549 ἐκ
386 494 545 547 τοῦδε
579 495 824 558 πρῶτον·
857 491 1018 556 πατρὶ
1050 491 1332 543 πείθεσθαι
1363 490 1530 556 χρεὼν

291 575 486 638 παῖδας
518 575 753 641 νομίζειν
785 576 831 625 τ’
867 572 996 624 αὐτὸ
1029 574 1175 624 τοῦτ’
1212 565 1349 622 εἶναι
1382 571 1564 638 δίκην·

294 737 360 790 οὐ
395 734 503 804 μὴν
536 735 604 787 σύ
636 736 686 800 γ’
718 732 854 802 ἡμᾶς
886 725 1015 794 τοὺς
1047 731 1291 793 τεκόντας
1322 725 1498 800 ᾐδέσω

291 897 343 949 τί
375 895 508 963 δῆτα
539 895 762 960 μοχθεῖν
795 892 889 958 δεῖ,
924 896 1234 960 γυναικεῖον
1265 891 1419 959 γένος
1436 891 1488 956 *)

292 978 699 1043 φρουροῦνταςς
737 973 794 1026 αἱ
824 973 927 1041 γὰρ
963 969 1021 1026 εὖ
1051 972 1413 1041 τεθραμμέναι
1445 970 1608 1024 πλέον

295 1057 626 1122 σφάλλουσιν
660 1054 846 1116 οἴκους
878 1057 986 1107 τῶν
1018 1052 1484 1123 παρημελημένων.

157 1137 268 1187 Νοη
302 1136 528 1186 defuisse
562 1144 821 1203 patronum
841 1173 854 1195 ,
890 1139 972 1201 qui
1009 1140 1209 1188 vitiatae
1242 1137 1444 1202 virginis
1479 1149 1705 1185 caussam
1737 1135 1826 1183 de-

161 1216 407 1274 fenderet,
443 1232 503 1265 ex
538 1218 678 1266 hisce
711 1218 876 1267 verbis
912 1218 1109 1284 colligo,
1144 1234 1269 1282 quae
1303 1233 1398 1265 non
1432 1216 1601 1265 addito
1635 1215 1828 1265 drama·

158 1298 230 1346 tis*
258 1298 456 1346 nomine
491 1296 643 1346 Orion
677 1299 805 1361 apud
838 1297 1150 1346 Schneidew.
1170 1315 1219 1362 p.
1254 1300 1331 1345 56.
1357 1297 1596 1346 servavit:

290 1373 359 1426 ἂν
393 1373 446 1425 οἱ
476 1375 714 1435 τεκόντες
747 1378 908 1426 τοῦτο
944 1376 1288 1441 γιγνώσκωσ’,
1325 1373 1406 1426 ὅτι

285 1454 398 1507 νέοι
430 1455 544 1506 ποτ’
579 1449 734 1522 ἦσαν,
769 1455 935 1523 ἠπίως
967 1454 1066 1524 τὴν
1099 1458 1206 1508 τῶν
1239 1455 1441 1508 τέκνων

289 1537 501 1588 οἴσουσι
537 1537 769 1601 Κύπριν,
808 1539 957 1598 ὄντες
989 1537 1056 1589 οὐ
1092 1536 1263 1590 σκαιοὶ
1300 1537 1481 1604 φύσιν.

254 1617 569 1683 Respexitad
589 1619 684 1666 hoc
700 1621 870 1668 drama
887 1619 1246 1669 Demosthenes
1260 1627 1383 1670 orat
1398 1619 1588 1668 funebr.
1603 1633 1653 1681 p.
1671 1618 1826 1668 1398·

157 1695 446 1766 ἐμέμνηντο
484 1690 929 1750 Ἱπποθοωντίδαι
974 1700 1081 1750 τῶν
1117 1693 1338 1764 Ἀλόπης
1382 1697 1595 1764 γάμων,
1655 1691 1707 1756 ἐξ
1750 1684 1828 1747 ὧν

147 1771 453 1830 Ἱπποθόων
486 1775 608 1842 έ’.,φυ
644 1778 734 1829 καὶ
766 1778 861 1830 τὸν
895 1778 1128 1846 ἀρχηγὸν
1159 1779 1382 1845 ᾔδεσαν·
1431 1776 1535 1838 ὡν,
1567 1775 1641 1827 τὸ
1674 1774 1826 1840 πρέ-

157 1876 284 1910 πον
324 1858 731 1922 φυλάττων,
798 1857 930 1925 έγὼ
964 1859 1131 1911 τῶδε
1163 1865 1248 1925 τῷ
1294 1859 1508 1928 καιρῷ
1559 1854 1619 1908 τὸ
1662 1855 1826 1921 σαφὲς

159 1938 324 1990 εἰπεῖν
369 1937 687 2003 ὑπερβαίνω.
757 1942 969 2006 Satyrici
1015 1915 1180 1990 locum
1229 1941 1460 1990 dramatis
1506 1946 1712 2005 propter
1744 1955 1825 1988 re-

156 2037 268 2070 rum
306 2020 571 2082 levitatem,
608 2037 720 2072 cum
755 2028 892 2071 esset
924 2022 1115 2072 Danaes
1151 2021 1346 2072 fabulae
1379 2020 1699 2081 simillimum,
1735 2020 1823 2070 ob-

155 2100 316 2149 tinere
346 2101 522 2164 potuit.

816 2251 1146 2260 m

151 2417 312 2488 XV.
405 2419 518 2489 De
583 2414 870 2490 actione
932 2427 1008 2489 et
1056 2419 1444 2490 saltatione
1506 2417 1815 2493 scenica.

283 2652 507 2703 Graecae
555 2656 841 2719 tragoediae
876 2661 1099 2705 naturam
1134 2653 1412 2717 intelligere
1446 2670 1503 2703 ac
1538 2654 1637 2701 vim
1671 2652 1820 2702 virtu-

150 2736 354 2795 temque
400 2735 663 2785 aestimare
711 2737 988 2786 volentibus
1034 2750 1239 2784 necesse
1275 2740 1350 2782 est
1384 2733 1629 2782 actionem
1663 2733 1821 2782 sceni-

151 2826 256 2859 cam
294 2813 573 2877 respicere,
621 2831 768 2879 quam
818 2822 957 2882 patet
1005 2817 1248 2865 diversam
1294 2813 1450 2862 fuisse
1495 2815 1555 2862 ab
1591 2830 1679 2874 ea,
1728 2829 1822 2876 qua

148 2891 304 2939 nostri
332 2891 597 2943 histriones
619 2901 838 2946 utuntur.
872 2897 995 2946 Nam
1025 2901 1286 2961 suggestus
1311 2894 1424 2943 illos
1439 2910 1608 2944 comae
1622 2892 1819 2959 (ὄγκοι)

150 2977 202 3019 et
216 2971 503 3030 cothurnos,
533 2975 708 3038 quibus
737 2977 943 3026 altitudo
970 2991 1232 3041 corporum
1254 2975 1538 3039 augebatur,
1573 2980 1623 3023 et
1646 2980 1820 3039 pecto-

148 3050 217 3098 ris
245 3050 993 3120 laterumqueamplificationem
1014 3055 1312 3120 (κόλπωμα)
1331 3060 1382 3122 et
1407 3055 1582 3119 pallam
1607 3054 1669 3103 ad
1693 3054 1820 3103 talos

148 3129 429 3194 demissam,
457 3133 611 3182 laxam
642 3136 871 3201 rugisque
888 3138 1230 3198 abundantem,
1255 3143 1308 3184 et
1335 3151 1486 3200 super
1511 3135 1675 3184 omnia
1700 3150 1822 3199 per-

149 3225 294 3260 sonas
320 3212 485 3261 oribus
511 3214 689 3278 patulis
720 3215 911 3266 hiantes
942 3226 992 3267 et
1017 3223 1180 3268 cetera
1204 3217 1378 3265 horum
1396 3215 1573 3264 similia
1589 3220 1821 3279 reputan-

147 3291 241 3349 tes,
280 3291 376 3339 vim
403 3299 454 3341 et
491 3293 842 3344 efficacitatem
867 3299 1020 3364 magis
1050 3313 1191 3362 quam
1213 3300 1522 3346 venustatem
1556 3312 1584 3345 a
1617 3291 1822 3344 Graecis

208 3457 253 3512 *)
283 3459 425 3516 Vulgo
457 3463 718 3515 γυναικεῖον
747 3459 905 3517 γάμον.

1386 3535 1448 3582 12
1469 3535 1492 3562 ‘⁴¹‘
