<?xml version="1.0" encoding="UTF-8"?>
<!DOCTYPE html PUBLIC "-//W3C//DTD XHTML 1.0 Transitional//EN"
    "http://www.w3.org/TR/xhtml1/DTD/xhtml1-transitional.dtd">
<html xmlns="http://www.w3.org/1999/xhtml" xml:lang="en" lang="en">
 <head>
  <title>
</title>
<meta http-equiv="Content-Type" content="text/html;charset=utf-8" />
  <meta name='ocr-system' content='tesseract 3.04.00' />
  <meta name='ocr-capabilities' content='ocr_page ocr_carea ocr_par ocr_line ocrx_word'/>
</head>
<body>
  <div class='ocr_page' id='page_1' title='image "./euripidesrestitu02hartuoft_0102.png"; bbox 0 0 2170 3848; ppageno 0'>
   <div class='ocr_carea' id='block_1_1' title="bbox 1165 258 1248 313">
    <p class='ocr_par' dir='ltr' id='par_1_1' title="bbox 1165 258 1248 313">
     <span class='ocr_line' id='line_1_1' title="bbox 1165 258 1248 313; baseline 0 0"><span class='ocrx_word' id='word_1_1' title='bbox 1165 258 1248 313; x_wconf 78' lang='lat'><strong>9⁰</strong></span> 
     </span>
    </p>
   </div>
   <div class='ocr_carea' id='block_1_2' title="bbox 356 403 2045 3497">
    <p class='ocr_par' dir='ltr' id='par_1_2' title="bbox 372 403 2045 1032">
     <span class='ocr_line' id='line_1_2' title="bbox 377 403 2045 468; baseline 0.001 -14"><span class='ocrx_word' id='word_1_2' title='bbox 377 405 614 456; x_wconf 87' lang='lat' dir='ltr'><strong>iudicans.</strong></span> <span class='ocrx_word' id='word_1_3' title='bbox 680 403 916 452; x_wconf 83' lang='lat' dir='ltr'><strong>Eiusdem</strong></span> <span class='ocrx_word' id='word_1_4' title='bbox 950 418 1194 468; x_wconf 87' lang='lat' dir='ltr'><strong>personae</strong></span> <span class='ocrx_word' id='word_1_5' title='bbox 1228 404 1487 454; x_wconf 85' lang='lat' dir='ltr'><strong>convenire</strong></span> <span class='ocrx_word' id='word_1_6' title='bbox 1520 406 1846 456; x_wconf 78' lang='lat' dir='ltr'>arbitrabatur</span> <span class='ocrx_word' id='word_1_7' title='bbox 1879 405 1942 456; x_wconf 86' lang='lat' dir='ltr'><strong>de</strong></span> <span class='ocrx_word' id='word_1_8' title='bbox 1966 422 2045 455; x_wconf 86' lang='lat' dir='ltr'><strong>re-</strong></span> 
     </span>
     <span class='ocr_line' id='line_1_3' title="bbox 376 483 2044 548; baseline 0.001 -14"><span class='ocrx_word' id='word_1_9' title='bbox 376 488 496 544; x_wconf 90' lang='lat' dir='ltr'><strong>bus,</strong></span> <span class='ocrx_word' id='word_1_10' title='bbox 540 483 710 548; x_wconf 91' lang='lat' dir='ltr'><strong>quibus</strong></span> <span class='ocrx_word' id='word_1_11' title='bbox 758 484 836 533; x_wconf 88' lang='lat' dir='ltr'><strong>vel</strong></span> <span class='ocrx_word' id='word_1_12' title='bbox 881 488 1068 533; x_wconf 89' lang='lat' dir='ltr'><strong>starent</strong></span> <span class='ocrx_word' id='word_1_13' title='bbox 1117 488 1499 546; x_wconf 81' lang='lat' dir='ltr'><strong>crescerentque</strong></span> <span class='ocrx_word' id='word_1_14' title='bbox 1533 485 1749 534; x_wconf 87' lang='lat' dir='ltr'><strong>civitates</strong></span> <span class='ocrx_word' id='word_1_15' title='bbox 1783 489 1860 536; x_wconf 80' lang='lat' dir='ltr'><strong>vel</strong></span> <span class='ocrx_word' id='word_1_16' title='bbox 1896 488 2044 536; x_wconf 81' lang='lat' dir='ltr'><strong>colla-</strong></span> 
     </span>
     <span class='ocr_line' id='line_1_4' title="bbox 377 563 2044 631; baseline 0.001 -18"><span class='ocrx_word' id='word_1_17' title='bbox 377 564 603 614; x_wconf 87' lang='lat' dir='ltr'><strong>befactae</strong></span> <span class='ocrx_word' id='word_1_18' title='bbox 649 565 994 624; x_wconf 73' lang='lat' dir='ltr'><strong>conciderent,</strong></span> <span class='ocrx_word' id='word_1_19' title='bbox 1039 563 1235 612; x_wconf 88' lang='lat' dir='ltr'><strong>doctius</strong></span> <span class='ocrx_word' id='word_1_20' title='bbox 1271 563 1555 627; x_wconf 88' lang='lat' dir='ltr'><strong>disputare,</strong></span> <span class='ocrx_word' id='word_1_21' title='bbox 1588 580 1749 628; x_wconf 89' lang='lat' dir='ltr'><strong>neque</strong></span> <span class='ocrx_word' id='word_1_22' title='bbox 1782 584 1842 616; x_wconf 86' lang='lat' dir='ltr'><strong>ea</strong></span> <span class='ocrx_word' id='word_1_23' title='bbox 1876 567 2044 631; x_wconf 84' lang='lat' dir='ltr'><strong>dispu-</strong></span> 
     </span>
     <span class='ocr_line' id='line_1_5' title="bbox 376 643 2043 711; baseline 0.002 -20"><span class='ocrx_word' id='word_1_24' title='bbox 376 643 500 691; x_wconf 81' lang='lat' dir='ltr'><strong>tatio</strong></span> <span class='ocrx_word' id='word_1_25' title='bbox 535 643 595 690; x_wconf 83' lang='lat' dir='ltr'><strong>ab</strong></span> <span class='ocrx_word' id='word_1_26' title='bbox 630 643 725 691; x_wconf 93' lang='lat' dir='ltr'><strong>hoc</strong></span> <span class='ocrx_word' id='word_1_27' title='bbox 761 644 956 707; x_wconf 89' lang='lat' dir='ltr'><strong>quidem</strong></span> <span class='ocrx_word' id='word_1_28' title='bbox 993 643 1120 699; x_wconf 88' lang='lat' dir='ltr'><strong>loco,</strong></span> <span class='ocrx_word' id='word_1_29' title='bbox 1157 659 1253 706; x_wconf 93' lang='lat' dir='ltr'><strong>quo</strong></span> <span class='ocrx_word' id='word_1_30' title='bbox 1287 649 1391 692; x_wconf 90' lang='lat' dir='ltr'><strong>tum</strong></span> <span class='ocrx_word' id='word_1_31' title='bbox 1431 644 1679 693; x_wconf 87' lang='lat' dir='ltr'><strong>exercitus</strong></span> <span class='ocrx_word' id='word_1_32' title='bbox 1714 648 2043 711; x_wconf 85' lang='lat' dir='ltr'><strong>amplissimus</strong></span> 
     </span>
     <span class='ocr_line' id='line_1_6' title="bbox 375 721 2042 787; baseline 0.002 -17"><span class='ocrx_word' id='word_1_33' title='bbox 375 738 487 771; x_wconf 91' lang='lat' dir='ltr'><strong>cum</strong></span> <span class='ocrx_word' id='word_1_34' title='bbox 525 721 804 771; x_wconf 79' lang='lat' dir='ltr'><strong>fortissimis</strong></span> <span class='ocrx_word' id='word_1_35' title='bbox 840 723 1043 771; x_wconf 89' lang='lat' dir='ltr'><strong>ducibus</strong></span> <span class='ocrx_word' id='word_1_36' title='bbox 1089 722 1231 771; x_wconf 90' lang='lat' dir='ltr'><strong>malis</strong></span> <span class='ocrx_word' id='word_1_37' title='bbox 1274 723 1461 771; x_wconf 86' lang='lat' dir='ltr'><strong>artibus</strong></span> <span class='ocrx_word' id='word_1_38' title='bbox 1495 723 1842 787; x_wconf 82' lang='lat' dir='ltr'><strong>pessumdatus</strong></span> <span class='ocrx_word' id='word_1_39' title='bbox 1875 731 2042 775; x_wconf 87' lang='lat' dir='ltr'><strong>osten-</strong></span> 
     </span>
     <span class='ocr_line' id='line_1_7' title="bbox 374 802 2042 868; baseline 0.001 -17"><span class='ocrx_word' id='word_1_40' title='bbox 374 802 522 860; x_wconf 79' lang='lat' dir='ltr'><strong>ditur,</strong></span> <span class='ocrx_word' id='word_1_41' title='bbox 557 807 659 850; x_wconf 89' lang='lat' dir='ltr'><strong>tum</strong></span> <span class='ocrx_word' id='word_1_42' title='bbox 697 803 869 851; x_wconf 78' lang='lat' dir='ltr'><strong>civitas</strong></span> <span class='ocrx_word' id='word_1_43' title='bbox 904 803 1244 867; x_wconf 89' lang='lat' dir='ltr'><strong>potentissima</strong></span> <span class='ocrx_word' id='word_1_44' title='bbox 1277 803 1338 851; x_wconf 85' lang='lat' dir='ltr'><strong>ad</strong></span> <span class='ocrx_word' id='word_1_45' title='bbox 1374 808 1554 851; x_wconf 88' lang='lat' dir='ltr'><strong>tantam</strong></span> <span class='ocrx_word' id='word_1_46' title='bbox 1578 802 1792 868; x_wconf 86' lang='lat' dir='ltr'><strong>inopiam</strong></span> <span class='ocrx_word' id='word_1_47' title='bbox 1825 805 2042 863; x_wconf 84' lang='lat' dir='ltr'><strong>redacta,</strong></span> 
     </span>
     <span class='ocr_line' id='line_1_8' title="bbox 373 882 2042 946; baseline 0 -15"><span class='ocrx_word' id='word_1_48' title='bbox 373 887 430 931; x_wconf 83' lang='lat' dir='ltr'><strong>ut</strong></span> <span class='ocrx_word' id='word_1_49' title='bbox 478 897 541 929; x_wconf 87' lang='lat' dir='ltr'><strong>ne</strong></span> <span class='ocrx_word' id='word_1_50' title='bbox 589 883 862 931; x_wconf 88' lang='lat' dir='ltr'><strong>occisorum</strong></span> <span class='ocrx_word' id='word_1_51' title='bbox 914 882 1110 946; x_wconf 89' lang='lat' dir='ltr'><strong>quidem</strong></span> <span class='ocrx_word' id='word_1_52' title='bbox 1163 883 1224 930; x_wconf 91' lang='lat' dir='ltr'><strong>ad</strong></span> <span class='ocrx_word' id='word_1_53' title='bbox 1259 883 1498 932; x_wconf 87' lang='lat' dir='ltr'><strong>honorem</strong></span> <span class='ocrx_word' id='word_1_54' title='bbox 1534 883 1880 933; x_wconf 88' lang='lat' dir='ltr'><strong>vindicandum</strong></span> <span class='ocrx_word' id='word_1_55' title='bbox 1913 885 2042 932; x_wconf 85' lang='lat' dir='ltr'><strong>vires</strong></span> 
     </span>
     <span class='ocr_line' id='line_1_9' title="bbox 372 961 1178 1032; baseline -0.001 -21"><span class='ocrx_word' id='word_1_56' title='bbox 372 961 682 1020; x_wconf 84' lang='lat' dir='ltr'><strong>sufficerent,</strong></span> <span class='ocrx_word' id='word_1_57' title='bbox 715 962 861 1026; x_wconf 89' lang='lat' dir='ltr'><strong>plane</strong></span> <span class='ocrx_word' id='word_1_58' title='bbox 894 963 1049 1011; x_wconf 89' lang='lat' dir='ltr'><strong>aliena</strong></span> <span class='ocrx_word' id='word_1_59' title='bbox 1083 968 1178 1032; x_wconf 61' lang='lat' dir='ltr'><strong>est3</strong></span> 
     </span>
    </p>

    <p class='ocr_par' dir='ltr' id='par_1_3' title="bbox 361 1041 2042 2304">
     <span class='ocr_line' id='line_1_10' title="bbox 497 1041 2042 1104; baseline 0.001 -14"><span class='ocrx_word' id='word_1_60' title='bbox 497 1041 789 1104; x_wconf 83' lang='lat' dir='ltr'><strong>Respondet</strong></span> <span class='ocrx_word' id='word_1_61' title='bbox 822 1042 1063 1090; x_wconf 82' lang='lat' dir='ltr'><strong>Adrastus</strong></span> <span class='ocrx_word' id='word_1_62' title='bbox 1123 1058 1218 1091; x_wconf 91' lang='lat' dir='ltr'><strong>non</strong></span> <span class='ocrx_word' id='word_1_63' title='bbox 1251 1041 1462 1091; x_wconf 88' lang='lat' dir='ltr'><strong>iudicem</strong></span> <span class='ocrx_word' id='word_1_64' title='bbox 1513 1041 1605 1091; x_wconf 89' lang='lat' dir='ltr'><strong>sibi</strong></span> <span class='ocrx_word' id='word_1_65' title='bbox 1655 1043 1732 1091; x_wconf 89' lang='lat' dir='ltr'><strong>vel</strong></span> <span class='ocrx_word' id='word_1_66' title='bbox 1767 1058 2042 1103; x_wconf 79' lang='lat' dir='ltr'><strong>censorem,</strong></span> 
     </span>
     <span class='ocr_line' id='line_1_11' title="bbox 371 1120 2039 1187; baseline 0 -15"><span class='ocrx_word' id='word_1_67' title='bbox 371 1122 461 1172; x_wconf 88' lang='lat' dir='ltr'><strong>sed</strong></span> <span class='ocrx_word' id='word_1_68' title='bbox 511 1121 757 1170; x_wconf 90' lang='lat' dir='ltr'><strong>medicum</strong></span> <span class='ocrx_word' id='word_1_69' title='bbox 803 1120 1147 1185; x_wconf 82' lang='lat' dir='ltr'><strong>vindicemque</strong></span> <span class='ocrx_word' id='word_1_70' title='bbox 1193 1137 1318 1187; x_wconf 86' lang='lat' dir='ltr'><strong>opus</strong></span> <span class='ocrx_word' id='word_1_71' title='bbox 1354 1137 1481 1171; x_wconf 88' lang='lat' dir='ltr'><strong>esse.</strong></span> <span class='ocrx_word' id='word_1_72' title='bbox 1550 1122 1694 1184; x_wconf 78' lang='lat' dir='ltr'><strong>Quod</strong></span> <span class='ocrx_word' id='word_1_73' title='bbox 1730 1124 1773 1170; x_wconf 88' lang='lat' dir='ltr'><strong>si</strong></span> <span class='ocrx_word' id='word_1_74' title='bbox 1807 1124 2039 1187; x_wconf 86' lang='lat' dir='ltr'><strong>repudie-</strong></span> 
     </span>
     <span class='ocr_line' id='line_1_12' title="bbox 369 1200 2039 1264; baseline -0.001 -11"><span class='ocrx_word' id='word_1_75' title='bbox 369 1210 479 1261; x_wconf 89' lang='lat' dir='ltr'><strong>tur,</strong></span> <span class='ocrx_word' id='word_1_76' title='bbox 523 1216 635 1249; x_wconf 88' lang='lat' dir='ltr'><strong>esse</strong></span> <span class='ocrx_word' id='word_1_77' title='bbox 668 1200 855 1249; x_wconf 86' lang='lat' dir='ltr'><strong>Thesei</strong></span> <span class='ocrx_word' id='word_1_78' title='bbox 887 1202 1093 1251; x_wconf 88' lang='lat' dir='ltr'><strong>decreto</strong></span> <span class='ocrx_word' id='word_1_79' title='bbox 1136 1201 1546 1264; x_wconf 90' lang='lat' dir='ltr'><strong>acquiescendum</strong></span> <span class='ocrx_word' id='word_1_80' title='bbox 1595 1207 1648 1250; x_wconf 92' lang='lat' dir='ltr'><strong>et</strong></span> <span class='ocrx_word' id='word_1_81' title='bbox 1693 1203 1881 1251; x_wconf 90' lang='lat' dir='ltr'><strong>relictis</strong></span> <span class='ocrx_word' id='word_1_82' title='bbox 1930 1219 2039 1252; x_wconf 88' lang='lat' dir='ltr'><strong>ver-</strong></span> 
     </span>
     <span class='ocr_line' id='line_1_13' title="bbox 369 1282 2038 1346; baseline 0 -15"><span class='ocrx_word' id='word_1_83' title='bbox 369 1283 539 1339; x_wconf 86' lang='lat' dir='ltr'><strong>benis,</strong></span> <span class='ocrx_word' id='word_1_84' title='bbox 586 1297 713 1344; x_wconf 88' lang='lat' dir='ltr'><strong>quae</strong></span> <span class='ocrx_word' id='word_1_85' title='bbox 746 1282 844 1328; x_wconf 89' lang='lat' dir='ltr'><strong>sint</strong></span> <span class='ocrx_word' id='word_1_86' title='bbox 879 1285 1077 1345; x_wconf 83' lang='lat' dir='ltr'><strong>spretae</strong></span> <span class='ocrx_word' id='word_1_87' title='bbox 1111 1282 1483 1346; x_wconf 83' lang='lat' dir='ltr'><strong>supplicationis</strong></span> <span class='ocrx_word' id='word_1_88' title='bbox 1519 1282 1818 1342; x_wconf 85' lang='lat' dir='ltr'><strong>testimonia,</strong></span> <span class='ocrx_word' id='word_1_89' title='bbox 1853 1283 2038 1331; x_wconf 83' lang='lat' dir='ltr'><strong>abeun-</strong></span> 
     </span>
     <span class='ocr_line' id='line_1_14' title="bbox 366 1360 2038 1427; baseline 0 -16"><span class='ocrx_word' id='word_1_90' title='bbox 366 1363 502 1412; x_wconf 89' lang='lat' dir='ltr'><strong>dum.</strong></span> <span class='ocrx_word' id='word_1_91' title='bbox 571 1360 807 1408; x_wconf 80' lang='lat' dir='ltr'><strong>Mulieres</strong></span> <span class='ocrx_word' id='word_1_92' title='bbox 841 1376 986 1422; x_wconf 87' lang='lat' dir='ltr'><strong>vero,</strong></span> <span class='ocrx_word' id='word_1_93' title='bbox 1033 1362 1319 1426; x_wconf 88' lang='lat' dir='ltr'><strong>priusquam</strong></span> <span class='ocrx_word' id='word_1_94' title='bbox 1357 1361 1403 1410; x_wconf 90' lang='lat' dir='ltr'><strong>ei</strong></span> <span class='ocrx_word' id='word_1_95' title='bbox 1437 1363 1796 1427; x_wconf 83' lang='lat' dir='ltr'><strong>obsequantur,</strong></span> <span class='ocrx_word' id='word_1_96' title='bbox 1845 1363 2038 1411; x_wconf 78' lang='lat' dir='ltr'><strong>iteratis</strong></span> 
     </span>
     <span class='ocr_line' id='line_1_15' title="bbox 365 1439 2039 1506; baseline 0.001 -15"><span class='ocrx_word' id='word_1_97' title='bbox 365 1441 599 1506; x_wconf 90' lang='lat' dir='ltr'><strong>precibus</strong></span> <span class='ocrx_word' id='word_1_98' title='bbox 636 1440 847 1489; x_wconf 89' lang='lat' dir='ltr'><strong>animum</strong></span> <span class='ocrx_word' id='word_1_99' title='bbox 884 1439 1071 1490; x_wconf 86' lang='lat' dir='ltr'><strong>Thesei</strong></span> <span class='ocrx_word' id='word_1_100' title='bbox 1107 1446 1404 1506; x_wconf 83' lang='lat' dir='ltr'><strong>expugnare</strong></span> <span class='ocrx_word' id='word_1_101' title='bbox 1438 1447 1690 1491; x_wconf 86' lang='lat' dir='ltr'><strong>conantur.</strong></span> <span class='ocrx_word' id='word_1_102' title='bbox 1757 1442 2039 1492; x_wconf 87' lang='lat' dir='ltr'><strong>Admonent</strong></span> 
     </span>
     <span class='ocr_line' id='line_1_16' title="bbox 366 1519 2037 1586; baseline -0.001 -15"><span class='ocrx_word' id='word_1_103' title='bbox 366 1537 476 1571; x_wconf 89' lang='lat' dir='ltr'><strong>eum</strong></span> <span class='ocrx_word' id='word_1_104' title='bbox 513 1520 781 1571; x_wconf 88' lang='lat' dir='ltr'><strong>communis</strong></span> <span class='ocrx_word' id='word_1_105' title='bbox 816 1520 1011 1583; x_wconf 82' lang='lat' dir='ltr'><strong>stirpis3</strong></span> <span class='ocrx_word' id='word_1_106' title='bbox 1047 1536 1159 1569; x_wconf 89' lang='lat' dir='ltr'><strong>esse</strong></span> <span class='ocrx_word' id='word_1_107' title='bbox 1195 1521 1328 1569; x_wconf 90' lang='lat' dir='ltr'><strong>aiunt</strong></span> <span class='ocrx_word' id='word_1_108' title='bbox 1362 1519 1482 1569; x_wconf 83' lang='lat' dir='ltr'><strong>seris</strong></span> <span class='ocrx_word' id='word_1_109' title='bbox 1517 1537 1712 1586; x_wconf 87' lang='lat' dir='ltr'><strong>specus,</strong></span> <span class='ocrx_word' id='word_1_110' title='bbox 1748 1523 1902 1572; x_wconf 86' lang='lat' dir='ltr'><strong>servis</strong></span> <span class='ocrx_word' id='word_1_111' title='bbox 1927 1537 2037 1571; x_wconf 87' lang='lat' dir='ltr'><strong>aras</strong></span> 
     </span>
     <span class='ocr_line' id='line_1_17' title="bbox 365 1599 2036 1665; baseline -0.001 -14"><span class='ocrx_word' id='word_1_112' title='bbox 365 1603 601 1660; x_wconf 88' lang='lat' dir='ltr'><strong>deorum,</strong></span> <span class='ocrx_word' id='word_1_113' title='bbox 655 1599 931 1648; x_wconf 83' lang='lat' dir='ltr'><strong>civitatibus</strong></span> <span class='ocrx_word' id='word_1_114' title='bbox 978 1600 1201 1648; x_wconf 80' lang='lat' dir='ltr'><strong>civitates</strong></span> <span class='ocrx_word' id='word_1_115' title='bbox 1236 1600 1494 1665; x_wconf 80' lang='lat' dir='ltr'><strong>perfugio,</strong></span> <span class='ocrx_word' id='word_1_116' title='bbox 1529 1616 1689 1664; x_wconf 88' lang='lat' dir='ltr'><strong>neque</strong></span> <span class='ocrx_word' id='word_1_117' title='bbox 1724 1618 1750 1649; x_wconf 91' lang='lat' dir='ltr'><strong>a</strong></span> <span class='ocrx_word' id='word_1_118' title='bbox 1787 1602 2036 1651; x_wconf 87' lang='lat' dir='ltr'><strong>calamita-</strong></span> 
     </span>
     <span class='ocr_line' id='line_1_18' title="bbox 364 1679 2036 1743; baseline 0 -14"><span class='ocrx_word' id='word_1_119' title='bbox 364 1681 500 1731; x_wconf 85' lang='lat' dir='ltr'><strong>tibus</strong></span> <span class='ocrx_word' id='word_1_120' title='bbox 535 1695 826 1743; x_wconf 89' lang='lat' dir='ltr'><strong>quemquam</strong></span> <span class='ocrx_word' id='word_1_121' title='bbox 860 1679 1140 1728; x_wconf 80' lang='lat' dir='ltr'><strong>mortalium</strong></span> <span class='ocrx_word' id='word_1_122' title='bbox 1177 1684 1338 1727; x_wconf 84' lang='lat' dir='ltr'><strong>tutum</strong></span> <span class='ocrx_word' id='word_1_123' title='bbox 1384 1696 1513 1728; x_wconf 88' lang='lat' dir='ltr'><strong>esse.</strong></span> <span class='ocrx_word' id='word_1_124' title='bbox 1582 1679 1712 1729; x_wconf 91' lang='lat' dir='ltr'><strong>Tum</strong></span> <span class='ocrx_word' id='word_1_125' title='bbox 1747 1682 1919 1730; x_wconf 85' lang='lat' dir='ltr'><strong>relicta</strong></span> <span class='ocrx_word' id='word_1_126' title='bbox 1953 1697 2036 1729; x_wconf 91' lang='lat' dir='ltr'><strong>or-</strong></span> 
     </span>
     <span class='ocr_line' id='line_1_19' title="bbox 364 1756 2036 1825; baseline 0 -15"><span class='ocrx_word' id='word_1_127' title='bbox 364 1762 559 1810; x_wconf 87' lang='lat' dir='ltr'><strong>chestra</strong></span> <span class='ocrx_word' id='word_1_128' title='bbox 580 1759 684 1807; x_wconf 83' lang='lat' dir='ltr'><strong>sive</strong></span> <span class='ocrx_word' id='word_1_129' title='bbox 713 1757 1031 1806; x_wconf 84' lang='lat' dir='ltr'><strong>fundamento</strong></span> <span class='ocrx_word' id='word_1_130' title='bbox 1048 1756 1300 1824; x_wconf 81' lang='grc' dir='ltr'>(δαπέδῳ)</span> <span class='ocrx_word' id='word_1_131' title='bbox 1317 1759 1490 1823; x_wconf 90' lang='lat' dir='ltr'><strong>templi</strong></span> <span class='ocrx_word' id='word_1_132' title='bbox 1518 1759 1568 1807; x_wconf 93' lang='lat' dir='ltr'><strong>in</strong></span> <span class='ocrx_word' id='word_1_133' title='bbox 1594 1760 1835 1825; x_wconf 90' lang='lat' dir='ltr'><strong>pulpitum</strong></span> <span class='ocrx_word' id='word_1_134' title='bbox 1861 1777 2036 1810; x_wconf 88' lang='lat' dir='ltr'><strong>escen-</strong></span> 
     </span>
     <span class='ocr_line' id='line_1_20' title="bbox 362 1839 2035 1906; baseline -0.002 -15"><span class='ocrx_word' id='word_1_135' title='bbox 362 1843 487 1891; x_wconf 83' lang='lat' dir='ltr'><strong>dunt</strong></span> <span class='ocrx_word' id='word_1_136' title='bbox 531 1846 582 1889; x_wconf 90' lang='lat' dir='ltr'><strong>et</strong></span> <span class='ocrx_word' id='word_1_137' title='bbox 626 1841 674 1888; x_wconf 92' lang='lat' dir='ltr'><strong>in</strong></span> <span class='ocrx_word' id='word_1_138' title='bbox 724 1854 882 1903; x_wconf 85' lang='lat' dir='ltr'><strong>genua</strong></span> <span class='ocrx_word' id='word_1_139' title='bbox 941 1845 1146 1888; x_wconf 88' lang='lat' dir='ltr'><strong>cunctae</strong></span> <span class='ocrx_word' id='word_1_140' title='bbox 1197 1842 1317 1889; x_wconf 89' lang='lat' dir='ltr'><strong>orbe</strong></span> <span class='ocrx_word' id='word_1_141' title='bbox 1361 1839 1498 1888; x_wconf 87' lang='lat' dir='ltr'><strong>facto</strong></span> <span class='ocrx_word' id='word_1_142' title='bbox 1544 1841 1897 1904; x_wconf 86' lang='lat' dir='ltr'><strong>procumbunt,</strong></span> <span class='ocrx_word' id='word_1_143' title='bbox 1947 1856 2035 1906; x_wconf 83' lang='lat' dir='ltr'><strong>ge-</strong></span> 
     </span>
     <span class='ocr_line' id='line_1_21' title="bbox 364 1918 2033 1983; baseline -0.002 -12"><span class='ocrx_word' id='word_1_144' title='bbox 364 1939 459 1971; x_wconf 87' lang='lat' dir='ltr'><strong>nua</strong></span> <span class='ocrx_word' id='word_1_145' title='bbox 491 1919 677 1968; x_wconf 85' lang='lat' dir='ltr'><strong>Thesei</strong></span> <span class='ocrx_word' id='word_1_146' title='bbox 723 1934 994 1981; x_wconf 89' lang='lat' dir='ltr'><strong>manusque</strong></span> <span class='ocrx_word' id='word_1_147' title='bbox 1041 1918 1427 1983; x_wconf 87' lang='lat' dir='ltr'><strong>amplectentes,</strong></span> <span class='ocrx_word' id='word_1_148' title='bbox 1476 1935 1585 1968; x_wconf 92' lang='lat' dir='ltr'><strong>cum</strong></span> <span class='ocrx_word' id='word_1_149' title='bbox 1629 1920 1873 1980; x_wconf 78' lang='lat' dir='ltr'><strong>lacrimis,</strong></span> <span class='ocrx_word' id='word_1_150' title='bbox 1923 1936 2033 1969; x_wconf 88' lang='lat' dir='ltr'><strong>cum</strong></span> 
     </span>
     <span class='ocr_line' id='line_1_22' title="bbox 361 1998 2034 2064; baseline -0.001 -13"><span class='ocrx_word' id='word_1_151' title='bbox 361 1999 514 2051; x_wconf 83' lang='lat' dir='ltr'><strong>flebili</strong></span> <span class='ocrx_word' id='word_1_152' title='bbox 562 1998 748 2062; x_wconf 81' lang='lat' dir='ltr'><strong>gemitu</strong></span> <span class='ocrx_word' id='word_1_153' title='bbox 797 2002 1028 2057; x_wconf 78' lang='lat' dir='ltr'><strong>oranteS,</strong></span> <span class='ocrx_word' id='word_1_154' title='bbox 1061 2003 1116 2046; x_wconf 89' lang='lat' dir='ltr'><strong>ut</strong></span> <span class='ocrx_word' id='word_1_155' title='bbox 1149 1998 1415 2047; x_wconf 87' lang='lat' dir='ltr'><strong>liberorum</strong></span> <span class='ocrx_word' id='word_1_156' title='bbox 1449 2014 1655 2064; x_wconf 89' lang='lat' dir='ltr'><strong>corpora</strong></span> <span class='ocrx_word' id='word_1_157' title='bbox 1680 2001 1918 2049; x_wconf 87' lang='lat' dir='ltr'><strong>matribus</strong></span> <span class='ocrx_word' id='word_1_158' title='bbox 1951 2016 2034 2048; x_wconf 85' lang='lat' dir='ltr'><strong>re·-</strong></span> 
     </span>
     <span class='ocr_line' id='line_1_23' title="bbox 365 2077 2032 2142; baseline -0.002 -12"><span class='ocrx_word' id='word_1_159' title='bbox 365 2083 551 2130; x_wconf 87' lang='lat' dir='ltr'><strong>stituat.</strong></span> <span class='ocrx_word' id='word_1_160' title='bbox 618 2077 731 2127; x_wconf 93' lang='lat' dir='ltr'><strong>Hoc</strong></span> <span class='ocrx_word' id='word_1_161' title='bbox 765 2077 969 2126; x_wconf 89' lang='lat' dir='ltr'><strong>alterum</strong></span> <span class='ocrx_word' id='word_1_162' title='bbox 1008 2093 1204 2126; x_wconf 87' lang='lat' dir='ltr'><strong>carmen</strong></span> <span class='ocrx_word' id='word_1_163' title='bbox 1241 2084 1440 2126; x_wconf 90' lang='lat' dir='ltr'><strong>cantans</strong></span> <span class='ocrx_word' id='word_1_164' title='bbox 1475 2078 1675 2135; x_wconf 80' lang='lat' dir='ltr'><strong>choruS‚</strong></span> <span class='ocrx_word' id='word_1_165' title='bbox 1711 2095 1917 2142; x_wconf 88' lang='lat' dir='ltr'><strong>quanam</strong></span> <span class='ocrx_word' id='word_1_166' title='bbox 1954 2095 2032 2126; x_wconf 88' lang='lat' dir='ltr'><strong>ra-</strong></span> 
     </span>
     <span class='ocr_line' id='line_1_24' title="bbox 362 2157 2033 2222; baseline -0.002 -12"><span class='ocrx_word' id='word_1_167' title='bbox 362 2162 497 2211; x_wconf 87' lang='lat' dir='ltr'><strong>tione</strong></span> <span class='ocrx_word' id='word_1_168' title='bbox 539 2157 775 2219; x_wconf 87' lang='lat' dir='ltr'><strong>saltandi,</strong></span> <span class='ocrx_word' id='word_1_169' title='bbox 820 2157 856 2204; x_wconf 91' lang='lat' dir='ltr'><strong>i.</strong></span> <span class='ocrx_word' id='word_1_170' title='bbox 893 2175 938 2207; x_wconf 91' lang='lat' dir='ltr'><strong>e.</strong></span> <span class='ocrx_word' id='word_1_171' title='bbox 973 2158 1035 2206; x_wconf 90' lang='lat' dir='ltr'><strong>ad</strong></span> <span class='ocrx_word' id='word_1_172' title='bbox 1082 2173 1339 2206; x_wconf 90' lang='lat' dir='ltr'><strong>numerum</strong></span> <span class='ocrx_word' id='word_1_173' title='bbox 1375 2174 1432 2206; x_wconf 87' lang='lat' dir='ltr'><strong>se</strong></span> <span class='ocrx_word' id='word_1_174' title='bbox 1464 2157 1695 2206; x_wconf 87' lang='lat' dir='ltr'><strong>movendi</strong></span> <span class='ocrx_word' id='word_1_175' title='bbox 1726 2158 2033 2222; x_wconf 85' lang='lat' dir='ltr'><strong>gesticulan—</strong></span> 
     </span>
     <span class='ocr_line' id='line_1_25' title="bbox 361 2237 1849 2304; baseline -0.003 -14"><span class='ocrx_word' id='word_1_176' title='bbox 361 2241 512 2304; x_wconf 89' lang='lat' dir='ltr'><strong>dique</strong></span> <span class='ocrx_word' id='word_1_177' title='bbox 546 2254 664 2287; x_wconf 89' lang='lat' dir='ltr'><strong>usus</strong></span> <span class='ocrx_word' id='word_1_178' title='bbox 698 2238 790 2296; x_wconf 90' lang='lat' dir='ltr'><strong>sit,</strong></span> <span class='ocrx_word' id='word_1_179' title='bbox 842 2245 1020 2302; x_wconf 89' lang='lat' dir='ltr'><strong>poetae</strong></span> <span class='ocrx_word' id='word_1_180' title='bbox 1059 2238 1210 2286; x_wconf 88' lang='lat' dir='ltr'><strong>verba</strong></span> <span class='ocrx_word' id='word_1_181' title='bbox 1256 2238 1365 2301; x_wconf 86' lang='lat' dir='ltr'><strong>ipsa</strong></span> <span class='ocrx_word' id='word_1_182' title='bbox 1411 2238 1530 2286; x_wconf 90' lang='lat' dir='ltr'><strong>satis</strong></span> <span class='ocrx_word' id='word_1_183' title='bbox 1579 2237 1849 2286; x_wconf 87' lang='lat' dir='ltr'><strong>declarant.</strong></span> 
     </span>
    </p>

    <p class='ocr_par' dir='ltr' id='par_1_4' title="bbox 356 2316 2032 3497">
     <span class='ocr_line' id='line_1_26' title="bbox 421 2316 2032 2382; baseline -0.002 -13"><span class='ocrx_word' id='word_1_184' title='bbox 421 2344 427 2350; x_wconf 92' lang='lat'><strong>·</strong></span> <span class='ocrx_word' id='word_1_185' title='bbox 458 2320 583 2370; x_wconf 88' lang='lat' dir='ltr'><strong>Tam</strong></span> <span class='ocrx_word' id='word_1_186' title='bbox 601 2317 866 2366; x_wconf 88' lang='lat' dir='ltr'><strong>miserabili</strong></span> <span class='ocrx_word' id='word_1_187' title='bbox 885 2316 1167 2382; x_wconf 90' lang='lat' dir='ltr'><strong>spectaculo</strong></span> <span class='ocrx_word' id='word_1_188' title='bbox 1185 2332 1281 2364; x_wconf 91' lang='lat' dir='ltr'><strong>non</strong></span> <span class='ocrx_word' id='word_1_189' title='bbox 1296 2317 1466 2365; x_wconf 79' lang='lat' dir='ltr'><strong>leviter</strong></span> <span class='ocrx_word' id='word_1_190' title='bbox 1477 2316 1705 2366; x_wconf 86' lang='lat' dir='ltr'><strong>Theseus</strong></span> <span class='ocrx_word' id='word_1_191' title='bbox 1732 2317 1842 2381; x_wconf 90' lang='lat' dir='ltr'><strong>ipse</strong></span> <span class='ocrx_word' id='word_1_192' title='bbox 1858 2333 2032 2367; x_wconf 88' lang='lat' dir='ltr'><strong>move-</strong></span> 
     </span>
     <span class='ocr_line' id='line_1_27' title="bbox 361 2395 2031 2462; baseline -0.004 -11"><span class='ocrx_word' id='word_1_193' title='bbox 361 2408 441 2451; x_wconf 90' lang='lat' dir='ltr'><strong>tur</strong></span> <span class='ocrx_word' id='word_1_194' title='bbox 455 2418 471 2462; x_wconf 82' lang='lat'>3</span> <span class='ocrx_word' id='word_1_195' title='bbox 508 2399 695 2448; x_wconf 85' lang='lat' dir='ltr'><strong>Aethra</strong></span> <span class='ocrx_word' id='word_1_196' title='bbox 704 2413 822 2446; x_wconf 85' lang='lat' dir='ltr'><strong>vero</strong></span> <span class='ocrx_word' id='word_1_197' title='bbox 838 2396 1071 2446; x_wconf 87' lang='lat' dir='ltr'><strong>obvoluto</strong></span> <span class='ocrx_word' id='word_1_198' title='bbox 1085 2396 1479 2462; x_wconf 88' lang='lat' dir='ltr'><strong>capite&#39;dolorem</strong></span> <span class='ocrx_word' id='word_1_199' title='bbox 1494 2398 1540 2446; x_wconf 92' lang='lat' dir='ltr'><strong>in</strong></span> <span class='ocrx_word' id='word_1_200' title='bbox 1552 2396 1782 2445; x_wconf 87' lang='lat' dir='ltr'><strong>lacrimas</strong></span> <span class='ocrx_word' id='word_1_201' title='bbox 1798 2395 2031 2456; x_wconf 81' lang='lat' dir='ltr'><strong>effundit3</strong></span> 
     </span>
     <span class='ocr_line' id='line_1_28' title="bbox 361 2476 2031 2541; baseline -0.004 -11"><span class='ocrx_word' id='word_1_202' title='bbox 361 2486 496 2541; x_wconf 91' lang='lat' dir='ltr'><strong>tum,</strong></span> <span class='ocrx_word' id='word_1_203' title='bbox 545 2478 830 2527; x_wconf 86' lang='lat' dir='ltr'><strong>consolante</strong></span> <span class='ocrx_word' id='word_1_204' title='bbox 863 2492 972 2525; x_wconf 86' lang='lat' dir='ltr'><strong>eam</strong></span> <span class='ocrx_word' id='word_1_205' title='bbox 1005 2476 1139 2537; x_wconf 87' lang='lat' dir='ltr'><strong>filio,</strong></span> <span class='ocrx_word' id='word_1_206' title='bbox 1191 2477 1500 2525; x_wconf 88' lang='lat' dir='ltr'><strong>occasionem</strong></span> <span class='ocrx_word' id='word_1_207' title='bbox 1534 2483 1674 2524; x_wconf 87' lang='lat' dir='ltr'><strong>nacta</strong></span> <span class='ocrx_word' id='word_1_208' title='bbox 1708 2492 1799 2540; x_wconf 88' lang='lat' dir='ltr'><strong>pro</strong></span> <span class='ocrx_word' id='word_1_209' title='bbox 1832 2476 2031 2541; x_wconf 84' lang='lat' dir='ltr'><strong>Argivis</strong></span> 
     </span>
     <span class='ocr_line' id='line_1_29' title="bbox 361 2555 2029 2621; baseline -0.004 -11"><span class='ocrx_word' id='word_1_210' title='bbox 361 2559 720 2615; x_wconf 85' lang='lat' dir='ltr'><strong>intercedendi,</strong></span> <span class='ocrx_word' id='word_1_211' title='bbox 756 2573 916 2621; x_wconf 87' lang='lat' dir='ltr'><strong>neque</strong></span> <span class='ocrx_word' id='word_1_212' title='bbox 948 2556 1280 2619; x_wconf 86' lang='lat' dir='ltr'><strong>repudiandas</strong></span> <span class='ocrx_word' id='word_1_213' title='bbox 1315 2572 1428 2605; x_wconf 88' lang='lat' dir='ltr'><strong>esse</strong></span> <span class='ocrx_word' id='word_1_214' title='bbox 1461 2555 1712 2620; x_wconf 90' lang='lat' dir='ltr'><strong>supplices</strong></span> <span class='ocrx_word' id='word_1_215' title='bbox 1747 2557 1909 2616; x_wconf 89' lang='lat' dir='ltr'><strong>docet,</strong></span> <span class='ocrx_word' id='word_1_216' title='bbox 1943 2572 2029 2604; x_wconf 88' lang='lat' dir='ltr'><strong>ne-</strong></span> 
     </span>
     <span class='ocr_line' id='line_1_30' title="bbox 361 2634 2030 2707; baseline -0.004 -17"><span class='ocrx_word' id='word_1_217' title='bbox 361 2658 457 2707; x_wconf 90' lang='lat' dir='ltr'><strong>que</strong></span> <span class='ocrx_word' id='word_1_218' title='bbox 489 2637 920 2696; x_wconf 85' lang='lat' dir='ltr'><strong>committendum,</strong></span> <span class='ocrx_word' id='word_1_219' title='bbox 966 2641 1022 2683; x_wconf 90' lang='lat' dir='ltr'><strong>ut</strong></span> <span class='ocrx_word' id='word_1_220' title='bbox 1067 2635 1322 2700; x_wconf 88' lang='lat' dir='ltr'><strong>sepultura</strong></span> <span class='ocrx_word' id='word_1_221' title='bbox 1368 2640 1421 2684; x_wconf 92' lang='lat' dir='ltr'><strong>et</strong></span> <span class='ocrx_word' id='word_1_222' title='bbox 1463 2636 1604 2683; x_wconf 90' lang='lat' dir='ltr'><strong>iustis</strong></span> <span class='ocrx_word' id='word_1_223' title='bbox 1653 2634 1909 2684; x_wconf 87' lang='lat' dir='ltr'><strong>funeribus</strong></span> <span class='ocrx_word' id='word_1_224' title='bbox 1943 2649 2030 2684; x_wconf 83' lang='lat' dir='ltr'><strong>ex-</strong></span> 
     </span>
     <span class='ocr_line' id='line_1_31' title="bbox 361 2714 2031 2784; baseline -0.005 -13"><span class='ocrx_word' id='word_1_225' title='bbox 361 2720 532 2771; x_wconf 87' lang='lat' dir='ltr'><strong>stincti</strong></span> <span class='ocrx_word' id='word_1_226' title='bbox 575 2718 953 2784; x_wconf 89' lang='lat' dir='ltr'><strong>prohibeantur,</strong></span> <span class='ocrx_word' id='word_1_227' title='bbox 1002 2715 1090 2764; x_wconf 93' lang='lat' dir='ltr'><strong>sed</strong></span> <span class='ocrx_word' id='word_1_228' title='bbox 1139 2714 1526 2777; x_wconf 88' lang='lat' dir='ltr'><strong>compescendos</strong></span> <span class='ocrx_word' id='word_1_229' title='bbox 1575 2715 1799 2763; x_wconf 90' lang='lat' dir='ltr'><strong>homines</strong></span> <span class='ocrx_word' id='word_1_230' title='bbox 1845 2714 2031 2763; x_wconf 83' lang='lat' dir='ltr'><strong>violen-</strong></span> 
     </span>
     <span class='ocr_line' id='line_1_32' title="bbox 359 2793 2030 2863; baseline -0.005 -12"><span class='ocrx_word' id='word_1_231' title='bbox 359 2807 464 2861; x_wconf 88' lang='lat' dir='ltr'><strong>tos,</strong></span> <span class='ocrx_word' id='word_1_232' title='bbox 527 2800 611 2863; x_wconf 92' lang='lat' dir='ltr'><strong>qui</strong></span> <span class='ocrx_word' id='word_1_233' title='bbox 678 2811 985 2846; x_wconf 88' lang='lat' dir='ltr'><strong>communem</strong></span> <span class='ocrx_word' id='word_1_234' title='bbox 1031 2794 1270 2843; x_wconf 87' lang='lat' dir='ltr'><strong>Graeciae</strong></span> <span class='ocrx_word' id='word_1_235' title='bbox 1316 2810 1504 2843; x_wconf 91' lang='lat' dir='ltr'><strong>morem</strong></span> <span class='ocrx_word' id='word_1_236' title='bbox 1562 2794 1895 2860; x_wconf 87' lang='lat' dir='ltr'><strong>interpellent.</strong></span> <span class='ocrx_word' id='word_1_237' title='bbox 1961 2793 2030 2842; x_wconf 80' lang='lat' dir='ltr'><strong>Et</strong></span> 
     </span>
     <span class='ocr_line' id='line_1_33' title="bbox 358 2875 2028 2939; baseline -0.006 -8"><span class='ocrx_word' id='word_1_238' title='bbox 358 2879 513 2931; x_wconf 87' lang='lat' dir='ltr'><strong>multo</strong></span> <span class='ocrx_word' id='word_1_239' title='bbox 546 2879 727 2928; x_wconf 88' lang='lat' dir='ltr'><strong>iustius</strong></span> <span class='ocrx_word' id='word_1_240' title='bbox 762 2875 1114 2939; x_wconf 85' lang='lat' dir='ltr'><strong>honestiusque</strong></span> <span class='ocrx_word' id='word_1_241' title='bbox 1145 2875 1277 2923; x_wconf 87' lang='lat' dir='ltr'><strong>hunc</strong></span> <span class='ocrx_word' id='word_1_242' title='bbox 1310 2875 1553 2932; x_wconf 88' lang='lat' dir='ltr'><strong>laborem,</strong></span> <span class='ocrx_word' id='word_1_243' title='bbox 1602 2890 1743 2937; x_wconf 87' lang='lat' dir='ltr'><strong>quam</strong></span> <span class='ocrx_word' id='word_1_244' title='bbox 1780 2879 2028 2922; x_wconf 89' lang='lat' dir='ltr'><strong>certamen</strong></span> 
     </span>
     <span class='ocr_line' id='line_1_34' title="bbox 359 2953 2027 3020; baseline -0.006 -11"><span class='ocrx_word' id='word_1_245' title='bbox 359 2976 474 3009; x_wconf 89' lang='lat' dir='ltr'><strong>cum</strong></span> <span class='ocrx_word' id='word_1_246' title='bbox 520 2975 609 3008; x_wconf 92' lang='lat' dir='ltr'><strong>sue</strong></span> <span class='ocrx_word' id='word_1_247' title='bbox 654 2957 813 3020; x_wconf 88' lang='lat' dir='ltr'><strong>aliqua</strong></span> <span class='ocrx_word' id='word_1_248' title='bbox 858 2955 1066 3020; x_wconf 86' lang='lat' dir='ltr'><strong>agresti,</strong></span> <span class='ocrx_word' id='word_1_249' title='bbox 1116 2955 1333 3018; x_wconf 85' lang='lat' dir='ltr'><strong>suscipi:</strong></span> <span class='ocrx_word' id='word_1_250' title='bbox 1394 2954 1711 3017; x_wconf 88' lang='lat' dir='ltr'><strong>quamobrem</strong></span> <span class='ocrx_word' id='word_1_251' title='bbox 1757 2953 2027 3002; x_wconf 90' lang='lat' dir='ltr'><strong>cavendum</strong></span> 
     </span>
     <span class='ocr_line' id='line_1_35' title="bbox 359 3032 2029 3101; baseline -0.005 -12"><span class='ocrx_word' id='word_1_252' title='bbox 359 3055 490 3100; x_wconf 86' lang='lat' dir='ltr'><strong>esse,</strong></span> <span class='ocrx_word' id='word_1_253' title='bbox 525 3055 588 3088; x_wconf 89' lang='lat' dir='ltr'><strong>ne</strong></span> <span class='ocrx_word' id='word_1_254' title='bbox 621 3038 729 3101; x_wconf 92' lang='lat' dir='ltr'><strong>quis</strong></span> <span class='ocrx_word' id='word_1_255' title='bbox 764 3035 995 3094; x_wconf 85' lang='lat' dir='ltr'><strong>Theseo,</strong></span> <span class='ocrx_word' id='word_1_256' title='bbox 1032 3035 1075 3082; x_wconf 88' lang='lat' dir='ltr'><strong>si</strong></span> <span class='ocrx_word' id='word_1_257' title='bbox 1109 3035 1381 3093; x_wconf 86' lang='lat' dir='ltr'><strong>detrectet,</strong></span> <span class='ocrx_word' id='word_1_258' title='bbox 1428 3033 1525 3081; x_wconf 88' lang='lat' dir='ltr'><strong>tela</strong></span> <span class='ocrx_word' id='word_1_259' title='bbox 1559 3039 1611 3081; x_wconf 89' lang='lat' dir='ltr'><strong>et</strong></span> <span class='ocrx_word' id='word_1_260' title='bbox 1644 3035 1798 3082; x_wconf 86' lang='lat' dir='ltr'><strong>aciem</strong></span> <span class='ocrx_word' id='word_1_261' title='bbox 1832 3032 2029 3081; x_wconf 88' lang='lat' dir='ltr'><strong>horrori</strong></span> 
     </span>
     <span class='ocr_line' id='line_1_36' title="bbox 356 3112 2027 3181; baseline -0.005 -13"><span class='ocrx_word' id='word_1_262' title='bbox 356 3119 517 3169; x_wconf 85' lang='lat' dir='ltr'><strong>fuisse</strong></span> <span class='ocrx_word' id='word_1_263' title='bbox 579 3119 862 3181; x_wconf 75' lang='lat' dir='ltr'><strong>exprobret.</strong></span> <span class='ocrx_word' id='word_1_264' title='bbox 942 3114 1106 3163; x_wconf 89' lang='lat' dir='ltr'><strong>Torvo</strong></span> <span class='ocrx_word' id='word_1_265' title='bbox 1159 3114 1301 3169; x_wconf 29' lang='lat' dir='ltr'><strong>vultu·</strong></span> <span class='ocrx_word' id='word_1_266' title='bbox 1355 3112 1594 3177; x_wconf 88' lang='lat' dir='ltr'><strong>populum</strong></span> <span class='ocrx_word' id='word_1_267' title='bbox 1653 3112 2027 3162; x_wconf 83' lang='lat' dir='ltr'><strong>Atheniensium</strong></span> 
     </span>
     <span class='ocr_line' id='line_1_37' title="bbox 359 3191 2027 3259; baseline -0.006 -10"><span class='ocrx_word' id='word_1_268' title='bbox 359 3198 570 3258; x_wconf 88' lang='lat' dir='ltr'><strong>intueri,</strong></span> <span class='ocrx_word' id='word_1_269' title='bbox 606 3198 650 3245; x_wconf 90' lang='lat' dir='ltr'><strong>si</strong></span> <span class='ocrx_word' id='word_1_270' title='bbox 685 3196 794 3259; x_wconf 89' lang='lat' dir='ltr'><strong>quis</strong></span> <span class='ocrx_word' id='word_1_271' title='bbox 831 3194 1112 3252; x_wconf 80' lang='lat' dir='ltr'><strong>cavilletur3</strong></span> <span class='ocrx_word' id='word_1_272' title='bbox 1160 3193 1253 3241; x_wconf 90' lang='lat' dir='ltr'><strong>hac</strong></span> <span class='ocrx_word' id='word_1_273' title='bbox 1287 3193 1475 3241; x_wconf 88' lang='lat' dir='ltr'><strong>ratione</strong></span> <span class='ocrx_word' id='word_1_274' title='bbox 1509 3198 1701 3239; x_wconf 86' lang='lat' dir='ltr'><strong>auctum</strong></span> <span class='ocrx_word' id='word_1_275' title='bbox 1739 3204 1850 3239; x_wconf 87' lang='lat' dir='ltr'><strong>esse</strong></span> <span class='ocrx_word' id='word_1_276' title='bbox 1885 3191 2027 3239; x_wconf 88' lang='lat' dir='ltr'><strong>labo-</strong></span> 
     </span>
     <span class='ocr_line' id='line_1_38' title="bbox 360 3270 2026 3339; baseline -0.007 -10"><span class='ocrx_word' id='word_1_277' title='bbox 360 3280 527 3329; x_wconf 88' lang='lat' dir='ltr'><strong>ribus:</strong></span> <span class='ocrx_word' id='word_1_278' title='bbox 574 3282 744 3325; x_wconf 84' lang='lat' dir='ltr'><strong>contra</strong></span> <span class='ocrx_word' id='word_1_279' title='bbox 791 3291 919 3339; x_wconf 89' lang='lat' dir='ltr'><strong>quae</strong></span> <span class='ocrx_word' id='word_1_280' title='bbox 966 3279 1138 3323; x_wconf 86' lang='lat' dir='ltr'><strong>cautae</strong></span> <span class='ocrx_word' id='word_1_281' title='bbox 1185 3273 1437 3336; x_wconf 86' lang='lat' dir='ltr'><strong>quiescant</strong></span> <span class='ocrx_word' id='word_1_282' title='bbox 1469 3271 1689 3320; x_wconf 87' lang='lat' dir='ltr'><strong>civitates</strong></span> <span class='ocrx_word' id='word_1_283' title='bbox 1722 3271 1772 3318; x_wconf 93' lang='lat' dir='ltr'><strong>in</strong></span> <span class='ocrx_word' id='word_1_284' title='bbox 1804 3270 2026 3318; x_wconf 88' lang='lat' dir='ltr'><strong>tenebris</strong></span> 
     </span>
     <span class='ocr_line' id='line_1_39' title="bbox 358 3350 2028 3415; baseline -0.007 -7"><span class='ocrx_word' id='word_1_285' title='bbox 358 3359 514 3408; x_wconf 89' lang='lat' dir='ltr'><strong>latere</strong></span> <span class='ocrx_word' id='word_1_286' title='bbox 557 3357 807 3407; x_wconf 86' lang='lat' dir='ltr'><strong>obscuras.</strong></span> <span class='ocrx_word' id='word_1_287' title='bbox 887 3353 1101 3402; x_wconf 89' lang='lat' dir='ltr'><strong>Proinde</strong></span> <span class='ocrx_word' id='word_1_288' title='bbox 1144 3367 1287 3415; x_wconf 85' lang='lat' dir='ltr'><strong>opem</strong></span> <span class='ocrx_word' id='word_1_289' title='bbox 1335 3351 1467 3400; x_wconf 88' lang='lat' dir='ltr'><strong>ferat</strong></span> <span class='ocrx_word' id='word_1_290' title='bbox 1512 3351 1631 3400; x_wconf 87' lang='lat' dir='ltr'><strong>viris</strong></span> <span class='ocrx_word' id='word_1_291' title='bbox 1677 3350 1931 3398; x_wconf 84' lang='lat' dir='ltr'><strong>exstinctis</strong></span> <span class='ocrx_word' id='word_1_292' title='bbox 1975 3355 2028 3397; x_wconf 90' lang='lat' dir='ltr'><strong>et</strong></span> 
     </span>
     <span class='ocr_line' id='line_1_40' title="bbox 359 3428 2028 3497; baseline -0.006 -10"><span class='ocrx_word' id='word_1_293' title='bbox 359 3437 649 3487; x_wconf 88' lang='lat' dir='ltr'><strong>mulieribus</strong></span> <span class='ocrx_word' id='word_1_294' title='bbox 697 3434 927 3494; x_wconf 81' lang='lat' dir='ltr'><strong>affiictis3</strong></span> <span class='ocrx_word' id='word_1_295' title='bbox 971 3448 1132 3497; x_wconf 89' lang='lat' dir='ltr'><strong>neque</strong></span> <span class='ocrx_word' id='word_1_296' title='bbox 1168 3447 1224 3481; x_wconf 88' lang='lat' dir='ltr'><strong>se</strong></span> <span class='ocrx_word' id='word_1_297' title='bbox 1267 3438 1475 3480; x_wconf 87' lang='lat' dir='ltr'><strong>matrem</strong></span> <span class='ocrx_word' id='word_1_298' title='bbox 1509 3430 1614 3479; x_wconf 91' lang='lat' dir='ltr'><strong>filio</strong></span> <span class='ocrx_word' id='word_1_299' title='bbox 1647 3445 1781 3479; x_wconf 88' lang='lat' dir='ltr'><strong>arma</strong></span> <span class='ocrx_word' id='word_1_300' title='bbox 1814 3428 2028 3479; x_wconf 89' lang='lat' dir='ltr'><strong>sumenti</strong></span> 
     </span>
    </p>
   </div>
  </div>
 </body>
</html>
