2170 3866
989 201 1117 260 503

198 357 257 404 et
311 348 478 416 paullo
536 355 654 414 post
701 348 969 415 Sophoclis
1014 353 1237 399 mortem>
1279 346 1559 397 insecutam
1593 359 1710 395 esse
1744 345 1912 400 (ιοιιίο-Ι

197 437 375 482 otnns:
422 447 572 496 quem
615 430 784 479 videas
818 428 884 478 de
928 430 1026 479 hac
1071 445 1129 478 re
1177 427 1406 494 pluribus
1452 429 1784 478 disserentem
1820 425 1907 477 Gr.

195 512 427 576 :treguam
464 511 619 576 princ.
654 527 704 575 p.
738 512 1041 560 209-213.

332 591 453 640 Plus
490 590 808 656 septuaginta
831 598 995 639 “annos
1029 587 1342 653 Euripidem,
1377 603 1491 637 cum
1526 586 1592 637 de
1624 588 1725 637 vita
1757 588 1908 640 dece.-

196 672 364 733 d‘eret,
390 677 558 721 natum
585 671 748 721 fuisse
776 677 913 719 recte
941 669 1275 718 Philochorus
1299 668 1440 730 (vide
1459 669 1544 717 vit.
1566 668 1677 717 cod.
1697 667 1907 716 Mediol.

201 753 312 804 coll.
333 753 591 811 Ambros.)
615 767 728 800 cum
753 751 859 799 aliis
884 749 1169 801 affirmavit.
1207 749 1489 814 Septimum
1513 749 1647 798 enim
1668 754 1753 798 aut
1773 754 1908 797 octa-

201 849 316 882 vum
366 849 516 897 supra
560 831 988 896 septuagesimum
1023 831 1205 894 agebat
1240 846 1448 890 annum,
1496 829 1550 878 id
1589 830 1723 893 quod
1758 829 1905 879 testi-

200 913 368 962 monio
389 912 649 961 marmoris
668 910 804 959 Parii
823 911 1164 972 confirmatur,
1191 912 1328 960 cuius
1349 910 1589 976 optimam
1610 925 1724 958 esse
1753 909 1904 958 fidem

195 1000 258 1046 ,et
287 994 337 1043 in
370 992 609 1042 nascendi
638 997 690 1040 et
719 992 770 1040 in
801 992 1047 1042 moriendi
1082 998 1312 1056 tempore
1350 990 1638 1038 definiendo
1674 991 1907 1054 cognovi-

197 1089 330 1124 mus,
366 1072 636 1138 Vulgarem
662 1073 846 1121 famam
880 1076 1084 1122 secutus
1110 1078 1190 1121 est
1215 1070 1579 1120 Eratosthenes
1607 1082 1718 1119 cum
1736 1069 1905 1122 Suida.

334 1154 494 1203 Filios
525 1153 729 1216 reliquit
763 1158 866 1201 tres
901 1154 1235 1218 superstites,
1259 1151 1695 1211 Mnesarchidem,
1748 1149 1906 1199 maxi-

200 1252 335 1285 mum
372 1239 514 1293 natu,
564 1234 642 1280 sui
691 1233 848 1297 patris
893 1234 1091 1282 nomine
1127 1234 1394 1297 insignem,
1442 1233 1906 1295 qui¹mercaturam

200 1316 444 1372 exercuit,
480 1313 866 1372 Mnesilochum,
902 1313 985 1374 qui
1020 1313 1095 1361 avi
1119 1313 1333 1361 materni
1360 1316 1411 1360 et
1445 1327 1628 1360 nomen
1662 1315 1714 1359 et
1744 1315 1904 1359 artem

196 1395 421 1458 accepit,
469 1408 621 1456 quum
668 1392 852 1440 sabulis
899 1392 950 1440 in
1001 1393 1200 1442 theatro
1250 1392 1456 1457 agendis
1501 1407 1708 1457 operam
1745 1390 1906 1454 daret,

198 1474 418 1538 denique
461 1472 781 1537 Euripidem,
834 1473 918 1535 qui
968 1472 1164 1521 fabulas
1217 1489 1247 1521 a
1282 1479 1425 1536 patre
1473 1473 1678 1521 relictas
1716 1471 1906 1520 docens

199 1557 466 1605 coronatus
502 1558 610 1613 est;
646 1553 712 1601 cf.
749 1552 834 1600 vit.
867 1553 979 1600 cod.
1013 1551 1224 1602 Mediol.
1274 1553 1386 1601 coll.
1423 1553 1656 1601 Ambros.
1736 1551 1806 1600 Hi
1841 1567 1905 1600 ex

200 1633 435 1685 Choerila
478 1634 584 1681 sive
622 1632 873 1680 Choerilla
923 1633 1027 1681 nati
1075 1649 1250 1681 omnes
1300 1633 1459 1681 fuisse
1494 1634 1787 1692 traduntur3
1835 1631 1903 1683 cf.

198 1715 382 1764 Thom.
425 1712 627 1778 Magist.
697 1713 872 1761 Potest
908 1713 993 1761 hic
1034 1712 1304 1778 Euripides
1345 1713 1477 1762 idem
1515 1713 1703 1770 fuisse,
1753 1728 1903 1776 quem

199 1793 564 1858 Aristophanes
600 1793 794 1842 Eccles.
825 1808 872 1843 v.
903 1796 1001 1842 825
1026 1809 1163 1858 seqq.
1200 1793 1511 1859 perstringit,
1545 1794 1637 1842 nisi
1676 1791 1807 1840 forte
1842 1793 1903 1840 fi-

199 1876 294 1925 lius
328 1874 428 1923 fuit
462 1874 570 1922 eius
607 1873 882 1938 Euripidis,
918 1874 1019 1937 qui,
1055 1890 1171 1924 cum
1206 1875 1340 1939 apud
1372 1873 1660 1922 Potidaeam
1685 1889 1902 1937 pugnas-

202 1962 299 2016 set,
334 1953 622 2019 pestilentia
657 1954 931 2002 exstinctus
967 1959 1060 2003 est.
1130 1954 1340 2019 Spurios
1367 1961 1539 2003 noster
1572 1954 1703 2002 filios
1740 1952 1903 2002 nullos

201 2035 429 2099 reliquit,
477 2034 666 2099 quippe
714 2050 862 2097 quem
911 2034 972 2082 ab
1021 2036 1217 2084 incerta
1250 2034 1453 2086 Venere
1489 2035 1705 2084 alienum
1740 2033 1901 2082 fuisse

199 2114 467 2180 Dionysius
503 2115 772 2178 Byzantius
809 2115 1169 2179 epigrammate
1204 2121 1450 2164 testetur:

332 2195 401 2246 οὔ
436 2205 494 2244 σε
526 2195 712 2244 κυνῶν
745 2190 902 2259 γένος
935 2187 1046 2258 εἷλ’,
1084 2193 1374 2261 Εὐριπίδη,
1411 2191 1540 2246 οὐδὲ
1571 2190 1834 2259 γυναικὸς

398 2269 629 2340 οἶστρος,
655 2273 775 2326 τὸν
800 2275 1085 2341 σκοτίης
1107 2275 1467 2341 Κύπριδος
1496 2274 1900 2338 ἀλλότριον,

332 2355 444 2407 ἀλλ’
472 2353 648 2421 Ἀΐδης
680 2354 772 2407 καὶ
805 2358 1000 2424 γῆρας·
1035 2355 1168 2408 ὑπαὶ
1202 2353 1430 2425 Μακέτῃ
1466 2356 1515 2409 δ’
1544 2350 1841 2423 Ἀρεθούσῃ

395 2440 583 2497 κεῖσαι,
618 2428 858 2505 ἓταιρείῄ
877 2437 1050 2501 τίμιος
1075 2431 1342 2503 Ἀρχέλεω.

332 2516 431 2568 σὸν
457 2516 502 2567 δ’
531 2517 598 2569 οὐ
621 2522 820 2570 τοῦτον
844 2515 947 2584 ἐγὼ
969 2518 1185 2583 τίθεμαι
1211 2519 1407 2584 τάφον,
1434 2515 1567 2568 ἀλλὰ
1591 2515 1655 2568 τὰ
1682 2515 1900 2584 Βάκχου

398 2597 609 2665 βήματα
641 2598 731 2651 καὶ
765 2598 965 2667 σκηνὰς
999 2598 1192 2664 ἐμβάδι
1227 2597 1523 2666 (cothurno)
1557 2597 1899 2664 πειθομένοις.

197 2678 457 2728 Addaeum
493 2680 821 2731 Macedonem
859 2683 1008 2731 huius
1046 2680 1415 2746 epigrammatis
1453 2686 1706 2729 auctorem
1738 2680 1900 2730 fuisse

197 2759 280 2807 alii
327 2761 666 2824 scripserunt:
719 2763 804 2826 qui
854 2764 957 2811 sive
1003 2762 1275 2811 Alexandri
1323 2759 1490 2823 Magni
1538 2761 1758 2826 aequalis
1794 2761 1900 2810 sive

196 2840 451 2906 posterior
483 2840 597 2899 fuit,
635 2848 773 2891 certe
809 2843 987 2908 dignus
1022 2848 1103 2890 est
1137 2844 1301 2902 testis,
1336 2843 1414 2890 cui
1450 2842 1604 2890 fidem
1630 2842 1896 2903 habenteS,

196 2919 390 2970 fabulas
426 2919 490 2968 de
522 2937 696 2970 canum
737 2924 899 2987 deque
933 2923 1231 2972 feminarum
1269 2921 1473 2982 furore,
1508 2938 1536 2970 a
1572 2923 1749 2987 quibus
1786 2922 1898 2971 dis-

195 3005 425 3066 cerptum
479 3017 594 3050 esse
644 2992 936 3069 Euripidem
989 3004 1130 3052 multi
1175 3003 1448 3053 memoriae
1495 3002 1808 3052 tradiderunt
1825 2999 1896 3069 '‘),

251 3205 302 3261 *)
331 3203 441 3246 Vide
475 3203 593 3246 vitas
634 3217 662 3246 a.
699 3206 1009 3261 grammaticis
1039 3206 1341 3262 conscriptas,
1386 3206 1534 3251 Valcr.
1564 3207 1687 3250 Max.
1719 3208 1798 3259 lx,
1829 3205 1898 3247 12.

337 3279 449 3317 extr.
474 3272 516 3315 4.
539 3275 695 3330 Steph.
719 3275 829 3331 Byz.
862 3277 967 3334 περὶ
996 3274 1177 3319 πόλεων
1205 3291 1239 3318 s.
1260 3292 1303 3320 v.
1335 3279 1603 3336 Βορμίσκος.
1662 3278 1779 3319 Gell.
1806 3276 1900 3326 XV,

336 3344 408 3387 20.
468 3345 601 3398 Ovid.
641 3345 758 3387 Ibid.
787 3344 886 3388 597.
956 3347 1346 3406 Hermesianactis
1375 3349 1564 3404 Coloph.
1596 3348 1715 3405 eleg.
1760 3361 1800 3390 v.
1830 3346 1899 3388 67.

346 3416 522 3472 Hygini
550 3415 644 3460 fab.
674 3415 772 3458 247.
834 3415 1015 3461 Diodor.
1043 3417 1169 3469 xnl,
1198 3417 1295 3461 103.
