2170 3848
1115 240 1267 326 ἱ191

503 387 595 437 His
629 385 853 451 aliisque,
891 401 1019 451 quae
1051 387 1235 436 theatri
1270 403 1445 438 caussa
1477 393 1667 442 moneri
1699 409 1908 445 necesse
1940 394 2054 457 fuit,

372 467 641 532 expositis,
692 467 755 515 ad
800 482 888 526 ea,
939 467 1118 532 quibus
1158 468 1267 533 ipse
1302 468 1512 532 angitur,
1557 475 1880 525 convertitur.
1947 475 2055 524 Nu-

372 549 488 612 ptiis
525 547 630 596 suis
668 547 976 597 celebrandis
1013 547 1096 596 hic
1121 548 1229 596 dies
1255 549 1578 613 praestitutus
1613 557 1717 612 est3
1753 570 1931 619 sponsa
1967 571 2055 605 au-

371 635 471 677 tem
519 627 678 675 electa
713 628 907 677 Aurora
955 633 1033 676 est
1077 627 1197 692 (hoc
1243 629 1372 677 enim
1421 629 1529 677 sine
1563 630 1714 680 dubio
1749 634 2056 698 significatur

369 708 562 770 verbis:
598 704 982 772 ἄστερωποῖσιν
1013 706 1223 772 δόμοισι
1250 705 1511 774 χρυσέοις,
1535 726 1578 758 v.
1597 713 1759 774 125.):
1785 729 1909 777 quae
1934 730 2053 763 con-

372 790 496 839 ditio
531 789 753 852 quamvis
790 791 992 838 minime
1027 791 1303 853 spernenda
1340 791 1433 850 sit,
1480 796 1645 839 tamen
1681 807 1736 840 se
1772 791 1893 841 dicit
1925 794 2054 843 hanc

370 871 530 936 ipsam
578 870 639 916 ob
686 885 823 927 rem,
875 869 1006 932 quod
1051 871 1247 932 generis
1284 869 1439 935 gloria
1475 876 1527 919 et
1562 871 1745 920 divitiis
1781 873 2055 937 opibusque

371 966 398 998 a
424 942 645 997 muliere
678 954 973 1013 superetur,
1024 951 1306 1014 coniugium
1354 952 1461 998 eius
1513 950 1694 1014 fugere
1746 959 1795 1000 et
1830 953 1961 1001 nolle
1997 953 2054 1000 li-

371 1032 614 1080 bertatem
653 1044 794 1077 suam
829 1030 1018 1078 honore
1052 1037 1200 1093 atque
1235 1031 1352 1078 dote
1388 1031 1630 1078 vendere·
1680 1047 1875 1080 servum
1925 1033 2056 1081 enim

370 1110 538 1159 uxoris
575 1114 627 1156 et
660 1109 878 1157 affinium
917 1125 1030 1157 esse
1066 1110 1147 1173 qui
1202 1111 1555 1174 potentiorem,
1606 1111 1831 1160 ditiorem
1877 1112 2054 1162 clario-

370 1190 606 1252 ribusque
640 1190 930 1252 parentibus
961 1196 1143 1246 natam,
1180 1206 1323 1253 quam
1363 1189 1429 1238 sit
1467 1190 1592 1253 ipse,
1631 1189 1802 1240 ducat:

503 1264 781 1330 ἐλεύθερος
815 1262 863 1318 δ’
893 1265 969 1319 ὢν
1003 1267 1196 1328 δοῦλός
1231 1266 1338 1319 ἐστι
1370 1272 1469 1319 τοῦ
1503 1266 1705 1334 λέχους,

503 1345 839 1413 πεπραμένον
871 1348 932 1399 τὸ
968 1350 1120 1414 σῶμα
1152 1353 1246 1417 τῆς
1280 1353 1482 1417 φερνῆς
1515 1345 1662 1416 ἔχων.

505 1430 596 1478 His
634 1430 813 1478 auditis
850 1437 1035 1489 mater,
1083 1432 1246 1495 paullo
1293 1438 1407 1494 post
1442 1432 1579 1479 illum
1624 1432 1673 1480 in
1708 1445 1902 1479 scenam
1938 1445 2055 1496 pro-

370 1527 567 1579 gressa,
618 1512 811 1558 inanem
847 1527 960 1559 esse
1004 1512 1135 1559 hunc
1180 1511 1410 1558 timorem
1461 1512 1693 1560 ostendit.
1766 1511 1892 1559 Esse
1926 1512 2058 1559 enim

370 1594 534 1658 ipsum
571 1606 666 1638 non
701 1590 964 1638 humiliore
998 1590 1108 1638 loco
1143 1598 1338 1646 natum,
1376 1606 1488 1638 esse
1522 1591 1679 1638 filium
1718 1589 1877 1649 Solis,
1913 1592 2054 1639 cuius

373 1672 557 1722 famula
593 1671 659 1718 sit
689 1672 895 1727 Aurora,
930 1686 1091 1734 neque
1126 1670 1490 1734 potentiorem,
1526 1671 1615 1718 sed
1643 1670 1895 1734 aequalem
1931 1686 2056 1719 uxo-

372 1768 479 1803 rem
516 1767 604 1798 sua
639 1765 756 1798 cura
791 1749 1035 1797 delectam
1071 1756 1123 1798 et
1156 1751 1311 1813 patris
1348 1749 1535 1798 Phoebi
1567 1750 1809 1798 beneficio
1847 1765 2055 1799 conces-

373 1849 477 1882 sam
500 1828 654 1879 ‘esset
706 1828 912 1893 proinde
959 1829 1202 1878 felicitate
1250 1845 1277 1876 a
1323 1832 1613 1894 parentibus
1660 1836 1834 1895 parata
1876 1830 1950 1878 uti
1994 1845 2057 1878 ne

373 1912 639 1962 dubitaret.
724 1909 862 1956 Haec
909 1915 961 1957 ut
1011 1910 1171 1969 laeto,
1233 1910 1298 1957 ita
1353 1911 1608 1959 incredulo
1672 1911 1831 1958 animo
1877 1909 2060 1973 accipit

374 1992 684 2042 adolescens.
755 1990 826 2037 Ac
861 1990 1073 2053 primum
1111 1990 1314 2052 quidem
1348 2006 1554 2039 necesse
1580 2005 1694 2038 esse
1731 1989 1921 2038 iudicat
1953 2006 2057 2038 ma-

374 2073 467 2123 tris
511 2069 743 2119 indicium
789 2070 945 2132 patris
981 2070 1267 2117 testimonio
1317 2071 1624 2128 confirmari;
1681 2069 1860 2117 deinde
1906 2069 2058 2117 licere

376 2154 468 2202 sibi
493 2154 633 2216 putat
663 2150 862 2211 debere,
894 2149 1049 2214 palam
1068 2150 1323 2197 divinitate
1349 2151 1544 2215 generis
1568 2150 1784 2215 gloriari.
1832 2148 2056 2210 Quarum

374 2248 542 2283 rerum
577 2229 776 2277 alterius
812 2237 968 2276 mater
1004 2229 1289 2277 facultatem
1328 2228 1435 2277 fore
1461 2231 1541 2291 ait,
1578 2231 1679 2290 ubi,
1716 2229 1942 2292 coniugio
1978 2227 2055 2275 di-

373 2313 487 2361 vino
523 2309 667 2358 simul
704 2324 814 2355 cum
850 2323 1001 2370 regno
1036 2315 1259 2371 accepto,
1295 2314 1345 2356 et
1380 2309 1490 2371 ipse
1524 2315 1659 2356 tutus
1697 2306 1851 2356 fuerit
1875 2314 1926 2356 et
1953 2323 2055 2356 ma-

376 2400 499 2442 trem
520 2388 709 2438 tutandi
731 2393 1032 2453 potestatem
1058 2388 1294 2450 adeptus,
1329 2387 1529 2436 alterius
1557 2388 1705 2436 fidem
1735 2388 2056 2436 confirmandi

376 2471 702 2522 cummaxime
748 2474 944 2532 tempus
991 2468 1197 2516 adesse:
1246 2468 1455 2531 proinde
1491 2462 1752 2531 extemplo
1791 2467 1849 2514 ad
1889 2467 2057 2515 Solem

375 2569 431 2601 se
467 2550 708 2608 conferat,
741 2554 814 2610 ut,
851 2548 1134 2612 priusquam
1170 2548 1254 2595 ille
1288 2548 1336 2595 in
1374 2547 1563 2596 coelum
1591 2549 1808 2610 tollatur,
1843 2547 2056 2600 salutato

376 2639 518 2698 patre
565 2630 746 2678 donum
798 2645 889 2694 pro
937 2629 1074 2693 signo
1121 2644 1178 2675 ac
1213 2629 1509 2675 documento
1546 2628 1762 2690 postulet
1795 2627 1873 2687 id,
1923 2626 2055 2690 quod

374 2713 459 2762 ille
491 2710 765 2775 quondam,
802 2725 914 2757 cum
948 2708 1055 2772 ipsa
1091 2708 1446 2770 concumbenS‚
1482 2707 1586 2756 filio
1621 2723 1683 2756 ex
1713 2708 1822 2774 ipsa
1853 2712 1966 2756 nato
2000 2721 2056 2756 se

375 2793 606 2842 daturum
644 2804 758 2838 esse
791 2788 1040 2854 pollicitus
1078 2787 1191 2835 sitz·

871 2860 881 2870 ’
1022 2864 1425 2917 ΚΛΤΜΕΝΗ.

507 2945 763 3015 μνησθεὶς
796 2946 827 2998 ὅ
860 2945 952 3013 μοι’
983 2947 1101 2997 ποτ’
1138 2939 1257 3011 εἶφ’,
1296 2938 1367 2996 ὅτ’
1400 2944 1688 3011 εὐνάσθην,
1721 2943 1864 3007 θεός,
1989 2944 2056 2992 10

507 3021 624 3093 λέγ’,
659 3027 710 3079 εἴ
739 3045 789 3080 τι
821 3028 1039 3095 χρῄζεις,
1080 3023 1168 3077 ἕν·
1202 3025 1337 3093 πέρα
1369 3025 1472 3094 γὰρ
1509 3026 1575 3078 οὐ
1607 3024 1762 3090 θέμις

488 3220 536 3260 V.
561 3218 627 3260 10.
681 3219 784 3260 Rau
814 3231 1078 3272 comparans
1106 3218 1197 3259 Ion.
1219 3216 1296 3258 17:
1326 3210 1468 3272 οὗπερ
1489 3212 1696 3268 εὐνάσθη
1719 3208 1829 3270 θεςιῖ
1852 3215 1896 3254 et
1915 3209 2049 3254 1505:

373 3289 689 3348 κρυπτόμενον
716 3286 843 3344 λέχος
871 3286 1126 3343 εύνάσθην,
1170 3287 1362 3329 correxit
1401 3285 1639 3342 εὐνάσθην
1665 3283 1777 3342 θεῷ.
1847 3282 1944 3326 Non
1984 3285 2052 3325 est

375 3373 401 3402 o
495 3391 503 3399 .

404 3374 534 3471 PusV.
565 3429 635 3470 11.
699 3428 775 3471 Sic
815 3431 938 3470 recte
974 3426 1166 3471 restituit
1204 3427 1308 3469 Rau
1352 3440 1434 3481 pro
1474 3425 1611 3469 αἰτοῦ
1649 3441 1692 3468 τι
1719 3419 1914 3482 χρῄζεις.
1979 3421 2050 3464 Cf.

372 3500 495 3543 Med.
527 3497 653 3542 132⁰.
683 3498 846 3541 Electr.
877 3496 976 3540 909.
