2202 3892
1150 214 1272 274 256

511 359 716 412 τούτων
750 356 807 409 δὲ
838 357 1028 420 πάντες
1062 359 1121 410 οῖ’
1146 377 1201 411 τε
1233 361 1492 428 μουσικῆς
1524 361 1668 427 φίλοι

510 439 628 490 ὅσοι
659 455 713 489 τε
741 436 898 504 χωρὶς
932 441 1055 502 ζῶσι
1089 441 1368 507 χρημάτων
1400 439 1532 506 ὕπερ

510 521 824 585 μοχθοῦσιν,
860 519 919 580 ὃς
953 519 1001 571 δ’
1037 519 1103 571 ἂν
1137 523 1330 573 πλεῖστ’
1366 520 1470 587 ἔχῃ,
1505 520 1846 585 σοφώτατος.“

382 599 632 663 Denique,
667 617 763 664 quo
798 601 942 650 citius
976 618 1092 651 reus
1125 603 1329 651 crimine
1362 607 1683 667 purgaretur,
1730 602 1944 665 monuit,
1985 607 2042 654 ut

381 685 520 729 reeta
563 696 736 728 omnes
780 681 840 729 ad
890 682 995 729 eius
1031 684 1295 731 tentorium
1333 687 1619 744 pergerent,
1665 681 1748 730 ubi
1781 682 1823 731 si
1852 698 2043 743 aurum,

382 759 512 823 quod
546 760 591 808 in
627 761 833 824 epistola
869 761 1106 825 scriptum
1144 768 1307 815 esset..
1343 761 1527 810 nulium
1563 767 1813 824 repertum
1845 760 2041 820 fuisset,

380 838 690 888 Palamedem
739 839 942 887 crimine
990 841 1249 890 liberatum
1296 841 1419 890 sore.
1490 840 1562 889 De
1596 839 1873 888 Palamedis
1916 830 2044 888 in'te-

379 919 559 983 gritate
592 934 778 966 morum
815 925 962 983 atque
997 920 1268 969 innocentia
1302 922 1373 969 sie
1408 936 1695 985 persuasum
1746 924 1824 968 est
1875 917 2044 978 choro,

379 1002 437 1047 ut
482 997 587 1046 eius
631 998 848 1046 studium
887 999 1157 1062 sapientiae
1191 1006 1417 1064 tanquam
1451 1000 1666 1048 iustitiae
1699 997 2044 1047 abstinentiae-

378 1092 475 1141 que
506 1076 874 1126 meditationem
912 1079 1195 1140 praedicare
1212 1096 1306 1128 non
1332 1080 1520 1129 dubitet
1543 1080 1740 1144 (fragm.
1768 1079 1884 1129 dub.
1909 1077 2043 1140 35.):

510 1154 680 1206 πότνι’
718 1148 759 1206 ὦ
793 1156 972 1223 σοφία,
1009 1157 1076 1208 σύ
1109 1176 1201 1222 μοι
1240 1156 1462 1208 ἅνδανε’

505 1235 671 1301 ὄλβου
708 1234 764 1287 δέ
798 1254 889 1299 μοι
923 1235 994 1303 μὴ
1028 1234 1257 1303 χρυσέου
1293 1237 1532 1303 φαεννὰν

504 1314 692 1368 ἀκτῖνα
727 1317 893 1382 πάρος
927 1318 1119 1383 σοφίας
1153 1318 1358 1385 δαίμων
1394 1317 1570 1384 διδοίη

502 1395 536 1463 ἢ
572 1395 708 1457 Διὸς
738 1397 1035 1461 τυραννίδ’·
1071 1399 1313 1450 ἀνώτατα
1346 1402 1510 1451 κεῖται
1541 1396 1701 1456 καλὸς

503 1477 798 1542 θησαυρός,
835 1476 938 1544 ὅτῳ
972 1478 1302 1546 προςέβαλλε.

503 1559 636 1607 Auro
658 1567 855 1624 reperto
877 1562 1190 1625 reversisque
1217 1561 1516 1626 principibus
1540 1557 1772 1608 iudicium
1798 1551 2040 1620 agitur*).

377 1637 597 1687 Confidit
630 1640 908 1688 etiamnunc
943 1640 1231 1689 Palamedes
1266 1639 1543 1689 innocentia
1590 1654 1707 1699 sua,
1757 1640 2042 1696 tantamque

373 1717 486 1767 fore
534 1724 702 1782 sperat
746 1721 961 1768 veritatis
1012 1721 1322 1783 iustitiaeque
1367 1720 1464 1767 vim
1513 1718 1752 1779 divinam,
1812 1719 1868 1764 ut
1914 1727 2039 1764 unus

373 1796 534 1861 possit
566 1798 887 1862 plurimorum
924 1799 1021 1849 tela
1056 1800 1301 1862 effugere:

509 1869 580 1936 εἷς
613 1894 695 1927 τοι
729 1876 933 1939 δίκαιος
966 1878 1175 1943 μυρίων
1211 1877 1308 1929 οὐκ
1342 1875 1565 1929 ἐνδίκων

501 1959 696 2019 κρατεῖ,
730 1958 789 2009 τὸ
823 1962 977 2010 θεῖον
1009 1958 1107 2025 τὴν
1142 1958 1295 2026 δίκην
1333 1975 1386 2009 τε
1419 1953 1713 2022 συλλαβών.

374 2036 854 2089 Commemoratione
891 2041 1271 2101 beneficiorum,
1323 2040 1499 2103 quibus
1552 2039 1803 2086 universos
1853 2028 2038 2090 affecit,

374 2132 431 2166 se
465 2117 716 2185 defendit:

498 2192 672 2246 ἔπειτα
704 2195 872 2262 πάσης
897 2190 1151 2258 Ἑλλάδος
1183 2196 1272 2249 καὶ
1307 2196 1592 2262 ξυμμάχων

499 2273 622 2340 βιὸν
654 2274 864 2342 διῴκησ’
898 2279 1028 2328 ὄντα
1061 2277 1187 2341 πρὶν
1219 2275 1564 2342 πεφυρμένον

497 2355 696 2421 θηρσίν
729 2356 785 2407 θ’
822 2355 1010 2422 ὅμοιον
1029 2375 1040 2387 ·
1075 2359 1257 2422 πρῶτα
1289 2357 1386 2424 μὲν
1418 2354 1512 2408 τὸν
1545 2353 1830 2417 πάνσοφον

498 2434 734 2503 α’ριθμὸν
767 2435 943 2504 εὕρηκ’
979 2437 1158 2504 ἔξοχον
1193 2438 1533 2504 σοφισμάτων
1548 2436 1632 2500 **)

498 2592 563 2645 τὰ
595 2597 690 2663 τῆς
721 2613 775 2648 τε
807 2598 980 2665 λήθης
1013 2599 1245 2664 φάρμακ’
1279 2597 1526 2663 ὀρθώσας
1559 2593 1724 2660 μόνος

498 2676 694 2739 α”φωνα
725 2677 814 2729 καὶ
845 2683 1156 2745 φωνοῦντα,
1193 2678 1459 2744 συλλαβάς
1492 2693 1546 2727 τε
1579 2675 1712 2738 θείς,

495 2752 715 2820 ἐξεῦρον
748 2758 1082 2825 ἀνθρώποισι
1103 2760 1364 2825 γράμματ’
1401 2757 1609 2817 εἰδέναι,

498 2833 616 2896 ὤμ’
656 2837 722 2888 οὐ
755 2839 993 2906 παρόντα
1025 2839 1244 2900 ποντίας
1277 2837 1409 2901 ὑπὲρ
1444 2834 1641 2895 πλακὸς

496 2915 647 2967 τάκεῖ
674 2923 787 2970 κατ’
824 2920 1007 2982 οἴκους
1039 2921 1190 2972 πάντ’
1227 2916 1537 2970 ἐπίστασθαι
1570 2915 1759 2978 καλῶς,

495 2996 677 3048 παισίν
709 3001 755 3049 τ’
790 2999 1200 3069 ἀποθνήσκοντα
1231 3001 1512 3067 χρημάτων
1545 2994 1742 3063 μέτρον

425 3187 475 3241 *J
517 3188 647 3231 Ovid.
667 3190 776 3232 Met.
806 3191 927 3244 XIII,
956 3189 1037 3233 59=

617 3259 805 3302 Prodere
828 3276 914 3304 rem
947 3264 1143 3304 Danaam
1161 3258 1294 3312 finxit
1314 3260 1549 3313 fictumque
1571 3252 1773 3312 probavit

620 3329 785 3372 Crimen
814 3338 855 3373 et
885 3332 1069 3374 ostendit
1097 3330 1207 3384 quod
1236 3329 1322 3370 iam
1347 3327 1630 3384 praefoderat
1657 3335 1820 3365 aurum-

398 3392 478 3449 **)
517 3396 586 3441 cf.
618 3397 786 3445 Welck.
817 3416 861 3457 p.
890 3399 988 3446 501.
1045 3399 1169 3443 Adde
1199 3399 1386 3443 Vater-
1416 3397 1461 3440 in
1499 3395 1634 3440 huius
1671 3403 1856 3437 censura
1886 3404 1931 3446 p.
1960 3387 2032 3433 32.
