2170 3848
1179 260 1260 316 84

386 412 622 460 honorem
665 407 1003 470 quaesivisset,
1050 411 1156 455 tum
1198 421 1344 463 vero,
1391 422 1538 470 quum
1583 408 1681 457 iam
1715 409 1766 459 in
1798 410 2060 458 veritatem

386 491 515 539 vitae
550 488 821 536 communis
855 487 1090 536 translata
1124 485 1184 533 ad
1220 485 1453 534 effectum
1486 486 1633 537 huius
1667 494 1944 538 commenta
1968 490 2060 539 So-

389 569 538 618 cratis
581 567 854 615 imitatione
896 567 1074 614 adduci
1107 565 1429 628 intelligeret,
1482 567 1545 615 ad
1580 560 1880 631 discipulum
1907 586 1937 617 a
1972 569 2062 616 do-

390 654 525 698 ctore
573 663 860 706 conversus,
912 647 1049 694 illum
1081 647 1355 710 opprobriis
1393 651 1709 710 coopertum,
1753 634 2065 697 contumeliIs

388 733 631 781 vexatum,
668 727 709 774 si
744 728 901 774 minus
936 728 1285 790 pessumdare,
1322 731 1458 774 certe
1490 726 1540 774 in
1576 732 1873 776 contemtum
1909 727 2065 776 addu-

363 812 365 814 ’
391 824 506 857 cere
536 813 683 871 atque
717 807 983 869 infringere
1017 806 1361 854 auctoritatem
1396 806 1501 854 cius
1527 810 1730 854 conatus
1751 812 1828 854 est
1847 806 2064 854 fabulam

394 887 654 937 scribendo
690 885 923 943 Nubium,
960 901 1054 947 qua
1090 886 1263 933 eadem
1297 887 1457 934 omnia
1492 885 1697 934 crimina
1730 887 1778 934 in
1813 885 2068 934 Socratem

393 967 670 1031 congessit,
724 966 896 1028 quibus
943 970 1116 1027 postea
1162 972 1474 1013 accusatores
1517 966 1578 1012 ad
1614 967 1920 1030 perdendum
1956 981 2068 1014 eum

392 1047 727 1113 prosperrimo
775 1062 883 1093 cum
920 1060 1155 1092 successu
1190 1046 1266 1093 usi
1302 1049 1433 1094 sunt.
1505 1044 1661 1106 Quam
1701 1044 1915 1094 fabulam
1952 1061 2069 1094 con-

395 1133 492 1177 stat
526 1127 654 1174 circa
687 1126 734 1172 id
771 1124 933 1189 ipsum
967 1130 1181 1188 tempus,
1219 1140 1315 1186 quo
1343 1124 1518 1172 doctae
1545 1129 1658 1173 sunt
1682 1124 1940 1189 Supplices
1964 1124 2069 1174 Eu-

393 1207 598 1272 ripidis,
645 1206 719 1252 bis
768 1206 814 1252 iu
863 1205 1060 1252 theatro
1111 1205 1375 1254 exhibitam
1410 1220 1535 1254 esse.
1608 1203 1938 1266 Quamobrem
1971 1219 2072 1252 non

396 1287 493 1336 erit
532 1288 768 1334 absonum
818 1284 1035 1331 iudicare
1096 1286 1188 1332 hac
1235 1284 1548 1347 potissimum
1599 1285 1662 1332 dc
1716 1300 1771 1331 re
1806 1283 2070 1348 plurimum

395 1365 698 1416 illustrandis
747 1364 1103 1428 philosophicis
1152 1365 1329 1412 studiis
1377 1365 1423 1411 iu
1482 1364 1575 1411 hac
1634 1363 1797 1412 fabula
1843 1363 2071 1411 tribuisse

397 1447 715 1511 Euripidem,
764 1443 892 1506 quod
940 1444 1293 1508 Aristophanes
1342 1443 1515 1491 eadem
1560 1460 1734 1507 magno
1782 1460 1892 1492 cum
1940 1443 2073 1507 vulgi

397 1527 572 1592 plausu
606 1525 800 1594 riserat.
870 1523 1102 1585 Reliquos
1146 1525 1252 1571 eius
1289 1523 1494 1571 latratus
1532 1529 1580 1570 et
1614 1523 1961 1572 lacerationem
1993 1522 2071 1570 fa-

401 1622 509 1654 mae
543 1620 660 1652 suae
693 1604 751 1650 ab
788 1603 1027 1667 Euripide
1063 1608 1360 1650 contemtam
1396 1619 1508 1650 esse
1544 1603 1990 1666 manifestum'est.

532 1684 733 1732 Utinam
771 1683 897 1729 inter
917 1683 1245 1730 Athenienses
1282 1682 1554 1730 exstitisset
1587 1683 1773 1730 iuvenis
1808 1682 1868 1729 ad
1893 1682 2074 1744 guber-

403 1764 610 1815 nandam
644 1762 998 1826 rempublicam
1035 1769 1195 1818 natus,
1232 1761 1313 1822 qui
1348 1769 1525 1823 quauta
1560 1778 1670 1810 cum
1697 1762 1940 1826 probitate
1966 1775 2074 1808 mo-

403 1861 486 1894 res
522 1842 754 1891 Socrates
791 1841 1024 1900 excoluit,
1060 1848 1194 1888 tanta
1220 1842 1265 1887 in
1295 1841 1676 1889 administranda
1702 1840 2077 1889 conformanda-

404 1940 501 1989 que
534 1923 596 1970 ad
630 1922 760 1968 illius
794 1927 1058 1984 praecepta
1094 1921 1344 1983 republica
1378 1927 1686 1980 versaretur,
1739 1936 1897 1984 neque
1930 1919 2078 1968 fefel-

405 2005 549 2052 lisset
582 2000 861 2050 Alcibiades
897 2015 1066 2061 spem,
1121 1992 1265 2062 quam
1314 2001 1361 2047 in
1408 2000 1830 2063 praestantissima
1863 2001 1970 2048 eius
2003 2000 2079 2047 in-

406 2083 520 2132 dole
567 2086 618 2129 et
651 2080 915 2144 Euripides
966 2085 1016 2127 et
1060 2078 1291 2127 Socrates
1327 2085 1612 2144 posuerunt.
1682 2079 1780 2127 Sed
1818 2081 1947 2127 enim
1981 2093 2079 2127 non

409 2162 503 2211 fuit
549 2162 598 2209 in
646 2159 795 2220 fatis,
845 2166 897 2206 ut
941 2160 1071 2206 idem
1109 2159 1481 2207 Atheniensium
1517 2159 1728 2223 populus
1764 2159 1908 2207 simul
1943 2157 2079 2222 pacis

408 2242 593 2290 artibus
628 2240 809 2287 florens
842 2239 903 2286 ad
938 2239 1294 2286 humanitatem
1329 2239 1543 2302 reliquas
1570 2244 1743 2301 gentes
1769 2239 1988 2287 erudiret
2012 2237 2080 2286 si-

410 2321 610 2384 mulque
645 2319 785 2368 bellis
819 2319 973 2366 victas
1008 2319 1214 2382 imperio
1250 2326 1461 2381 regeret.
1529 2317 1666 2366 Vidit
1702 2318 1970 2382 Euripides
1993 2332 2080 2382 pa·

407 2402 552 2451 triam
589 2399 985 2447 succumbentem
1022 2399 1167 2458 bello,
1202 2400 1262 2446 ad
1298 2399 1430 2461 quod
1463 2398 1728 2462 gerendum
1755 2399 1865 2462 ipse
1880 2398 2110 2461 saepius¹

410 2481 637 2529 hortatus
685 2485 813 2537 erat3
863 2478 988 2525 vidit
1035 2478 1095 2525 ad
1125 2470 1335 2526 'irritum
1382 2478 1559 2526 cadere
1603 2493 1796 2537 morum
1841 2476 2084 2541 exempla,

413 2577 538 2625 quae
574 2559 779 2607 ducibus
814 2557 1107 2621 populorum
1143 2558 1401 2605 utilissima
1436 2564 1784 2622 proposuerat:
1819 2572 1982 2620 neque
2008 2562 2084 2604 ta-

415 2656 527 2688 men
560 2637 760 2686 interire
807 2643 1076 2701 potnerunt
1125 2652 1249 2700 quae
1299 2638 1460 2685 divina
1497 2643 1606 2685 orta
1639 2636 1827 2700 origine
1859 2642 2087 2684 naturam

415 2719 691 2767 habuerunt
737 2718 1113 2780 sempiternam,
1160 2717 1248 2764 sed
1298 2718 1678 2780 commigrarunt
1723 2733 1835 2765 cum
1879 2717 1990 2780 ipso
2024 2714 2087 2764 ad

417 2798 743 2846 Macedonum
780 2797 1033 2862 populum,
1070 2796 1209 2844 cuius
1246 2812 1387 2858 reges
1422 2797 1483 2844 ad
1528 2797 1854 2844 hereditatem
1901 2795 2088 2860 gloriae

419 2877 720 2926 Graecorum
757 2882 808 2924 et
857 2875 1202 2940 proferendum
1242 2891 1444 2937 regnum
1481 2875 1942 2940 propagandamque
1974 2889 2088 2922 eru-

418 2957 649 3005 ditionem
684 2961 736 3004 et
770 2973 880 3004 cum
916 2956 1133 3004 barbaris
1162 2955 1610 3012 communicandam
1637 2954 1751 3002 fatis
1778 2954 2089 3003 destinaban-

419 3042 528 3097 tur3
578 3035 752 3084 eadem
797 3035 1234 3100 interpretantibus
1269 3033 1429 3083 Ennio
1463 3036 1699 3099 Attioque
1747 3033 1808 3082 ad
1839 3032 2089 3081 Romanos

419 3116 651 3164 translata
685 3115 871 3164 animos
904 3115 1268 3163 inflammarunt
1303 3113 1614 3178 Scipionum,
1668 3129 1872 3176 quorum
1908 3113 2089 3160 virtute

420 3193 788 3244 fundamentum
824 3197 1037 3260 positum
1071 3198 1149 3243 est
1180 3194 1376 3257 imperii
1413 3194 1713 3245 clarissimos
1749 3205 1971 3256 quosque
2002 3205 2090 3239 an-

421 3274 663 3339 tiquitatis
698 3276 905 3339 populos
939 3274 1294 3339 amplectentis.
