2170 3866
1098 262 1229 325 518
1310 275 1318 284 “

311 427 485 464 :omno
544 411 766 477 privatus
809 412 975 462 media
1017 412 1084 464 de
1140 418 1320 477 nocte,
1378 413 1606 467 absoluta
1649 417 1853 470 taudem
1902 420 2010 486 epi·-

310 492 465 553 stola,
507 507 655 556 quam
689 491 916 542 scribens
948 492 1132 543 iterum
1164 493 1449 559 iterumque
1495 495 1727 559 delebat,
1775 514 1837 550 ex
1865 500 2008 551 cubi-

311 570 425 622 culo
460 571 676 637 prodiit,
711 573 874 622 denuo
913 572 1279 639 exploraturuS,
1315 590 1378 624 an
1411 590 1475 624 ne
1498 586 1628 625 nunc
1656 577 1861 642 quidem
1895 595 2008 631 mu-

308 654 444 700 tatae
486 653 807 717 tempestatis
855 669 974 719 spes
1018 654 1434 720 praesagiumque
1479 662 1733 721 appareat.
1815 656 2007 709 Verum

310 730 443 794 talia,
475 737 532 780 ut
564 731 688 793 dixi,
723 739 960 783 consueta
996 739 1110 782 sunt
1142 734 1194 783 in
1228 735 1519 800 prooemiis,
1553 751 1765 799 quorum
1791 737 2011 788 omnium

312 827 372 860 ea
397 817 474 861 est
499 817 689 873 natura,
727 818 782 863 ut
806 813 1015 878 possint,
1050 814 1146 863 levi
1169 815 1387 864 adhibita
1411 815 1706 875 mutatione,
1743 816 1804 866 ad
1835 833 2011 881 quam-

308 890 436 941 libet
469 892 615 941 aliam
650 908 917 956 personam
950 894 1245 956 transferri3
1290 894 1463 944 eadem
1498 895 1549 945 in
1583 896 1694 946 aliis
1727 897 2010 948 dramatum

309 971 433 1020 locis
468 971 632 1037 posita
659 972 805 1037 plane
838 972 1165 1023 intolerabilia
1199 979 1384 1024 essent.
1433 974 1513 1023 Ex
1546 976 1799 1040 praetorio
1834 976 2010 1043 (βασι-

308 1052 475 1103 λικῶν
510 1050 712 1119 δόμων,
746 1068 793 1104 v.
814 1052 954 1117 853.)
988 1054 1096 1102 sive
1128 1055 1345 1103 tentorio
1369 1053 1609 1122 (σκηνῆς,
1640 1072 1686 1105 v.
1706 1054 1808 1124 73.)
1837 1058 2010 1123 prodi-

310 1148 400 1183 ens
445 1149 536 1183 rex
571 1148 660 1183 cur
694 1149 791 1182 non
838 1134 1009 1182 statim
1043 1150 1215 1184 secum
1260 1134 1505 1185 famulum
1550 1136 1784 1196 adducit,
1832 1142 2011 1203 utpote

309 1213 361 1263 in
396 1214 576 1263 eodem
610 1214 933 1263 tabernaculo
968 1219 1357 1264 commorantem
1404 1220 1456 1264 et
1486 1216 1536 1266 in
1569 1217 1725 1266 latere
1759 1232 1851 1267 ιιιο
1884 1217 2011 1267 hae-

310 1294 545 1343 rentem?
590 1308 680 1342 cur
724 1299 832 1342 tum
878 1294 1114 1354 demum,
1161 1299 1427 1359 postquam
1460 1296 1570 1361 ipse
1603 1296 1739 1346 foras
1775 1313 2010 1362 egressus

311 1378 406 1434 est,
440 1373 700 1422 clamando
734 1373 873 1422 illum
909 1373 1044 1422 intus
1079 1374 1340 1423 cubantem
1375 1391 1405 1423 e
1440 1391 1613 1425 somno
1647 1377 1871 1427 excitat‘l
1915 1376 2010 1426 Ni-

312 1454 488 1503 mirum
535 1454 850 1518 expositurus
897 1459 1041 1502 antea
1076 1453 1274 1502 theatro
1306 1453 1404 1504 fuit
1437 1471 1527 1517 ea,
1573 1471 1705 1520 quae
1734 1462 1851 1505 ante
1883 1456 2008 1506 illud

312 1533 614 1598 colloquium
650 1532 940 1582 collocanda
975 1548 1090 1581 esse
1125 1533 1404 1587 docuimus,
1452 1535 1790 1602 ⁴Contrarium
1828 1536 2007 1584 absur-

312 1612 431 1662 dum
466 1620 544 1662 est
577 1619 629 1662 et
663 1631 692 1663 a
725 1613 1084 1662 consuetudine
1118 1613 1431 1663 scenicorum
1462 1620 1721 1679 poetarum
1754 1616 2008 1665 abhorret.

310 1694 388 1742 Ab
423 1693 679 1759 Euripidis
713 1710 831 1743 vero
865 1694 1060 1759 privato
1094 1708 1235 1742 more
1267 1694 1533 1756 abhorret,
1580 1694 1734 1743 solius
1769 1694 2012 1744 confabu-

311 1774 511 1823 lationis
558 1789 765 1835 caussa,
809 1790 875 1824 ne
922 1772 1034 1837 quis
1077 1772 1142 1822 ad
1191 1773 1482 1824 concionem
1515 1774 1698 1825 theatri
1731 1774 1902 1823 dicere
1933 1773 2010 1823 vi-

312 1855 523 1913 deatur,
560 1854 768 1903 alteram
818 1869 1087 1919 personam
1129 1868 1543 1919 supervacaneam
1577 1854 1747 1904 induci
1780 1859 1832 1904 et
1863 1853 2013 1904 malle

310 1950 458 1997 reges
494 1951 606 1983 cum
642 1934 846 2000 singulis
883 1933 1040 1982 servis
1075 1948 1224 1996 quam
1253 1950 1365 1983 cum
1394 1935 1567 2000 populi
1592 1934 1872 1999 frequentia
1892 1949 2011 1984 cou-

312 2014 426 2063 silia
470 2031 559 2063 sua
606 2015 990 2064 communicare.
1068 2012 1262 2064 Evocat
1309 2014 1461 2079 igitur
1495 2031 1667 2064 senem
1701 2031 1791 2064 rex
1825 2030 1887 2063 eo
1921 2013 2012 2062 de-

311 2111 446 2146 mum
493 2102 752 2161 tempore,
801 2110 900 2159 quo
946 2093 1035 2144 illo
1070 2108 1197 2159 opus
1233 2099 1339 2143 est:
1386 2094 1472 2159 qui
1515 2100 1724 2144 vocatus
1759 2093 2011 2159 extemplo

310 2175 666 2239 progreditur3
710 2191 825 2223 nam
874 2189 1027 2238 quum
1060 2179 1235 2223 natura
1269 2173 1463 2235 alacer,
1511 2190 1659 2238 sagax
1704 2180 2012 2239 vegetusque

312 2255 413 2314 sit,
459 2261 568 2304 tum
606 2253 948 2303 animadversa
979 2253 1169 2301 domini
1214 2254 1586 2316 perturbatione
1621 2270 1767 2302 curas
1801 2260 2010 2317 pectore

310 2334 555 2383 volventis
589 2334 1099 2383 nocteminsomnem
1135 2332 1255 2395 egit.
1323 2332 1657 2394 Quamobrem
1690 2331 1775 2381 hic
1810 2330 2010 2396 quidem

313 2415 527 2479 cupidus
563 2421 641 2463 est
676 2412 1041 2480 cognoscendi3
1085 2427 1175 2461 rex
1209 2415 1402 2474 autem,
1451 2413 1825 2461 cunctabundus
1859 2417 2012 2476 atque

313 2496 591 2560 ambiguus,
627 2510 802 2544 rursus
839 2492 1036 2543 coelum
1071 2498 1121 2541 et
1153 2493 1312 2541 noctis
1346 2497 1546 2555 tempus
1581 2495 1633 2539 et
1656 2492 1859 2539 futurae
1882 2495 2011 2539 tem-

310 2576 523 2640 pestatis
558 2576 818 2641 praesagia
851 2573 1095 2638 exquirit,
1130 2572 1319 2621 misere
1353 2573 1555 2636 cupiens
1592 2572 1716 2620 citra
1755 2586 1899 2620 suum
1933 2570 2012 2619 in-

312 2658 630 2706 commodum
674 2655 896 2704 Graecos
944 2654 1206 2717 ingruente
1247 2656 1394 2701 vento
1441 2652 1543 2699 voti
1585 2655 1846 2716 compotes
1880 2649 2011 2700 fieri.

314 2736 590 2801 Postquam
625 2737 809 2784 durare
842 2734 1102 2784 malaciam
1136 2749 1194 2782 ac
1227 2732 1637 2796 tranquillitatem
1661 2731 1835 2791 sensit,
1870 2745 2012 2779 suam

313 2822 502 2867 sortem
552 2833 667 2865 cum
713 2815 888 2864 famuli
923 2820 1061 2863 sorte
1095 2828 1387 2876 comparans
1434 2818 1485 2860 et
1533 2810 1814 2876 cupidinem
1853 2810 2013 2874 impe-

311 2896 454 2946 randi
487 2913 717 2945 caussam
742 2896 836 2945 sibi
859 2894 1022 2945 fuisse
1044 2893 1355 2942 infelicitatis
1377 2898 1633 2957 reputauS,
1664 2906 1835 2940 senem
1868 2889 2014 2950 „lau-

313 2978 400 3026 dat
434 2982 488 3026 et
519 2977 828 3025 fortunatum
862 2991 978 3024 esse
1011 2974 1161 3036 dicit,
1195 2973 1279 3036 qui
1313 2972 1551 3036 inglorius
1588 2972 1656 3020 sit
1688 2976 1838 3033 atque
1870 2969 2013 3034 igno-

312 3058 426 3108 bilis
471 3058 534 3105 ad
579 3071 868 3122 supremum
914 3055 1046 3104 diem
1079 3053 1462 3119 perventuruS.''
1529 3051 1602 3100 lbi
1633 3050 1849 3122 famulus
1884 3048 2013 3096 fide·-

314 3137 380 3187 lis
441 3137 740 3186 confirmare
800 3136 972 3185 studet
1031 3136 1247 3183 animum
1301 3133 1490 3182 domini
1547 3137 1750 3196 praeter
1809 3128 2013 3178 modum

317 3218 592 3268 demissum
628 3216 875 3279 simulque
910 3216 1172 3274 obsecrat,
1205 3217 1263 3262 ut
1297 3229 1467 3262 secum
1504 3210 1836 3260 communicet
1867 3222 2013 3256 caua-

315 3314 423 3347 sam
471 3296 823 3346 sollicitudinis
871 3300 924 3343 et
967 3295 1199 3358 quidnam
1250 3295 1411 3342 animo
1462 3292 1653 3356 agitans
1688 3305 1781 3354 per
1814 3291 2014 3335 noctem

315 3392 530 3428 accensa
563 3377 677 3425 face
712 3375 974 3441 epistolam
1010 3391 1135 3436 eam,
1173 3391 1319 3437 quam
1353 3387 1502 3421 manu
1531 3375 1717 3428 teneat,
1753 3365 2016 3432 scripserit

323 3458 663 3524 scriptamque
697 3456 952 3517 deleverit,
988 3454 1254 3522 signaverit
1287 3468 1558 3516 rursusque
1602 3447 1833 3508 solverit,
1878 3445 2014 3497 abie-
