2202 3892
882 310 961 366 27
965 310 1004 366 5

97 472 306 510 numero
339 472 537 519 eorum,
582 473 708 520 quae
753 457 1120 506 miserationem
1165 471 1367 505 movere
1401 457 1776 511 vehementissi-

97 554 231 589 mam
265 537 482 587 valerent
499 535 568 604 *).
622 536 917 602 Talthybius
953 543 1134 597 autem,
1170 542 1430 600 postquam
1467 554 1648 604 corpus
1680 541 1776 592 hu-

95 619 244 668 mavit
292 624 345 667 et
388 618 583 666 hastam
631 618 679 666 in
731 618 961 682 sepulcro
1007 617 1142 676 fixit,
1202 605 1497 666 in'scenam
1545 635 1775 670 reversus

95 699 249 749 duces
284 699 421 747 iubet
456 699 844 762 manipulorum,
879 698 939 745 ad
974 696 1070 744 hoc
1103 701 1332 761 paratos,
1375 698 1512 746 faces
1546 700 1775 750 ardentes

92 779 143 828 in
187 779 322 827 urbis
373 785 506 827 tecta
541 778 829 835 coniicere,·
859 778 1074 840 captivas
1122 785 1283 825 autem
1335 777 1473 839 signo
1508 781 1624 828 tuba
1659 781 1774 829 dato

93 860 158 907 ad
192 874 340 906 naves
377 873 431 905 se
467 857 724 916 conferre3
776 856 922 904 simul
959 856 1155 919 Ulyssis
1199 857 1410 905 ministri
1446 859 1652 918 adsunt,
1691 861 1775 924 qui

93 938 351 987 Hecubam
388 938 647 994 abducant,
684 952 807 999 quae
843 937 890 983 in
926 935 1206 984 incendium
1244 952 1298 984 se
1333 939 1661 1004 praecipitare
1686 956 1773 988 vo-

92 1017 200 1066 lens
234 1033 263 1065 a
297 1015 564 1080 'l‘anhybio
601 1015 904 1080 prohibetur.
973 1015 1237 1077 Flagrante
1283 1019 1407 1065 urbe
1442 1027 1492 1066 et
1527 1035 1635 1067 cum
1672 1020 1772 1069 fra-

90 1112 212 1162 gore
242 1103 519 1156 corruente,
554 1096 840 1144 sonantibus
867 1095 1014 1155 tubis,
1050 1095 1254 1145 Hecuba
1285 1113 1394 1145 cum
1432 1098 1586 1147 choro
1624 1099 1772 1148 alter-

92 1176 170 1224 nis
221 1176 488 1226 ululatibus
535 1177 655 1224 deos
707 1182 941 1240 paternos
989 1181 1038 1223 et
1085 1192 1254 1224 manes
1305 1178 1685 1228 interfectorum
1723 1186 1774 1229 et

90 1257 262 1304 urbem
298 1258 490 1304 iamiam
526 1257 738 1305 deletam
776 1255 941 1303 valere
977 1256 1204 1304 iubentes
1241 1273 1270 1305 e
1304 1264 1573 1322 conspectu
1621 1259 1767 1309 dece-

90 1335 230 1385 dunt.
298 1335 438 1384 Haec
474 1343 549 1384 est
585 1336 666 1384 illa
700 1336 800 1398 fax,
835 1352 981 1400 quam
1016 1337 1261 1399 quondam
1296 1337 1347 1385 in
1381 1339 1565 1386 somnis
1594 1355 1771 1404 parere

88 1415 183 1464 sibi
217 1417 320 1463 visa
355 1422 434 1463 est
468 1415 691 1466 Hecuba.

214 1492 430 1545 Multum
466 1495 612 1544 huius
647 1496 930 1560 tragoediae
965 1497 1261 1560 compositio
1296 1497 1465 1563 dispar
1498 1515 1526 1546 a
1558 1500 1771 1564 reliqua-

86 1584 194 1622 rum
242 1581 334 1624 est.
406 1575 514 1624 Non
563 1577 693 1624 enim
742 1593 908 1625 rerum
953 1577 1074 1625 alius
1110 1593 1170 1625 ex
1207 1577 1300 1625 alia
1336 1579 1641 1627 nascentium
1676 1581 1768 1630 im-

85 1653 426 1718 plicationem,
462 1656 550 1704 sed
587 1673 745 1720 paene
780 1673 874 1705 una
908 1664 1133 1705 natarum
1169 1657 1495 1706 imitationem
1533 1659 1768 1724 continet,

85 1749 182 1798 quo
226 1735 278 1784 in
321 1752 507 1799 genere
539 1738 818 1800 praeierant
852 1737 1128 1800 Aeschylus
1172 1736 1222 1784 in
1259 1735 1425 1785 Persis
1461 1744 1513 1787 et
1556 1738 1773 1804 Phryni-

84 1814 207 1863 chus
259 1815 308 1863 in
353 1815 603 1881 Μιλήτου
649 1813 848 1866 ἁλώσει.
929 1816 1106 1864 Rarius
1164 1822 1334 1881 poetas
1390 1833 1450 1866 eo
1494 1835 1612 1868 usos
1656 1837 1769 1870 esse

86 1895 237 1943 credo
280 1910 382 1944 non
418 1897 561 1954 ideo,
610 1897 739 1961 quod
790 1914 817 1944 a
851 1897 1047 1945 theatro
1094 1896 1306 1944 alienum
1353 1903 1489 1947 esset
1523 1905 1576 1948 et
1606 1901 1769 1950 minus

83 1973 348 2034 idoneum,
401 1977 490 2025 sed
539 1977 670 2040 quod
720 1978 971 2026 difficilius
1018 1982 1235 2025 tractatu
1270 1992 1382 2025 esse
1416 1979 1768 2045 intelligerent.

82 2051 434 2120 Praeterquam
470 2057 599 2105 enim
636 2059 765 2121 quod
803 2057 1215 2122 implicationibus
1256 2073 1423 2105 rerum
1451 2059 1647 2109 facilius
1677 2060 1768 2109 ho-

80 2134 238 2182 mines
276 2142 510 2185 tenentur
546 2144 694 2200 atque
729 2138 1056 2195 delectantur,
1093 2153 1154 2185 ne
1191 2137 1427 2186 varietate
1462 2140 1659 2203 quidem
1695 2141 1769 2189 iu-

82 2215 242 2262 cunda
276 2215 510 2278 distingui
545 2216 695 2266 facile
729 2225 895 2281 potest
942 2218 1110 2266 drama
1152 2218 1200 2265 in
1238 2217 1566 2268 describendo
1602 2236 1768 2270 rerum

84 2300 292 2355 eventu,
332 2297 575 2360 <quamvis
624 2299 839 2360 graviter
895 2299 1089 2347 animos·
1131 2304 1389 2357 movente,
1453 2307 1765 2365 occupatum.

83 2371 208 2422 Cum
261 2377 502 2431 varietate
561 2384 723 2427 autem
778 2378 1078 2427 consociatio
1136 2395 1303 2427 rerum
1360 2378 1492 2427 inter
1553 2396 1609 2429 se
1673 2397 1768 2446 pu-

77 2455 327 2517 gnantium
364 2471 520 2520 seque
554 2457 760 2507 invicem
796 2458 1192 2508 dissimilitudine
1226 2458 1574 2508 illustrantium
1622 2462 1767 2510 amit·
1824 2488 1827 2491 ⁴

77 2533 231 2582 titur:
278 2536 457 2599 quibus
503 2538 789 2588 absentibus
836 2539 986 2588 rebus
1035 2538 1225 2590 tollitur
1263 2538 1401 2601 vigor
1438 2539 1647 2588 actionis
1691 2546 1768 2589 at-

81 2628 180 2676 que
215 2615 485 2665 animorum
518 2619 803 2669 oblectatio.
873 2619 1131 2667 Eiusmodi
1170 2619 1425 2667 materiam
1462 2620 1766 2670 tractandam

79 2691 285 2742 fuerunt
337 2697 420 2758 qui
472 2713 564 2760 per
611 2699 989 2764 imprudentiam
1036 2715 1063 2747 a
1111 2706 1281 2747 nostro
1333 2703 1594 2763 poetarum
1646 2716 1766 2765 pru-

78 2771 372 2822 dentissimo
426 2776 870 2844 sollertissimoque
927 2786 1136 2827 sumtam
1198 2795 1310 2827 esse
1368 2780 1633 2828 crederent
1678 2782 1767 2830 ob-

76 2851 382 2916 iicerentque
416 2856 491 2915 ei,
539 2858 670 2920 quod
707 2861 998 2909 cumulando
1034 2860 1162 2907 mala
1198 2859 1472 2919 eiusmodi,
1510 2875 1636 2924 quae
1670 2875 1766 2908 non

77 2932 227 2980 modo
275 2934 586 2997 obsistendo,
639 2939 727 2987 sed
763 2955 823 2987 ne
858 2941 1064 2988 ferendo
1108 2939 1305 3003 quidem
1345 2956 1372 2987 a
1406 2940 1603 2987 miseris
1639 2941 1767 2989 vinci

77 3017 312 3075 possent,
377 3016 566 3064 animos
626 3025 964 3101 spectatorum
1016 3020 1264 3085 fatigaret.
1336 3019 1431 3080 Qui
1479 3020 1769 3070 incredibile

79 3097 159 3140 est
205 3093 338 3143 dictu
390 3105 571 3159 quanta
608 3113 717 3146 cum
754 3081 982 3149 v⁰ecordia
1019 3100 1144 3148 hanc
1182 3099 1491 3160 tragoediam
1526 3099 1766 3166 legerint.

75 3171 208 3221 nulla
252 3175 382 3223 enim
432 3192 548 3240 pars
586 3178 694 3226 eius
730 3194 825 3227 non
862 3181 1162 3229 contrarium
1197 3179 1373 3237 efficit,
1409 3179 1540 3228 nulla
1574 3197 1670 3229 non
1705 3180 1765 3228 ad

133 3354 185 3408 ¹⁴¹)
214 3355 307 3399 Καὶ
335 3355 365 3412 ἦ
395 3356 562 3416 Ἑκάβη
602 3357 686 3403 τὸν
713 3353 1020 3404 Ἀστυάνακτα
1058 3361 1230 3404 τοῦτον
1262 3361 1431 3403 πενθεῖ
1467 3358 1550 3404 τὸν
1591 3356 1768 3416 τρόπον

215 3428 420 3483 κεφαλῆς
459 3445 508 3475 τε
550 3427 698 3475 αὐτοῦ
736 3427 958 3486 ψαύουσα
1009 3431 1089 3476 καὶ
1139 3431 1302 3488 χειρῶν
1347 3429 1426 3474 καὶ
1468 3431 1556 3475 τοῦ
1598 3429 1768 3474 λοιποῦ

217 3507 441 3552 σωματος.

1323 3574 1387 3620 18
1408 3571 1434 3602 *
