2124 3860
1033 281 1035 283 -
1076 224 1203 301 '336

320 396 450 440 trum
484 403 580 438 nou
614 387 805 446 minus,
851 405 994 454 quam
1039 390 1101 439 ad
1137 390 1405 441 Theonoen
1451 391 1664 459 dirigens
1699 393 1984 460 orationem,

317 471 429 519 loco
476 474 651 534 poetae
683 469 744 516 ad
784 468 1054 518 docendum
1098 487 1310 535 pronus,
1357 473 1482 521 hanc
1516 475 1711 524 dicendi
1745 478 1984 526 rationem

316 550 426 614 ipse
475 550 794 597 commendat.
863 549 1109 615 Improbat
1158 552 1309 616 igitur
1343 560 1512 601 noster
1564 554 1786 604 lacrimas
1820 564 1870 606 et
1901 557 1984 605 ab·

317 629 433 677 iecti
469 629 615 676 animi
664 630 876 692 speciem
913 631 961 677 in
998 630 1090 691 iis,
1137 633 1218 696 qui
1263 647 1482 681 caussam
1529 634 1699 696 capiti·
1746 635 1983 699 dicerent,

318 714 369 758 et
402 708 638 757 validiora
672 724 756 758 eos
792 709 958 757 dicere
993 726 1136 773 quam
1173 711 1519 761 miserabiliora
1554 713 1701 762 iubet.

447 788 707 837 Persectae
773 789 1040 853 sapientiae
1095 792 1310 855 speciem
1363 792 1626 855 Euripides
1673 808 1819 856 quum
1866 793 1987 842 reli-

315 886 523 934 quorum
569 876 734 916 vatum
783 869 1045 932 plerosque
1092 877 1196 919 tum
1248 870 1518 920 Theonoen
1554 888 1665 920 esse
1701 873 1884 933 voluit,
1935 877 1986 922 et

314 951 492 1015 placita
527 948 927 1013 philosophorum
964 948 1094 996 haud
1129 950 1342 1014 vulgaria
1375 952 1523 999 huius
1558 951 1680 1000 fecit
1712 967 1798 1016 ore
1832 967 1985 1000 enun-

314 1030 441 1078 tiari.
523 1029 691 1090 „inest
735 1029 795 1098 ἰῐικ
828 1036 1001 1076 natura
1051 1045 1158 1077 mea
1205 1046 1430 1093 magnum
1475 1032 1688 1080 iustitiae
1723 1031 1984 1080 delubrum

313 1127 344 1158 a
378 1108 541 1156 Nereo
576 1108 824 1158 traditum.
894 1107 1110 1156 Servabo
1144 1109 1289 1172 igitur
1323 1110 1631 1169 Menelaum,
1679 1110 1985 1172 suffragabor

314 1188 512 1249 Iunoni,
549 1188 697 1235 missa
733 1186 955 1245 Venere,
993 1204 1116 1251 quae
1150 1197 1265 1253 opto
1301 1190 1495 1252 quidem
1533 1196 1584 1238 ut
1616 1190 1831 1254 propitia
1866 1189 1986 1237 mihi

313 1268 402 1326 sit,
448 1268 536 1315 sed
586 1266 706 1314 nibil
755 1283 965 1331 unquam
1001 1285 1193 1317 mecum
1227 1270 1398 1318 habuit
1433 1270 1742 1327 commercii,
1791 1269 1984 1318 tradam

310 1349 465 1413 patris
502 1347 605 1394 loco
641 1346 878 1395 Helenam
915 1349 1113 1409 marito,
1161 1349 1367 1408 curabo,
1414 1356 1466 1395 ut
1502 1364 1683 1411 poenas
1717 1349 1981 1398 iniustitiae

311 1434 363 1475 et
405 1427 512 1473 viva
563 1431 612 1474 et
653 1431 846 1474 mortua
889 1428 1094 1476 evitem:
1155 1427 1333 1477 etenim
1384 1427 1574 1475 animae
1617 1427 1981 1487 defunctorum,

313 1507 532 1571 quamvis
569 1510 766 1553 careant
800 1507 925 1564 vita,
964 1523 1058 1555 non
1094 1514 1264 1556 carent
1299 1523 1463 1568 sensu,
1498 1507 1760 1554 immortali
1794 1506 1983 1554 aetheri

311 1587 568 1634 admistae.
647 1584 800 1632 Simul
848 1586 940 1634 hac
983 1587 1175 1636 ratione
1220 1587 1360 1635 fratri
1410 1587 1535 1650 ipsi,
1591 1585 1820 1649 quoniam
1867 1601 1981 1633 eum

309 1667 445 1731 pium
482 1681 593 1713 esse
629 1680 777 1727 cogo,
814 1665 1122 1716 benefecero.
1191 1666 1360 1729 ltaque
1395 1681 1486 1730 ego
1522 1666 1717 1729 quidem
1752 1682 1781 1714 e
1815 1665 1981 1714 medio

311 1746 535 1811 digressa
572 1745 753 1804 silebo,
788 1759 872 1792 vos
908 1752 1071 1794 autem
1111 1746 1202 1795 diis
1238 1746 1530 1810 supplica-te,
1572 1751 1624 1793 ut
1659 1745 1864 1793 consilia
1892 1761 1982 1802 ‚ve-

309 1832 412 1874 stra
447 1825 644 1889 propitii
677 1824 931 1884 adinvent3
979 1830 1032 1874 tu
1066 1842 1208 1885 vero,
1245 1841 1273 1873 o
1309 1831 1475 1889 pater,
1510 1839 1784 1888 nunquam,
1830 1839 1983 1889 quan-

306 1912 411 1955 tum
447 1906 495 1953 in
533 1921 611 1952 me
645 1908 738 1963 est,
773 1905 950 1968 impius
985 1922 1072 1968 pro
1108 1907 1189 1968 pio
1223 1903 1549 1953 vocaberisf'x

439 1985 623 2041 Potuit,
659 1984 783 2032 haec
821 1985 1062 2032 sentiente
1095 1984 1352 2041 Theonoe,
1389 1986 1484 2033 hoc
1518 1988 1676 2033 totum
1703 1984 1982 2050 episodium

307 2084 337 2116 a
370 2064 620 2127 tragoedia
655 2064 858 2123 abesse3
911 2065 998 2112 sed
1050 2064 1157 2127 quis
1193 2064 1525 2128 pulcherrima
1561 2065 1789 2113 carminis
1824 2072 1982 2128 parte,

309 2144 528 2210 quamvis
565 2159 672 2190 eam
709 2144 869 2192 minus
905 2145 1236 2191 necessariam
1275 2159 1388 2191 esse
1423 2144 1679 2207 intelligat,
1715 2144 1864 2193 venet
1898 2158 1980 2190 ca-

306 2225 459 2273 rere?
505 2222 654 2270 Certe
695 2222 823 2270 euim
871 2238 968 2270 non
1014 2223 1144 2270 facta
1179 2237 1339 2284 neque
1371 2237 1535 2269 rerum
1572 2223 1853 2284 impeditio,
1889 2220 1979 2269 sed

306 2304 540 2361 affectus,
587 2301 668 2365 qui
718 2317 779 2349 ex
813 2316 978 2348 rerum
1015 2300 1388 2348 difficultatibus
1429 2300 1671 2358 existunt,
1720 2301 1830 2348 finis
1867 2304 1980 2349 sunt

305 2382 617 2447 tragoediae:
655 2381 732 2428 his
766 2381 894 2428 euim
930 2380 1045 2427 solis
1082 2380 1246 2427 insunt
1282 2395 1357 2440 ea,
1393 2380 1567 2442 quibus
1590 2368 1977 2428 teneantur-mo-

302 2468 605 2524 veanturque
640 2460 805 2515 animi,
840 2459 917 2507 liis
953 2458 1070 2507 solis
1105 2459 1442 2521 exprimendis
1470 2459 1543 2506 vis
1579 2464 1834 2521 poetarum
1871 2474 1976 2508 ma-

305 2543 595 2591 nifestatur:
630 2556 741 2588 nam
774 2540 1018 2588 sactorum
1055 2538 1251 2601 quidem
1277 2538 1635 2602 implicatorum
1662 2539 1853 2587 turbam
1886 2555 1977 2588 nu-

303 2638 490 2688 gasque
525 2637 728 2669 canoras
764 2620 979 2669 invenire
1024 2634 1117 2666 non
1153 2627 1232 2666 est
1266 2634 1509 2666 summum
1543 2634 1702 2681 neque
1737 2618 1978 2666 difficilli-

304 2717 455 2752 mum.
526 2701 636 2749 Hoc
669 2700 823 2748 voluit
857 2699 1169 2756 Aristoteles,
1212 2698 1423 2746 affectus
1459 2714 1487 2744 a
1519 2698 1664 2748 factis
1700 2714 1795 2746 non
1831 2713 1974 2763 sepa-

302 2797 445 2840 ranS,
495 2797 658 2844 neque
706 2780 835 2828 idem
883 2779 1169 2843 improbavit
1212 2777 1429 2841 episodia
1474 2779 1633 2826 minus
1679 2778 1972 2835 necessaria,

303 2860 570 2908 dummodo
620 2861 763 2925 plena
811 2859 1072 2908 affectuum
1109 2864 1274 2906 essent
1322 2865 1373 2906 et
1408 2860 1660 2906 materiam
1696 2857 1971 2905 contentio-

302 2954 415 2987 num
472 2940 852 3002 facultatemque
914 2939 1085 2987 virium
1146 2937 1327 2999 ingenii
1381 2938 1814 3002 expromendarum
1867 2941 1971 2983 tum

303 3019 463 3083 poetis
498 3024 600 3067 tum
642 3021 887 3068 actoribus
922 3021 1229 3084 praeberent.
1300 3018 1550 3077 Ceterum,
1585 3016 1800 3081 quamtis
1828 3006 1970 3078 egre-

302 3098 379 3160 gia
426 3099 490 3145 sit
539 3097 803 3147 Theonoes
866 3099 1128 3164 sapientia,
1173 3101 1336 3145 tamen
1372 3098 1611 3162 Aegyptia
1653 3100 1732 3144 est
1775 3093 1967 3154 mulier,

303 3192 428 3240 quae
463 3193 582 3240 gens
618 3179 935 3242 religionibus
971 3184 1022 3226 et
1055 3179 1372 3225 caeremoniis
1413 3178 1523 3242 plus
1558 3192 1699 3239 quam
1734 3174 1968 3222 innocen-

302 3257 398 3304 tiae
433 3258 700 3305 animorum
737 3264 788 3309 et
819 3243 946 3307 vitae
979 3257 1246 3320 integritati
1280 3257 1475 3305 tribuat.
1535 3254 1664 3317 Quid
1696 3253 1842 3318 igitur
1874 3251 1968 3299 mi·-

301 3351 428 3397 rum,
465 3335 591 3400 quod
627 3339 866 3387 monenda
899 3339 1018 3398 fuit,
1051 3352 1113 3386 ne
1147 3337 1195 3383 in
1229 3336 1547 3399 religionibus
1576 3333 1790 3383 colendis
1824 3331 1968 3393 iusti-

302 3415 419 3463 tiam
455 3416 755 3480 negligeret?
