2202 3892
973 250 1094 308 243

185 401 258 452 rei
290 399 564 467 principem
600 399 741 458 fore,
777 399 821 447 si
855 403 999 463 pater
1030 397 1208 456 vellet3
1240 395 1290 444 in
1325 395 1529 445 deorum
1564 394 1863 461 benignitate

185 498 241 532 ae
275 478 526 529 confidere
568 480 710 527 victis
745 478 973 527 hostibus
1008 478 1126 526 inde
1158 476 1302 525 laude
1335 476 1514 539 adepta
1547 475 1629 525 de·
1653 474 1864 525 Graecia

184 563 235 610 in
281 559 490 626 patriam
535 561 811 608 rediturum
861 573 990 606 esse.
1070 557 1196 606 Nam
1227 556 1335 604 -sibi
1370 556 1535 604 inlda
1570 555 1692 604 silva
1725 555 1866 605 Mer-

186 642 378 691 curium
412 639 679 687 adduxisse
715 637 974 699 lunonem,
1009 636 1261 686 Venerem
1296 643 1345 683 et
1377 630 1673 697 Minervam,
1709 640 1766 683 ut
1792 636 1865 683 in·
1935 687 1939 692 ,

185 727 263 771 ter
311 737 397 768 eas
445 720 507 766 de
562 719 728 782 specie
774 718 1015 766 iudicaret
1061 721 1156 764 etc.
1241 716 1388 763 Unde
1436 722 1659 778 sperares
1684 716 1868 763 debere

187 801 455 859 Priamum,
490 797 739 848 Venerem
765 797 1052 844 adiutricem
1087 795 1367 845 Alexandro
1405 794 1675 843 futuramss'
1746 795 1867 857 Quiss

187 881 280 930 bus
328 879 504 928 auditis
563 876 838 924 admirabili
885 878 1158 924 animorum
1211 877 1390 924 ardore
1437 874 1497 922 ad
1545 874 1869 924 exstruendas

187 975 334 1010 naves
370 957 731 1021 parandamque
767 956 1136 1020 expeditionem
1174 955 1384 1020 populus
1421 954 1610 1003 fertur:

318 1036 518 1098 „Troia
555 1035 844 1084 caeduntur
874 1035 1102 1101 Phrygia
1131 1038 1317 1102 pineta
1351 1036 1537 1095 securi,

389 1116 635 1182 Quaeque
672 1122 784 1164 erat
821 1117 1090 1182 aequoreis
1125 1116 1268 1164 utilis
1305 1116 1455 1164 arbor
1492 1114 1637 1179 aquis
1672 1113 1798 1161 etc.’'

189 1198 395 1249 Frustra
430 1197 578 1258 igitur
613 1203 663 1244 et
698 1202 839 1260 pater
873 1205 925 1246 et
960 1204 1118 1245 mater
1155 1196 1356 1244 consilio
1394 1195 1665 1241 obsistunt:

322 1277 434 1340 „Et
466 1282 621 1341 pater
657 1282 707 1323 et
740 1277 974 1340 genitrix·
1009 1275 1240 1330 inhibent
1275 1291 1392 1323 mea
1425 1281 1547 1323 vola
1580 1271 1828 1339 rogando,

388 1356 812 1422 Propositumque
837 1358 936 1422 pia
970 1372 1093 1405 voce
1127 1362 1397 1405 morantur
1433 1352 1585 1404 iter.''

190 1435 465 1488 Vincuntur
496 1436 646 1498 igitur
679 1436 989 1500 popularium
1036 1435 1206 1484 furore
1250 1440 1411 1484 coeco'
1436 1436 1625 1498 impetu
1661 1433 1722 1482 ad
1757 1449 1874 1498 per-

189 1517 368 1567 niciem
402 1523 597 1565 ruente.
652 1515 778 1564 Nam
814 1515 1073 1580 Deiphobo
1110 1531 1326 1580 quoque,
1363 1515 1403 1563 si
1433 1515 1683 1563 credimus
1707 1511 1877 1562 Dareti

190 1597 392 1662 Phrygi,
428 1596 627 1661 placuit,
661 1602 718 1645 ut
753 1595 929 1644 classis
964 1596 1015 1643 in
1053 1594 1314 1643 Graeciam
1350 1596 1648 1643 mitteretur.

323 1676 542 1725 Cliorum
588 1677 684 1724 hoc
731 1675 843 1724 loco
878 1676 1122 1740 interponi
1155 1691 1363 1724 necesse
1400 1673 1523 1732 fuit,
1573 1688 1670 1737 quo
1720 1677 1772 1719 et
1805 1671 1878 1719 in·

192 1757 399 1806 structio
446 1757 737 1818 ornatioque
781 1755 957 1803 classis
1010 1761 1062 1804 et
1111 1754 1360 1819 profectio
1415 1767 1689 1815 cursusque
1736 1750 1875 1799 Pari-

194 1837 300 1899 dis,
352 1834 549 1884 Venere
585 1836 828 1893 ducente,
875 1840 925 1883 et
971 1834 1284 1899 exspectatio
1320 1832 1647 1880 Troianorum
1695 1829 1877 1879 colori-

195 1917 286 1965 bus
332 1932 478 1980 quam
524 1915 736 1962 maxime
795 1914 968 1962 vividis
1022 1914 1390 1979 depingeretur.
1475 1914 1670 1962 Interea
1722 1926 1874 1974 quum

196 2011 254 2046 ea
287 1995 420 2060 ipsa,
468 2011 594 2059 quae
628 1995 723 2042 hoc
759 1995 975 2042 carmine
1010 1995 1192 2042 chorus
1230 1993 1656 2059 persequebatur,
1693 1990 1875 2039 effecta

195 2083 248 2125 et
280 2077 555 2124 necessaria
589 2075 752 2123 omnia
786 2079 1052 2138 prospecta
1087 2080 1272 2134 essent,
1305 2074 1560 2123 redierunt
1595 2072 1642 2120 in
1681 2086 1879 2119 scenam

194 2156 256 2204 ad
304 2154 668 2219 prosectionem
716 2155 870 2219 parati
916 2160 1168 2218 pastores,
1222 2154 1494 2217 agricolae,
1548 2150 1780 2216 oppidani
1830 2153 1884 2197 et

193 2236 472 2299 quicunque
516 2234 712 2283 Paridis
759 2234 912 2282 ductu
947 2235 1282 2298 auspiciisque
1316 2232 1520 2295 gloriam
1557 2236 1608 2280 et
1641 2230 1879 2294 praedam

195 2331 257 2364 ex
277 2314 489 2363 Graecia
517 2315 722 2379 petituri
745 2320 900 2363 erant.
950 2314 1158 2363 Civitate
1184 2315 1234 2362 in
1261 2314 1412 2362 sacris
1440 2311 1702 2372 faciundis,
1730 2310 1778 2357 in
1809 2308 1884 2357 fe-

195 2395 287 2445 stis
310 2395 633 2454 celebrandis,
658 2395 706 2443 in
733 2393 1175 2459 supplicationibus
1199 2394 1436 2442 habendis
1465 2397 1722 2456 occupata,
1756 2390 1882 2438 Cas-

195 2475 372 2524 sandra
405 2474 674 2523 furibunda
709 2491 799 2539 per
831 2474 935 2522 vias
970 2491 1151 2539 vagans
1187 2474 1310 2522 diris
1346 2473 1611 2532 ominibus,
1648 2470 1776 2519 tristi
1801 2485 1885 2517 va-

195 2555 496 2611 ticinatione,
522 2554 720 2614 bellum,
747 2541 1025 2602 incendium
1043 2556 1249 2619 patriae,
1275 2553 1656 2601 internecionem
1687 2549 1886 2607 civium,

196 2641 485 2698 parentum,
520 2634 731 2682 fratrum
769 2641 821 2683 et
854 2634 1085 2697 quicquid
1121 2635 1170 2682 in
1205 2634 1351 2681 tertio
1389 2632 1612 2679 dramate
1648 2629 1913 2694 effectum-

200 2713 477 2763 ostenditur
523 2714 840 2778 praedicens,
892 2730 1203 2763 communem
1253 2712 1491 2761 laetitiam
1540 2706 1888 2773 interpellavit.

201 2792 458 2844 cfsovid.
493 2810 538 2842 v.
576 2795 671 2841 119
701 2792 938 2858 seqq.*):

333 2873 447 2937 „Et
478 2889 618 2922 soror
654 2875 843 2939 effusis,
880 2880 938 2922 ut
977 2879 1105 2933 erat,
1150 2870 1445 2921 Cassandra
1488 2868 1709 2935 capillis,

402 2952 525 3002 Cum
555 2954 749 3001 vellent
782 2959 991 3003 nostrae
1028 2955 1132 3003 iam
1165 2952 1296 3002 dare
1332 2951 1451 2999 vela
1487 2956 1648 3012 rates,

259 3142 309 3197 ⁷⁶)
335 3143 560 3183 Helenum
598 3141 642 3183 in
674 3140 952 3184 Cassandrae
992 3144 1141 3184 locum
1179 3137 1404 3181 substituit
1441 3139 1608 3179 Dares:
1655 3138 1890 3192 „He-lenus

342 3211 580 3254 vaticinari
621 3210 770 3265 coepit
799 3211 960 3253 Graios
996 3217 1206 3254 venturos
1237 3208 1370 3252 Ilium
1402 3222 1651 3263 eversuros,
1685 3210 1890 3262 parentes

344 3286 388 3324 et
414 3282 577 3323 ftatres
608 3280 761 3322 hostili
790 3295 924 3323 manu
952 3281 1223 3336 interitur08‚
1250 3279 1289 3322 si
1308 3279 1560 3322 Alexander
1587 3278 1671 3320 sibi
1703 3288 1890 3318 uxorem

345 3353 400 3395 de
432 3350 625 3395 Graecia
658 3350 977 3413 adduxissctss'·
1026 3377 1030 3380 -

1452 3421 1513 3467 16
