2170 3866
1203 300 1329 358 486

429 451 668 514 ponente,
703 449 811 497 tum
845 445 1165 497 interclusam
1201 463 1316 498 esse
1349 447 1537 515 fugam,
1572 450 1675 500 vias
1707 457 1879 501 omnes
1913 450 2118 501 armatis

423 526 795 590 obsidentibus,
831 526 1056 577 decernit
1100 544 1196 578 non
1233 530 1513 579 cedendum
1547 546 1662 579 esse
1696 531 1867 591 malis,
1901 530 1992 581 sed
2028 531 2119 580 ob-

421 608 551 657 viam
590 609 834 657 zeundum.
915 608 1316 658 Deliberantibus
1362 604 1509 674 igitur
1554 612 1797 676 optimum
1833 610 1970 660 sactu
2005 626 2120 660 esse

420 687 636 745 videtur,
669 704 767 738 non
801 689 978 737 timide
1012 690 1172 738 vitare
1207 690 1512 754 periculum,
1552 690 1643 739 sed
1678 690 1880 756 prodire
1914 690 1964 739 in
2000 706 2118 740 con-

422 768 615 817 cionem
650 769 713 817 ad
747 784 972 817 caussam
1009 770 1296 819 dicendam:
1331 770 1590 818 honestius
1628 771 1758 819 euim
1795 776 1872 819 est
1894 785 2119 835 pugnan-

421 853 525 896 tem
562 848 690 896 mori
727 865 872 913 quam
909 849 1218 913 fugientem,
1267 855 1318 899 et
1368 857 1535 914 potest
1582 850 1720 908 fieri,
1769 856 1826 898 ut
1861 849 2119 901 nonnullos

419 927 803 992 Agamemnonis
839 929 1216 979 reminiscentes
1253 930 1491 979 misereat
1520 930 1626 991 filii,
1669 929 1754 994 qui
1789 946 1903 978 eum
1941 929 2119 978 defen-

421 1007 573 1055 derit.
656 1007 824 1072 ltaque
871 1008 1086 1073 Pylades
1131 1026 1292 1074 neque
1341 1011 1682 1075 contagionem
1731 1025 1910 1058 verens
1948 1008 2117 1058 Furiis

421 1086 620 1134 obnoxii
669 1103 831 1152 neque
879 1090 1165 1153 opinionem
1202 1106 1380 1139 curans
1425 1089 1557 1153 vulgi
1603 1090 1869 1138 comitatur
1915 1093 2118 1138 euntem

421 1165 551 1215 latus
599 1167 741 1215 lateri
786 1169 1069 1233 applicans,
1119 1170 1331 1235 primum
1384 1169 1583 1234 quidem
1633 1168 1693 1216 ad
1743 1168 1900 1232 patris
1940 1167 2117 1232 sepul-

421 1250 559 1311 crum
595 1247 857 1310 ducturus,
894 1250 1037 1298 cuius
1073 1266 1244 1299 manes
1278 1251 1327 1298 in
1355 1249 1594 1298 auxilium
1619 1248 1991 1305 vocandi'sunt‚
2026 1248 2118 1298 de-

420 1325 537 1375 inde
584 1327 632 1375 in
677 1330 913 1377 concione
948 1330 996 1376 ei
1044 1329 1335 1388 adfuturus,
1384 1334 1438 1378 ut
1472 1332 1641 1390 curet,
1689 1329 1731 1377 si
1764 1328 1901 1376 forte
1933 1327 2119 1377 Furiae

421 1406 585 1463 subito
619 1407 867 1456 invadant.
935 1408 1238 1472 lntelligisne
1283 1410 1436 1474 igitur
1478 1409 1719 1468 amicum,
1768 1408 1853 1471 qui
1897 1408 2116 1457 moribus

419 1489 587 1534 tecum
625 1488 883 1547 coaluerit,
919 1490 1141 1552 quamvis
1177 1505 1272 1537 non
1308 1490 1372 1537 sit
1408 1489 1644 1551 sanguine
1673 1488 1982 1545 coniunctus,
2024 1503 2116 1536 co-

420 1567 580 1631 gnatis
629 1569 855 1616 omnibus
894 1569 1139 1633 potiorem
1175 1568 1327 1617 esse‘!
1377 1566 1678 1617 Videbamus
1725 1567 1778 1615 in
1823 1566 2117 1616 Phoenissis

421 1645 631 1695 duorum
666 1646 876 1697 fratrum
915 1649 1167 1698 discordia
1201 1648 1400 1696 domum
1439 1648 1616 1711 opibus
1651 1647 1914 1696 florentem
1950 1646 2117 1696 fundi-

420 1731 502 1775 tus
536 1727 726 1788 everti3
771 1729 922 1776 iidem
969 1729 1066 1777 iam
1114 1729 1324 1778 duorum
1371 1728 1644 1775 amicorum
1679 1732 1852 1775 mutua
1884 1726 1986 1776 fide
2021 1726 2117 1776 do—

420 1822 554 1855 mum
600 1824 758 1871 paene
801 1808 899 1857 iam
951 1825 1202 1871 eversam,
1255 1807 1506 1872 proditam
1552 1824 1582 1856 a
1625 1807 1876 1872 cognatis,
1918 1807 2116 1856 restitui

420 1885 666 1935 videmus.

558 1967 838 2016 Prudenter
872 1967 1171 2032 Euripides,
1223 1983 1337 2016 cum
1386 1966 1628 2016 iudicium
1670 1966 1836 2032 ipsum
1880 1967 1931 2016 in
1967 1982 2116 2017 scena

420 2048 499 2113 agi
533 2049 791 2111 nequiret,
828 2063 1055 2095 caussam
1088 2046 1214 2095 fecit
1248 2063 1415 2096 coram
1451 2047 1819 2110 spectatoribus
1854 2048 1995 2110 quasi
2031 2062 2115 2096 co-

420 2143 527 2175 ram
562 2129 804 2177 iudicibus
840 2127 956 2186 dici,
994 2143 1089 2190 qua
1123 2143 1329 2175 caussae
1364 2127 1580 2175 dictione
1613 2127 1807 2175 etiamsi
1831 2127 1955 2175 nibil
1980 2127 2115 2176 aliud

422 2206 741 2267 efficeretur,
784 2207 880 2254 nisi
914 2214 971 2254 ut
1005 2207 1205 2255 uberius
1240 2207 1625 2271 diligentiusque
1657 2223 1823 2255 mores
1859 2213 1909 2255 et
1943 2207 2114 2254 condi·

422 2287 489 2335 tio
524 2302 691 2333 rerum
739 2286 1152 2349 depingerentur,
1200 2292 1364 2333 tamen
1411 2301 1507 2333 non
1554 2286 1731 2332 liceret
1775 2301 1882 2332 eam
1928 2285 2114 2348 produ-

420 2367 609 2414 cendae
655 2365 855 2414 fabulae
914 2380 1087 2413 caussa
1132 2364 1382 2412 inventam
1432 2379 1546 2411 esse
1594 2364 1778 2412 dicere.
1869 2365 2115 2413 Accurata

419 2447 550 2495 enim
601 2461 795 2493 morum
847 2446 1301 2507 sententiarumque
1346 2443 1556 2491 imitatio
1606 2443 1869 2492 dulcedine
1902 2445 2114 2507 quadam

418 2526 606 2575 retinet
641 2531 952 2589 spectatores
989 2530 1040 2574 et
1071 2525 1203 2573 valet
1237 2525 1500 2589 plurimum
1535 2524 1596 2572 ad
1627 2524 1942 2572 movendum.
2012 2524 2115 2573 Sed

421 2621 535 2654 cum
572 2622 780 2654 caussae
816 2606 1145 2670 explicatione
1190 2620 1482 2667 morumque
1526 2603 1864 2668 descriptione
1910 2604 2114 2653 coniun-

421 2693 502 2735 cta
538 2692 616 2734 est
652 2702 710 2734 ea
742 2687 1024 2750 argumenti
1059 2685 1353 2750 implica-tio,
1390 2700 1486 2746 qua
1521 2684 1582 2732 ad
1620 2689 1896 2732 extremum
1934 2683 2114 2732 discri-

417 2781 534 2815 men
580 2782 664 2815 res
714 2766 1040 2815 adducantur.
1122 2766 1175 2813 ln
1226 2781 1322 2828 qno
1371 2765 1502 2812 enim
1548 2764 1728 2812 auxilio
1778 2764 1952 2812 salutis
1996 2778 2114 2828 spes

421 2844 620 2894 Orestis
671 2845 831 2893 omnis
885 2847 1155 2905 nitebatur,
1209 2846 1307 2893 hoc
1354 2845 1401 2892 ei
1446 2844 1684 2908 eripitur:
1729 2843 2018 2904 Menelaus,
2062 2843 2116 2893 in

419 2925 563 2974 cuius
612 2925 713 2973 fide
760 2942 953 2973 summa
1000 2942 1166 2974 rerum
1219 2925 1414 2973 Orestis
1456 2929 1706 2972 momenta
1739 2929 1880 2982 sunt,
1931 2923 2114 2972 infidus

419 3005 728 3070 ignavosque
764 3006 920 3053 filium
958 3005 1130 3054 fratris
1165 3005 1372 3065 deserit,
1410 3020 1508 3068 quo
1540 3004 1615 3066 fit,
1651 3009 1705 3052 ut
1736 3003 1985 3051 damnatio
2015 3003 2114 3050 iam

419 3092 557 3133 certa
593 3086 777 3133 misero
812 3087 1071 3134 imminere
1113 3086 1352 3133 videatur.

554 3164 760 3213 Interim
798 3166 915 3214 dum
954 3165 1125 3214 concio
1161 3165 1332 3228 populi
1367 3164 1608 3224 habetur,
1648 3163 1847 3221 choruS,
1882 3165 2112 3208 eventum

417 3246 736 3310 praesagiens
758 3282 770 3301 ‚
808 3247 985 3294 domus
1023 3245 1305 3294 Atridarum
1342 3244 1560 3303 ruinam,
1607 3244 1831 3291 continua
1866 3240 2111 3289 scelerum

418 3325 552 3373 serie
601 3341 662 3373 ex
710 3327 915 3389 pristina
960 3326 1200 3374 felicitate
1237 3330 1287 3372 et
1333 3325 1517 3372 virtute
1553 3323 1814 3382 effectam,
1865 3321 2112 3384 deplorat.

415 3405 555 3454 Haec
603 3405 793 3455 scelera
838 3407 1000 3455 scelus
1048 3410 1303 3454 traxerunt
1338 3402 1560 3461 Orestis,
1612 3402 1696 3466 qui
1743 3400 1867 3449 falsa
1914 3398 2113 3448 honesti

418 3484 591 3549 specie
651 3472 893 3551 deceptus
943 3484 1189 3534 commisit
1250 3484 1331 3544 id,
1380 3483 1512 3546 quod
1564 3491 1756 3531 rectum
1803 3496 1918 3530 esse
1962 3479 2111 3529 nullis
