2170 3848
1087 258 1169 314 3⁰

299 402 468 453 talium
512 402 599 462 iis,
647 400 731 464 qui
774 401 957 451 virtute
989 406 1331 468 praestarent,
1376 405 1618 468 geminam
1664 406 1967 456 iuventutem

298 482 579 546 duplexque
602 496 775 528 aevum
809 483 1100 545 concedere,
1134 500 1231 547 quo
1265 484 1404 547 signo
1436 485 1621 533 rectius
1655 485 1770 534 boni
1804 503 1832 534 a
1862 502 1967 535 ma-

297 562 358 611 lis
392 576 533 625 quam
570 561 1201 626 divitiarum-possessione
1236 565 1654 613 discernerentur.
1734 565 1967 615 Ceterum

297 657 356 690 ae
399 656 494 689 non
539 639 807 689 destitutos
850 658 1063 705 unquam
1116 643 1286 691 Musas
1334 660 1442 691 cum
1482 641 1667 692 Gratiis
1715 646 1967 707 iucundis-

294 721 421 769 sima
454 720 695 792 societate
727 721 1023 786 coniungere
1058 726 1306 786 sertisque
1339 723 1594 772 redimitos
1627 724 1759 773 inter
1789 724 1968 790 piacula

295 800 357 848 ad
407 815 581 848 sonum
627 801 761 865 lyrae
795 802 1049 850 celebrare
1086 803 1314 850 Herculis
1349 804 1570 852 virtutes,
1640 800 1967 866 Quemadmo-

293 880 410 929 dum
457 886 622 928 autem
667 880 882 945 virgines
916 881 1146 929 Deliacae
1181 883 1453 946 Apollinem
1491 883 1712 931 cantibus
1748 884 1967 932 choreis-

294 975 394 1024 que
431 960 709 1016 celebrent,
746 961 815 1008 sic
852 977 933 1019 se,
970 964 1189 1025 quamvis
1227 963 1325 1010 sint
1360 979 1530 1020 senes,
1585 979 1853 1027 cygnorum
1888 963 1964 1011 in·

291 1046 400 1088 star
445 1042 816 1088 canescentibus
861 1042 997 1104 genis
1045 1043 1418 1106 praedicaturos
1454 1059 1595 1102 eum,
1641 1045 1724 1106 qui
1759 1043 1965 1092 sublatis

289 1119 561 1169 belluarum
611 1120 884 1167 terroribus
920 1122 1023 1170 suis
1058 1122 1302 1170 aerumnis
1334 1123 1482 1170 vitam
1517 1124 1796 1171 mortalium
1828 1131 1963 1172 tran-

290 1199 488 1263 quillam
534 1199 819 1248 reddiderit.
1793 1212 1799 1217 ”

421 1277 569 1326 Redit
600 1278 649 1325 in
685 1294 878 1328 scenam
904 1279 1067 1343 Lycus
1103 1281 1379 1343 eodemque
1413 1286 1636 1345 tempore
1668 1281 1806 1330 foras
1843 1281 1963 1331 Am·

287 1359 488 1423 phitruo
523 1359 798 1421 egreditur,
849 1375 946 1422 quo
984 1361 1177 1409 dicente
1213 1360 1465 1424 Megaram
1501 1376 1612 1409 cum
1647 1361 1764 1408 filiis
1799 1361 1963 1410 denuo

286 1439 348 1488 ad
373 1437 536 1486 focum
565 1438 811 1500 penatium
842 1440 1127 1488 consedisse
1161 1448 1210 1488 et
1245 1442 1399 1488 virum
1437 1441 1496 1488 ab
1530 1440 1702 1488 inferis
1735 1448 1961 1502 evocare,

285 1518 371 1567 ille
396 1517 655 1581 impatiens
685 1533 856 1566 morae
888 1519 1016 1566 nulla
1051 1520 1286 1585 religione
1320 1520 1552 1582 nulloque
1588 1519 1793 1568 deorum
1827 1526 1963 1569 metu

284 1597 565 1664 prohibitus
601 1597 940 1645 abstracturus
974 1599 1082 1647 illos
1118 1606 1445 1663 rapturusque
1479 1599 1539 1647 ad
1577 1599 1877 1664 supplicium
1909 1599 1962 1649 in
2005 1633 2010 1637 -

283 1679 482 1727 domum
529 1676 816 1739 ingreditur,
860 1678 946 1724 ubi
993 1686 1198 1741 repente
1232 1680 1278 1726 in
1310 1679 1408 1726 tela
1443 1679 1690 1739 Herculis,
1727 1685 1960 1743 tanquam

284 1757 334 1807 in
367 1756 591 1821 plagam,
629 1756 798 1804 incidit
833 1756 1014 1820 datque
1048 1774 1259 1821 poenas,
1295 1759 1681 1822 inspectantibus
1713 1760 1805 1817 iis,
1834 1774 1958 1822 quos

282 1836 532 1887 trucidare
566 1836 732 1892 voluit,
769 1836 1016 1884 scelerum
1050 1838 1406 1886 meritissimas.
1460 1838 1533 1886 De
1566 1836 1660 1884 hac
1694 1838 1961 1904 laetissima

282 1932 452 1968 rerum
479 1916 861 1964 commutatione
892 1931 1034 1964 senes
1081 1933 1198 1979 prae
1224 1918 1403 1981 gaudio
1436 1917 1751 1966 lacrimantur
1785 1917 1959 1971 simula

283 2013 380 2062 que
425 1996 629 2044 deorum
667 1997 937 2059 potentiam
971 1996 1019 2043 in
1053 1996 1344 2044 ulciscendis
1378 1997 1617 2060 improbis
1653 1995 1959 2057 manifestari

282 2077 547 2126 laetantur.
603 2075 790 2123 Deinde
822 2075 882 2122 ad
920 2074 1095 2123 choros
1130 2075 1353 2124 conversi
1389 2091 1724 2140 paeanemque
1759 2080 1958 2129 cantan-

282 2161 360 2207 tes
405 2171 501 2204 non
529 2155 684 2203 solum
722 2155 854 2203 cives
885 2154 1168 2215 Thebanos,
1203 2155 1289 2203 sed
1311 2155 1565 2219 Nymphas
1598 2154 1957 2218 quoquerivo-

280 2252 390 2286 rum
424 2236 760 2298 montiumque
788 2251 898 2282 cum
933 2235 1094 2283 Musis
1117 2235 1384 2295 Heliconis,
1421 2242 1573 2283 totam
1611 2235 1822 2297 denique
1855 2240 1956 2283 ter-

282 2333 388 2367 ram
415 2309 478 2364 an
511 2315 761 2376 laetitiam,
798 2315 1013 2380 tripudia
1050 2321 1343 2377 cantumque
1377 2317 1583 2379 propter
1617 2314 1835 2378 punitam
1874 2318 1956 2377 ty-

281 2396 420 2446 ranni
467 2395 777 2452 violentiam,
825 2395 1082 2444 liberatam
1128 2394 1337 2458 patriam
1384 2399 1741 2458 receptumque
1787 2409 1956 2458 regem

279 2477 499 2541 priorem
543 2474 764 2524 invitant.
850 2475 1117 2524 Reversum
1164 2474 1290 2522 enim
1329 2490 1389 2522 ex
1421 2478 1587 2523 terrae
1621 2473 1955 2538 penetralibus

280 2557 414 2605 aiunt
463 2555 832 2619 splendidisque
879 2555 1022 2603 editis
1055 2555 1245 2602 virtutis
1281 2553 1588 2602 documentis
1623 2570 1794 2602 verum
1828 2551 1956 2600 lovis

278 2636 436 2685 filium
480 2635 680 2699 agnosci
726 2635 1000 2698 iustiusque
1043 2640 1212 2682 tenere
1255 2650 1486 2696 regnum,
1535 2649 1680 2697 quam
1727 2631 1956 2681 homines

279 2715 544 2782 ignobiles,
581 2715 676 2762 hoc
710 2715 816 2778 ipso
852 2718 1079 2778 tempore
1114 2721 1394 2777 pereuntes.

408 2795 550 2844 Hanc
563 2794 796 2842 laetitiam
816 2795 1170 2857 gestientisque
1194 2794 1339 2840 animi
1362 2793 1620 2841 elationem
1647 2795 1855 2854 repente
1873 2789 1954 2838 fu-

276 2875 589 2925 nestissimae
625 2874 779 2922 cladis
817 2874 1090 2937 deploratio
1116 2873 1314 2937 excipit,
1345 2873 1622 2921 calamitate
1654 2869 1955 2934 triumphum

278 2954 508 3004 continuo
535 2954 878 3016 subsequente.
924 2953 1144 3001 Adducit
1166 2952 1292 3000 enim
1322 2953 1515 3000 lunonis
1540 2952 1678 2999 iussu
1709 2950 1796 3000 lris
1825 2949 1952 3011 Lys—

277 3050 380 3083 sam
408 3034 510 3082 sive
537 3033 578 3081 F
583 3033 749 3091 uriam,
774 3033 941 3081 currui
970 3032 1295 3091 insistentem,
1320 3033 1484 3096 capite
1509 3031 1747 3095 anguibus
1775 3027 1953 3086 cincto,

277 3113 514 3177 iubetque
542 3113 722 3160 mentis
737 3113 999 3160 tumultum
1015 3111 1119 3158 viro
1146 3111 1417 3159 clarissimo
1444 3112 1728 3167 immittere,
1751 3114 1806 3156 ut
1827 3106 1951 3154 libe-

277 3195 344 3242 ris
371 3209 456 3241 sua
477 3208 620 3240 manu
646 3191 916 3239 interfectis
944 3191 1146 3239 deorum
1175 3197 1439 3255 cognoscat
1466 3190 1752 3255 potentiam.
1800 3186 1952 3235 lnvita

277 3272 622 3335 reluctansque
646 3271 795 3319 Furia
830 3272 1015 3319 invadit
1049 3272 1217 3328 virum„
1253 3271 1333 3333 qui
1370 3278 1612 3318 extremas
1647 3273 1950 3316 terrassae-

277 3367 488 3416 vumque
519 3367 656 3400 mare
688 3351 993 3415 peragrando
1021 3351 1227 3399 deorum
1251 3350 1480 3409 honores,
1516 3349 1575 3396 ab
1609 3347 1772 3410 impiis
1809 3358 1950 3392 ever-

277 3446 389 3492 εοε,
449 3431 740 3481 restituerit.
823 3430 994 3494 Itaque
1043 3429 1208 3478 Solem
1254 3429 1390 3494 prius
1425 3426 1632 3488 testata,
1682 3424 1848 3474 facere
1894 3437 1950 3472 se
