2170 3848
913 237 1033 295 193

133 390 184 440 in
219 388 372 454 patris
397 386 544 436 domo
571 391 674 436 tum
710 401 850 445 auro,
883 385 1112 453 gemmiS‚
1146 384 1351 448 reliquis
1386 384 1538 434 rebus
1572 385 1825 450 pretiosiS‚

132 474 240 520 tum
273 467 544 518 esculentis
578 467 978 532 potulentisque‚
1023 464 1289 525 odoribus,
1338 466 1596 528 omnisque
1622 452 1826 531 ¹generis

132 547 330 600 deliciis
378 547 714 612 repletissima
758 545 1148 596 circumfluebat.
1218 544 1365 607 Quod
1411 549 1578 594 autem
1611 546 1827 595 divinam

131 628 372 696 virginem
404 628 457 676 in
491 627 858 677 matrimonium
894 627 1080 675 ducere
1115 624 1396 685 iubebatur,
1436 641 1535 674 non
1567 625 1826 675 felicitatis

130 708 537 776 praestationem,
572 707 664 756 sed
691 706 940 756 servitutis
967 706 1164 754 initium
1200 720 1315 754 esse
1349 705 1579 755 ducebat.
1627 706 1827 772 Quippe

133 788 491 842 beatitudinem
526 793 623 837 non
656 787 708 836 in
739 786 967 836 absentia
1001 785 1212 846 doloris,
1261 785 1314 834 in
1358 787 1614 835 vacatione
1649 792 1699 835 et
1731 788 1826 835 im-

135 870 379 928 munitate
410 867 748 932 negotiorum,
783 866 836 914 in
869 866 1200 931 voluptatibus
1234 865 1316 915 vel
1350 866 1502 915 animi
1536 866 1616 915 vel
1650 882 1827 930 corpo-

137 949 209 1000 ris
245 947 461 1014 positam
496 962 611 996 esse
635 946 901 1005 iudicabat,
936 946 1097 995 sedin
1120 946 1321 995 virtutis
1351 962 1461 1010 usu,
1495 948 1545 996 in
1569 938 1819 1016 libertate,

133 1029 185 1078 in
229 1026 534 1076 conscientia
575 1026 932 1076 beneficiorum
980 1027 1061 1076 vel
1105 1026 1154 1076 in
1203 1026 1416 1091 patriam
1461 1027 1539 1075 vel
1584 1027 1636 1076 in
1668 1042 1826 1091 genus

132 1107 417 1159 universum
463 1106 731 1156 humanum
780 1107 1102 1157 collatorum:
1150 1107 1278 1155 hanc
1324 1107 1650 1172 ingrediendo
1697 1107 1826 1156 viam

130 1186 369 1237 mortales
425 1185 490 1235 ad
535 1187 884 1236 immortalium
933 1188 1141 1254 gloriam
1189 1190 1242 1235 et
1287 1187 1643 1251 praestantiam
1688 1187 1826 1250 eniti,

134 1283 286 1333 quum
320 1266 517 1316 divinae
551 1267 722 1333 stirpis
755 1282 1006 1316 memores
1055 1265 1142 1329 (ex
1177 1265 1386 1315 aethere
1428 1268 1562 1317 enim
1595 1272 1826 1331 tanquam

131 1347 275 1398 fonte
308 1348 556 1396 communi
603 1363 700 1397 non
748 1347 912 1396 minus
947 1347 1176 1395 homines
1228 1362 1377 1410 quam
1413 1347 1480 1395 dii
1515 1348 1704 1397 animas
1742 1365 1825 1397 ac-

133 1425 399 1494 ceperunt)
447 1427 569 1477 deos
614 1428 766 1478 factis
803 1431 854 1476 et
888 1426 1226 1490 magnitudine
1261 1427 1578 1476 consiliorum
1612 1444 1826 1493 aequare

133 1509 408 1559 studerent.
478 1507 589 1557 Hac
623 1507 868 1558 sententia
913 1507 1204 1556 adolescens
1241 1523 1271 1555 e
1306 1508 1456 1556 domo
1489 1513 1720 1572 paterna,
1771 1516 1827 1560 ut

130 1590 184 1641 in
234 1588 330 1654 qua
388 1593 588 1653 praeter
638 1589 926 1638 servitutem
979 1603 1275 1652 morumque
1321 1587 1656 1653 corruptelam
1706 1590 1827 1638 nihil

131 1670 246 1719 boni
280 1673 576 1734 exspectare
607 1669 810 1730 liceret,
847 1668 985 1716 abire
1020 1667 1271 1716 constituit
1303 1668 1400 1716 hac
1434 1669 1542 1731 ipsa
1578 1669 1690 1729 die,
1727 1687 1826 1735 qua

133 1749 374 1816 quidquid
406 1747 582 1811 vulgus
617 1763 850 1813 magnum
885 1752 939 1795 et
971 1748 1170 1803 beatum
1220 1761 1334 1795 esse
1369 1748 1507 1796 ducit
1552 1753 1732 1812 sponte
1776 1751 1825 1799 ei

132 1829 448 1879 obferuntur:
496 1843 524 1874 a
571 1842 668 1890 quo
717 1833 882 1875 tamen
932 1825 1136 1874 consilio
1183 1842 1300 1875 mox
1332 1827 1616 1878 interventu
1648 1832 1825 1880 matris

133 1907 407 1958 abducitur.
476 1905 542 1954 Et
576 1907 779 1971 quidem
813 1911 928 1954 ante
962 1905 1126 1954 lucem
1162 1907 1395 1968 surrexit,
1430 1912 1502 1969 ut,
1536 1909 1823 1974 priusquam

132 1992 362 2053 parentes
410 2001 582 2035 somno
626 1987 965 2044 solverentur,
1018 1989 1193 2034 conata
1243 1993 1618 2050 exsequeretur.
1689 1990 1824 2052 Quas

130 2067 330 2117 volvens
362 2081 506 2115 curas
542 2081 694 2130 quum
727 2071 928 2115 noctem
960 2065 1237 2115 insomnem
1273 2066 1488 2130 egisset,
1523 2070 1606 2119 ubi
1639 2071 1827 2135 prodiit

131 2164 162 2198 e
193 2150 357 2209 tecto,
408 2151 615 2211 questus
660 2150 870 2211 pectore
904 2145 1130 2195 effundit.
1198 2146 1297 2195 Hic
1330 2147 1482 2211 igitur
1514 2151 1824 2212 prooemium

129 2227 281 2290 dicit,
330 2227 543 2292 primum
590 2225 794 2289 quidem
830 2225 1081 2291 explicans
1116 2226 1202 2274 illa
1236 2227 1300 2276 de
1334 2234 1601 2293 parentum
1636 2231 1737 2280 vita
1772 2236 1825 2282 et

129 2309 194 2359 de
227 2307 324 2357 loci
359 2305 584 2370 coelique
618 2309 812 2368 natura,
847 2322 975 2370 quae
1010 2305 1189 2355 Strabo
1225 2308 1463 2356 servavit:

260 2385 548 2453 Κλυμένην
584 2384 819 2453 δοθῆναι
851 2383 1087 2452 Μέροπι,
1119 2379 1264 2454 τῆςδ’
1295 2388 1486 2439 ἄνακτι
1517 2389 1634 2457 γῆς,

262 2466 333 2534 ἣν
367 2464 427 2518 ἐκ
458 2464 771 2530 τεθρίππων
804 2464 1059 2533 ἁρμάτων
1092 2466 1310 2533 πρώτην
1343 2468 1518 2534 χθόνα

246 2541 434 2608 “Ηλιος
463 2545 695 2614 ἀνίσχων
725 2547 923 2617 χρυσέᾳ
958 2548 1138 2614 βάλλει
1170 2546 1334 2613 φλογί
1347 2551 1397 2614 ²¹²)
1416 2565 1431 2579 ·

260 2629 488 2680 καλοῦσι
521 2627 570 2680 δ’
606 2625 780 2705 αὐτὴν
809 2630 1042 2696 γείτονες
1077 2627 1436 2695 μελάμβροτοι

244 2701 358 2760 “Em
391 2708 618 2776 φαεινὰν
638 2700 834 2762 ‘HMov
867 2703 920 2762 θ’
957 2708 1312 2768 ἱπποστοὲσεις.
1792 2715 1823 2759 5

129 2790 185 2840 In
211 2795 347 2841 tanta
369 2792 486 2841 solis
509 2791 878 2857 propinquitate
904 2794 1066 2843 omnia
1091 2797 1237 2857 putes
1266 2789 1523 2851 comburi,
1560 2791 1690 2854 quod
1741 2807 1823 2841 se-

129 2886 218 2919 cus
266 2887 381 2921 esse
435 2871 584 2921 docet
628 2872 890 2924 Phaethon
936 2873 1042 2923 sive
1090 2866 1435 2935 Anaxagoras:
1499 2886 1650 2932 „nam
1697 2887 1825 2936 quae

130 2950 329 3017 longius
365 2968 394 2999 a
428 2951 537 3001 sole
570 2953 774 3015 absunt,
823 2953 949 3002 haec
999 2953 1083 3003 ille
1131 2950 1476 3001 vehementius
1524 2951 1653 3013 urit,
1705 2967 1823 3018 pro-

128 3030 270 3096 piora
302 3047 421 3081 vero
456 3035 743 3096 temperata.
764 3031 976 3083 habet’':

262 3109 436 3178 θερμὴ
472 3104 519 3161 δ’
557 3112 785 3173 ἄνακτος
817 3111 952 3177 φλὸξ
984 3110 1376 3176 ὖπερτέλλονσα
1407 3110 1508 3177 γῆς

261 3190 400 3243 καίει
431 3189 497 3243 τὰ
528 3188 734 3256 πόρῤω,
768 3190 1040 3259 τάγγύθεν
1075 3188 1127 3245 δ’
1160 3186 1363 3258 εὔκραί
1399 3190 1519 3257 ἔχει.

189 3366 242 3421 *)
271 3365 343 3409 Cf.
371 3367 425 3410 11.
456 3383 501 3425 η,
530 3366 636 3409 421:
676 3363 830 3424 ἠέλιος
855 3367 1158 3428 προςέβαλλεν
1188 3366 1395 3426 ἀρούρας
1423 3364 1647 3419 εἰςανιών.
1698 3366 1825 3409 Haec

272 3436 441 3492 affero,
470 3442 519 3482 ut
547 3438 830 3484 Valckenarii
860 3440 1118 3485 coniectura
1146 3441 1366 3484 arceatur.

197 3504 258 3556 Τ.
292 3507 358 3558 11.
1424 3511 1486 3556 13
