<?xml version="1.0" encoding="UTF-8"?>
<!DOCTYPE html PUBLIC "-//W3C//DTD XHTML 1.0 Transitional//EN"
    "http://www.w3.org/TR/xhtml1/DTD/xhtml1-transitional.dtd">
<html xmlns="http://www.w3.org/1999/xhtml" xml:lang="en" lang="en">
 <head>
  <title>
</title>
<meta http-equiv="Content-Type" content="text/html;charset=utf-8" />
  <meta name='ocr-system' content='tesseract 3.04.00' />
  <meta name='ocr-capabilities' content='ocr_page ocr_carea ocr_par ocr_line ocrx_word'/>
</head>
<body>
  <div class='ocr_page' id='page_1' title='image "./euripidesrestitu02hartuoft_0269.png"; bbox 0 0 2202 3892; ppageno 0'>
   <div class='ocr_carea' id='block_1_1' title="bbox 966 246 1090 305">
    <p class='ocr_par' dir='ltr' id='par_1_1' title="bbox 966 246 1090 305">
     <span class='ocr_line' id='line_1_1' title="bbox 966 246 1090 305; baseline 0.008 -1"><span class='ocrx_word' id='word_1_1' title='bbox 966 246 1090 305; x_wconf 73' lang='lat'>257</span> 
     </span>
    </p>
   </div>
   <div class='ocr_carea' id='block_1_2' title="bbox 150 391 1858 2471">
    <p class='ocr_par' dir='ltr' id='par_1_2' title="bbox 290 391 1542 464">
     <span class='ocr_line' id='line_1_2' title="bbox 290 391 1542 464; baseline -0.001 -18"><span class='ocrx_word' id='word_1_2' title='bbox 290 395 570 464; x_wconf 71' lang='grc' dir='ltr'><strong><em>γράψαντα</em></strong></span> <span class='ocrx_word' id='word_1_3' title='bbox 603 394 814 457; x_wconf 81' lang='grc' dir='ltr'><strong><em>λείπειν,</em></strong></span> <span class='ocrx_word' id='word_1_4' title='bbox 848 394 944 447; x_wconf 86' lang='grc' dir='ltr'><strong><em>τὸν</em></strong></span> <span class='ocrx_word' id='word_1_5' title='bbox 977 393 1212 460; x_wconf 83' lang='grc' dir='ltr'><strong><em>λαβόντα</em></strong></span> <span class='ocrx_word' id='word_1_6' title='bbox 1247 392 1296 444; x_wconf 87' lang='grc' dir='ltr'>δ’</span> <span class='ocrx_word' id='word_1_7' title='bbox 1332 391 1542 458; x_wconf 78' lang='grc' dir='ltr'><strong><em>εἰδέναι,</em></strong></span> 
     </span>
    </p>

    <p class='ocr_par' dir='ltr' id='par_1_3' title="bbox 292 472 1500 541">
     <span class='ocr_line' id='line_1_3' title="bbox 292 472 1500 541; baseline -0.002 -13"><span class='ocrx_word' id='word_1_8' title='bbox 292 477 327 528; x_wconf 82' lang='grc' dir='ltr'><strong><em>ἃ</em></strong></span> <span class='ocrx_word' id='word_1_9' title='bbox 362 476 409 528; x_wconf 87' lang='grc' dir='ltr'>δ’</span> <span class='ocrx_word' id='word_1_10' title='bbox 446 475 519 536; x_wconf 81' lang='grc' dir='ltr'><strong><em>εἷς</em></strong></span> <span class='ocrx_word' id='word_1_11' title='bbox 552 475 665 541; x_wconf 77' lang='grc' dir='ltr'><strong><em>ἔριν</em></strong></span> <span class='ocrx_word' id='word_1_12' title='bbox 698 477 984 528; x_wconf 84' lang='grc' dir='ltr'><strong><em>πίπτουσιν</em></strong></span> <span class='ocrx_word' id='word_1_13' title='bbox 1018 474 1330 538; x_wconf 76' lang='grc' dir='ltr'><strong><em>ἀνθρώποις</em></strong></span> <span class='ocrx_word' id='word_1_14' title='bbox 1361 472 1500 526; x_wconf 80' lang='grc' dir='ltr'><strong><em>κακὰ</em></strong></span> 
     </span>
    </p>

    <p class='ocr_par' dir='ltr' id='par_1_4' title="bbox 155 553 1851 786">
     <span class='ocr_line' id='line_1_4' title="bbox 294 553 1396 624; baseline -0.002 -15"><span class='ocrx_word' id='word_1_15' title='bbox 294 555 476 619; x_wconf 81' lang='grc' dir='ltr'><em>δέλτος</em></span> <span class='ocrx_word' id='word_1_16' title='bbox 511 557 706 624; x_wconf 78' lang='grc' dir='ltr'><strong><em>διαιρεῖ</em></strong></span> <span class='ocrx_word' id='word_1_17' title='bbox 734 558 870 610; x_wconf 82' lang='grc' dir='ltr'>κούκ</span> <span class='ocrx_word' id='word_1_18' title='bbox 906 555 967 624; x_wconf 80' lang='grc' dir='ltr'><strong><em>ἐᾷ</em></strong></span> <span class='ocrx_word' id='word_1_19' title='bbox 1000 554 1174 622; x_wconf 79' lang='grc' dir='ltr'><strong><em>ψευδῆ</em></strong></span> <span class='ocrx_word' id='word_1_20' title='bbox 1208 553 1396 621; x_wconf 81' lang='grc' dir='ltr'><strong><em>λέγειν.</em></strong></span> 
     </span>
     <span class='ocr_line' id='line_1_5' title="bbox 158 634 1851 704; baseline -0.003 -15"><span class='ocrx_word' id='word_1_21' title='bbox 158 638 239 689; x_wconf 80' lang='lat' dir='ltr'>Ad</span> <span class='ocrx_word' id='word_1_22' title='bbox 273 641 387 688; x_wconf 87' lang='lat' dir='ltr'>anni</span> <span class='ocrx_word' id='word_1_23' title='bbox 425 641 806 704; x_wconf 80' lang='lat' dir='ltr'>descriptionem</span> <span class='ocrx_word' id='word_1_24' title='bbox 843 639 1097 704; x_wconf 81' lang='lat' dir='ltr'><strong>pertinent</strong></span> <span class='ocrx_word' id='word_1_25' title='bbox 1129 639 1343 699; x_wconf 80' lang='lat' dir='ltr'><strong>haecce,</strong></span> <span class='ocrx_word' id='word_1_26' title='bbox 1395 652 1523 700; x_wconf 90' lang='lat' dir='ltr'>quae</span> <span class='ocrx_word' id='word_1_27' title='bbox 1558 634 1608 685; x_wconf 91' lang='lat' dir='ltr'>in</span> <span class='ocrx_word' id='word_1_28' title='bbox 1642 635 1851 686; x_wconf 85' lang='lat' dir='ltr'>incertis</span> 
     </span>
     <span class='ocr_line' id='line_1_6' title="bbox 155 718 996 786; baseline -0.002 -18"><span class='ocrx_word' id='word_1_29' title='bbox 155 718 336 786; x_wconf 83' lang='lat' dir='ltr'>fragm.</span> <span class='ocrx_word' id='word_1_30' title='bbox 374 720 442 783; x_wconf 90' lang='lat' dir='ltr'>(n.</span> <span class='ocrx_word' id='word_1_31' title='bbox 486 719 621 784; x_wconf 80' lang='lat'>143.)</span> <span class='ocrx_word' id='word_1_32' title='bbox 659 721 996 784; x_wconf 86' lang='lat' dir='ltr'>ponebantur:</span> 
     </span>
    </p>

    <p class='ocr_par' dir='ltr' id='par_1_5' title="bbox 157 788 1852 1010">
     <span class='ocr_line' id='line_1_7' title="bbox 293 788 1570 864; baseline -0.003 -15"><span class='ocrx_word' id='word_1_33' title='bbox 293 798 450 864; x_wconf 80' lang='grc' dir='ltr'><strong><em>φίλης</em></strong></span> <span class='ocrx_word' id='word_1_34' title='bbox 484 800 529 848; x_wconf 84' lang='grc' dir='ltr'>τ’</span> <span class='ocrx_word' id='word_1_35' title='bbox 566 798 775 862; x_wconf 81' lang='grc' dir='ltr'><strong><em>ὀπώρας</em></strong></span> <span class='ocrx_word' id='word_1_36' title='bbox 811 795 1116 862; x_wconf 84' lang='grc' dir='ltr'><strong><em>διπτύχους,</em></strong></span> <span class='ocrx_word' id='word_1_37' title='bbox 1152 788 1283 861; x_wconf 76' lang='grc' dir='ltr'><strong><em>ἦρός</em></strong></span> <span class='ocrx_word' id='word_1_38' title='bbox 1317 797 1362 846; x_wconf 81' lang='grc' dir='ltr'>τ’</span> <span class='ocrx_word' id='word_1_39' title='bbox 1398 793 1570 858; x_wconf 82' lang='grc' dir='ltr'><strong><em>ἰ’σους,</em></strong></span> 
     </span>
     <span class='ocr_line' id='line_1_8' title="bbox 158 876 1852 944; baseline -0.002 -15"><span class='ocrx_word' id='word_1_40' title='bbox 158 879 222 929; x_wconf 86' lang='lat' dir='ltr'>ad</span> <span class='ocrx_word' id='word_1_41' title='bbox 268 881 546 944; x_wconf 80' lang='lat' dir='ltr'>vigiliarum</span> <span class='ocrx_word' id='word_1_42' title='bbox 597 881 812 943; x_wconf 88' lang='lat' dir='ltr'>denique</span> <span class='ocrx_word' id='word_1_43' title='bbox 858 878 1189 928; x_wconf 87' lang='lat' dir='ltr'>tintinnabula</span> <span class='ocrx_word' id='word_1_44' title='bbox 1222 877 1398 942; x_wconf 80' lang='lat' dir='ltr'>fragm.</span> <span class='ocrx_word' id='word_1_45' title='bbox 1437 880 1546 939; x_wconf 91' lang='grc'><strong><em>10.,</em></strong></span> <span class='ocrx_word' id='word_1_46' title='bbox 1597 876 1727 941; x_wconf 89' lang='lat' dir='ltr'>quod</span> <span class='ocrx_word' id='word_1_47' title='bbox 1763 893 1852 926; x_wconf 93' lang='lat' dir='ltr'>nu-</span> 
     </span>
     <span class='ocr_line' id='line_1_9' title="bbox 157 961 640 1010; baseline -0.002 -1"><span class='ocrx_word' id='word_1_48' title='bbox 157 962 307 1010; x_wconf 88' lang='lat' dir='ltr'>meris</span> <span class='ocrx_word' id='word_1_49' title='bbox 341 961 498 1008; x_wconf 89' lang='lat' dir='ltr'>reddo</span> <span class='ocrx_word' id='word_1_50' title='bbox 536 961 640 1008; x_wconf 85' lang='lat' dir='ltr'>sic:</span> 
     </span>
    </p>

    <p class='ocr_par' dir='ltr' id='par_1_6' title="bbox 150 1032 1858 2471">
     <span class='ocr_line' id='line_1_10' title="bbox 291 1032 1618 1105; baseline -0.002 -15"><span class='ocrx_word' id='word_1_51' title='bbox 291 1039 533 1105; x_wconf 77' lang='grc' dir='ltr'><strong><em>φυλακάς</em></strong></span> <span class='ocrx_word' id='word_1_52' title='bbox 567 1056 622 1092; x_wconf 82' lang='grc' dir='ltr'>τε</span> <span class='ocrx_word' id='word_1_53' title='bbox 658 1032 762 1090; x_wconf 84' lang='grc' dir='ltr'><strong><em>σὺν</em></strong></span> <span class='ocrx_word' id='word_1_54' title='bbox 794 1038 1007 1091; x_wconf 81' lang='grc' dir='ltr'><strong><em>κώδωσι</em></strong></span> <span class='ocrx_word' id='word_1_55' title='bbox 1041 1036 1196 1090; x_wconf 86' lang='grc' dir='ltr'><strong><em>νυκτὶ</em></strong></span> <span class='ocrx_word' id='word_1_56' title='bbox 1230 1039 1533 1104; x_wconf 80' lang='grc' dir='ltr'><strong><em>περιπολεῖν</em></strong></span> <span class='ocrx_word' id='word_1_57' title='bbox 1547 1036 1618 1103; x_wconf 87' lang='grc'>*),</span> 
     </span>
     <span class='ocr_line' id='line_1_11' title="bbox 157 1118 1854 1187; baseline -0.003 -16"><span class='ocrx_word' id='word_1_58' title='bbox 157 1137 303 1186; x_wconf 87' lang='lat' dir='ltr'>quem</span> <span class='ocrx_word' id='word_1_59' title='bbox 338 1122 501 1171; x_wconf 90' lang='lat' dir='ltr'>locum</span> <span class='ocrx_word' id='word_1_60' title='bbox 542 1123 791 1187; x_wconf 86' lang='lat' dir='ltr'>Aristoph.</span> <span class='ocrx_word' id='word_1_61' title='bbox 830 1124 969 1172; x_wconf 87' lang='lat' dir='ltr'>Avib.</span> <span class='ocrx_word' id='word_1_62' title='bbox 1003 1124 1132 1169; x_wconf 79' lang='lat'>1158</span> <span class='ocrx_word' id='word_1_63' title='bbox 1177 1137 1315 1185; x_wconf 83' lang='lat' dir='ltr'><strong>seqq.</strong></span> <span class='ocrx_word' id='word_1_64' title='bbox 1350 1121 1658 1186; x_wconf 81' lang='lat' dir='ltr'>perstrinxit.</span> <span class='ocrx_word' id='word_1_65' title='bbox 1727 1118 1854 1167; x_wconf 89' lang='lat' dir='ltr'>lllud</span> 
     </span>
     <span class='ocr_line' id='line_1_12' title="bbox 157 1199 1854 1265; baseline -0.001 -16"><span class='ocrx_word' id='word_1_66' title='bbox 157 1217 356 1265; x_wconf 85' lang='lat' dir='ltr'>quoque</span> <span class='ocrx_word' id='word_1_67' title='bbox 384 1218 411 1250; x_wconf 88' lang='lat' dir='ltr'>a</span> <span class='ocrx_word' id='word_1_68' title='bbox 439 1202 705 1252; x_wconf 84' lang='lat' dir='ltr'>Palamede</span> <span class='ocrx_word' id='word_1_69' title='bbox 738 1208 1176 1251; x_wconf 89' lang='lat' dir='ltr'>commemoratum</span> <span class='ocrx_word' id='word_1_70' title='bbox 1203 1217 1318 1250; x_wconf 87' lang='lat' dir='ltr'>esse</span> <span class='ocrx_word' id='word_1_71' title='bbox 1341 1202 1569 1262; x_wconf 74' lang='lat' dir='ltr'>arbitror,</span> <span class='ocrx_word' id='word_1_72' title='bbox 1605 1199 1854 1262; x_wconf 87' lang='lat' dir='ltr'>quomodo</span> 
     </span>
     <span class='ocr_line' id='line_1_13' title="bbox 154 1279 1855 1346; baseline -0.002 -16"><span class='ocrx_word' id='word_1_73' title='bbox 154 1288 352 1346; x_wconf 86' lang='lat' dir='ltr'>pestem</span> <span class='ocrx_word' id='word_1_74' title='bbox 387 1284 446 1331; x_wconf 91' lang='lat' dir='ltr'>ab</span> <span class='ocrx_word' id='word_1_75' title='bbox 483 1284 707 1331; x_wconf 85' lang='lat' dir='ltr'>exercitu</span> <span class='ocrx_word' id='word_1_76' title='bbox 747 1281 1052 1332; x_wconf 87' lang='lat' dir='ltr'>Graecorum</span> <span class='ocrx_word' id='word_1_77' title='bbox 1090 1282 1379 1338; x_wconf 78' lang='lat' dir='ltr'>avertisset,</span> <span class='ocrx_word' id='word_1_78' title='bbox 1432 1280 1495 1328; x_wconf 91' lang='lat' dir='ltr'>de</span> <span class='ocrx_word' id='word_1_79' title='bbox 1530 1297 1627 1343; x_wconf 80' lang='lat' dir='ltr'>qua</span> <span class='ocrx_word' id='word_1_80' title='bbox 1661 1285 1712 1327; x_wconf 88' lang='lat' dir='ltr'>et</span> <span class='ocrx_word' id='word_1_81' title='bbox 1745 1279 1855 1342; x_wconf 87' lang='lat' dir='ltr'>ipsa</span> 
     </span>
     <span class='ocr_line' id='line_1_14' title="bbox 160 1356 1854 1426; baseline -0.002 -17"><span class='ocrx_word' id='word_1_82' title='bbox 160 1376 218 1410; x_wconf 85' lang='lat' dir='ltr'>re</span> <span class='ocrx_word' id='word_1_83' title='bbox 249 1360 580 1410; x_wconf 78' lang='lat' dir='ltr'>Philostratus</span> <span class='ocrx_word' id='word_1_84' title='bbox 626 1379 683 1410; x_wconf 85' lang='lat' dir='ltr'>ac</span> <span class='ocrx_word' id='word_1_85' title='bbox 719 1360 935 1411; x_wconf 82' lang='lat' dir='ltr'>Tzetzes</span> <span class='ocrx_word' id='word_1_86' title='bbox 984 1363 1302 1426; x_wconf 76' lang='lat' dir='ltr'>congruentia</span> <span class='ocrx_word' id='word_1_87' title='bbox 1337 1356 1644 1409; x_wconf 88' lang='lat' dir='ltr'>retulerunt:</span> <span class='ocrx_word' id='word_1_88' title='bbox 1689 1358 1854 1419; x_wconf 80' lang='lat' dir='ltr'>„Cum</span> 
     </span>
     <span class='ocr_line' id='line_1_15' title="bbox 154 1436 1856 1510; baseline -0.001 -21"><span class='ocrx_word' id='word_1_89' title='bbox 154 1436 267 1505; x_wconf 63' lang='lat' dir='ltr'>&#39;lupi</span> <span class='ocrx_word' id='word_1_90' title='bbox 304 1458 364 1489; x_wconf 81' lang='lat' dir='ltr'>ex</span> <span class='ocrx_word' id='word_1_91' title='bbox 400 1441 491 1510; x_wconf 20' lang='lat' dir='ltr'>lda-</span> <span class='ocrx_word' id='word_1_92' title='bbox 511 1442 873 1490; x_wconf 85' lang='lat' dir='ltr'>descendentes</span> <span class='ocrx_word' id='word_1_93' title='bbox 902 1444 1154 1492; x_wconf 85' lang='lat' dir='ltr'>calonibus</span> <span class='ocrx_word' id='word_1_94' title='bbox 1182 1448 1233 1490; x_wconf 91' lang='lat' dir='ltr'>et</span> <span class='ocrx_word' id='word_1_95' title='bbox 1260 1443 1591 1489; x_wconf 84' lang='lat' dir='ltr'>iumentorum</span> <span class='ocrx_word' id='word_1_96' title='bbox 1616 1441 1693 1500; x_wconf 78' lang='lat' dir='ltr'>iis,</span> <span class='ocrx_word' id='word_1_97' title='bbox 1729 1455 1856 1503; x_wconf 81' lang='lat' dir='ltr'>quae</span> 
     </span>
     <span class='ocr_line' id='line_1_16' title="bbox 153 1519 1858 1585; baseline -0.001 -15"><span class='ocrx_word' id='word_1_98' title='bbox 153 1520 537 1571; x_wconf 57' lang='lat' dir='ltr'>circaetentoria</span> <span class='ocrx_word' id='word_1_99' title='bbox 573 1529 729 1579; x_wconf 75' lang='lat' dir='ltr'>erant,</span> <span class='ocrx_word' id='word_1_100' title='bbox 767 1522 1118 1572; x_wconf 83' lang='lat' dir='ltr'>detrimentum</span> <span class='ocrx_word' id='word_1_101' title='bbox 1157 1522 1426 1581; x_wconf 82' lang='lat' dir='ltr'>inferrent,</span> <span class='ocrx_word' id='word_1_102' title='bbox 1463 1521 1675 1585; x_wconf 85' lang='lat' dir='ltr'>Ulysses</span> <span class='ocrx_word' id='word_1_103' title='bbox 1708 1519 1858 1568; x_wconf 81' lang='lat' dir='ltr'>iussit</span> 
     </span>
     <span class='ocr_line' id='line_1_17' title="bbox 153 1599 1855 1666; baseline -0.002 -16"><span class='ocrx_word' id='word_1_104' title='bbox 153 1603 330 1651; x_wconf 83' lang='lat' dir='ltr'>sumtis</span> <span class='ocrx_word' id='word_1_105' title='bbox 379 1602 554 1650; x_wconf 86' lang='lat' dir='ltr'>iaculis</span> <span class='ocrx_word' id='word_1_106' title='bbox 603 1618 774 1651; x_wconf 86' lang='lat' dir='ltr'>omnes</span> <span class='ocrx_word' id='word_1_107' title='bbox 819 1602 870 1651; x_wconf 87' lang='lat' dir='ltr'>in</span> <span class='ocrx_word' id='word_1_108' title='bbox 919 1602 1053 1650; x_wconf 83' lang='lat' dir='ltr'>Idam</span> <span class='ocrx_word' id='word_1_109' title='bbox 1103 1603 1344 1651; x_wconf 81' lang='lat' dir='ltr'>adversus</span> <span class='ocrx_word' id='word_1_110' title='bbox 1391 1601 1536 1666; x_wconf 90' lang='lat' dir='ltr'>lupos</span> <span class='ocrx_word' id='word_1_111' title='bbox 1583 1599 1855 1665; x_wconf 87' lang='lat' dir='ltr'>proficisci.</span> 
     </span>
     <span class='ocr_line' id='line_1_18' title="bbox 151 1680 1856 1746; baseline -0.002 -15"><span class='ocrx_word' id='word_1_112' title='bbox 151 1680 284 1731; x_wconf 85' lang='lat' dir='ltr'>Tum</span> <span class='ocrx_word' id='word_1_113' title='bbox 320 1683 627 1741; x_wconf 73' lang='lat' dir='ltr'>Palamedes,</span> <span class='ocrx_word' id='word_1_114' title='bbox 663 1682 850 1745; x_wconf 80' lang='lat' dir='ltr'>Lupos,</span> <span class='ocrx_word' id='word_1_115' title='bbox 889 1682 1167 1746; x_wconf 78' lang='lat' dir='ltr'>oUlysses,</span> <span class='ocrx_word' id='word_1_116' title='bbox 1202 1683 1381 1745; x_wconf 87' lang='lat' dir='ltr'>inquit,</span> <span class='ocrx_word' id='word_1_117' title='bbox 1417 1681 1596 1745; x_wconf 84' lang='lat' dir='ltr'>Apollo</span> <span class='ocrx_word' id='word_1_118' title='bbox 1620 1681 1856 1729; x_wconf 88' lang='lat' dir='ltr'>indicium</span> 
     </span>
     <span class='ocr_line' id='line_1_19' title="bbox 153 1760 1856 1827; baseline -0.001 -17"><span class='ocrx_word' id='word_1_119' title='bbox 153 1761 279 1811; x_wconf 82' lang='lat' dir='ltr'>fecit</span> <span class='ocrx_word' id='word_1_120' title='bbox 313 1764 487 1827; x_wconf 83' lang='lat' dir='ltr'>pestis,</span> <span class='ocrx_word' id='word_1_121' title='bbox 523 1770 573 1809; x_wconf 89' lang='lat' dir='ltr'>et</span> <span class='ocrx_word' id='word_1_122' title='bbox 607 1763 716 1825; x_wconf 86' lang='lat' dir='ltr'>ipse</span> <span class='ocrx_word' id='word_1_123' title='bbox 750 1762 861 1810; x_wconf 88' lang='lat' dir='ltr'>illos</span> <span class='ocrx_word' id='word_1_124' title='bbox 895 1762 1031 1811; x_wconf 87' lang='lat' dir='ltr'>haud</span> <span class='ocrx_word' id='word_1_125' title='bbox 1065 1777 1210 1810; x_wconf 88' lang='lat' dir='ltr'>secus</span> <span class='ocrx_word' id='word_1_126' title='bbox 1243 1767 1392 1825; x_wconf 86' lang='lat' dir='ltr'>atque</span> <span class='ocrx_word' id='word_1_127' title='bbox 1419 1761 1549 1824; x_wconf 88' lang='lat' dir='ltr'>apud</span> <span class='ocrx_word' id='word_1_128' title='bbox 1584 1776 1672 1809; x_wconf 90' lang='lat' dir='ltr'>nos</span> <span class='ocrx_word' id='word_1_129' title='bbox 1694 1760 1856 1808; x_wconf 83' lang='lat' dir='ltr'>mulos</span> 
     </span>
     <span class='ocr_line' id='line_1_20' title="bbox 153 1841 1856 1906; baseline -0.001 -16"><span class='ocrx_word' id='word_1_130' title='bbox 153 1857 418 1905; x_wconf 42' lang='lat' dir='ltr'>canesque&gt;</span> <span class='ocrx_word' id='word_1_131' title='bbox 448 1842 638 1906; x_wconf 79' lang='lat' dir='ltr'>sagittis</span> <span class='ocrx_word' id='word_1_132' title='bbox 686 1842 946 1901; x_wconf 72' lang='lat' dir='ltr'>interficit,</span> <span class='ocrx_word' id='word_1_133' title='bbox 1009 1842 1164 1890; x_wconf 87' lang='lat' dir='ltr'>mittit</span> <span class='ocrx_word' id='word_1_134' title='bbox 1206 1848 1373 1890; x_wconf 88' lang='lat' dir='ltr'>autem</span> <span class='ocrx_word' id='word_1_135' title='bbox 1415 1841 1476 1888; x_wconf 86' lang='lat' dir='ltr'>ad</span> <span class='ocrx_word' id='word_1_136' title='bbox 1513 1847 1856 1903; x_wconf 76' lang='lat' dir='ltr'>aegrotaturos</span> 
     </span>
     <span class='ocr_line' id='line_1_21' title="bbox 155 1920 1856 1986; baseline -0.001 -16"><span class='ocrx_word' id='word_1_137' title='bbox 155 1922 534 1970; x_wconf 86' lang='lat' dir='ltr'>benevolentiae</span> <span class='ocrx_word' id='word_1_138' title='bbox 583 1938 789 1983; x_wconf 76' lang='lat' dir='ltr'>caussa,</span> <span class='ocrx_word' id='word_1_139' title='bbox 844 1928 898 1970; x_wconf 89' lang='lat' dir='ltr'>ut</span> <span class='ocrx_word' id='word_1_140' title='bbox 945 1923 1038 1970; x_wconf 85' lang='lat' dir='ltr'>sibi</span> <span class='ocrx_word' id='word_1_141' title='bbox 1086 1922 1358 1971; x_wconf 87' lang='lat' dir='ltr'>consulant.</span> <span class='ocrx_word' id='word_1_142' title='bbox 1428 1921 1603 1986; x_wconf 87' lang='lat' dir='ltr'>Itaque</span> <span class='ocrx_word' id='word_1_143' title='bbox 1639 1920 1856 1985; x_wconf 86' lang='lat' dir='ltr'>Apollini</span> 
     </span>
     <span class='ocr_line' id='line_1_22' title="bbox 153 2001 1855 2069; baseline -0.001 -19"><span class='ocrx_word' id='word_1_144' title='bbox 153 2001 314 2069; x_wconf 76' lang='lat' dir='ltr'>Lycio</span> <span class='ocrx_word' id='word_1_145' title='bbox 364 2007 414 2049; x_wconf 92' lang='lat' dir='ltr'>et</span> <span class='ocrx_word' id='word_1_146' title='bbox 460 2001 650 2065; x_wconf 82' lang='lat' dir='ltr'>Phyxio</span> <span class='ocrx_word' id='word_1_147' title='bbox 701 2002 755 2066; x_wconf 87' lang='lat' dir='ltr'>(i.</span> <span class='ocrx_word' id='word_1_148' title='bbox 793 2019 836 2051; x_wconf 88' lang='lat' dir='ltr'>e.</span> <span class='ocrx_word' id='word_1_149' title='bbox 888 2002 1036 2066; x_wconf 83' lang='lat' dir='ltr'>fugae</span> <span class='ocrx_word' id='word_1_150' title='bbox 1086 2002 1326 2066; x_wconf 88' lang='lat' dir='ltr'>praesidi)</span> <span class='ocrx_word' id='word_1_151' title='bbox 1376 2002 1745 2067; x_wconf 77' lang='lat' dir='ltr'>supplicemus,</span> <span class='ocrx_word' id='word_1_152' title='bbox 1799 2005 1855 2049; x_wconf 91' lang='lat' dir='ltr'>ut</span> 
     </span>
     <span class='ocr_line' id='line_1_23' title="bbox 152 2081 1857 2146; baseline 0 -16"><span class='ocrx_word' id='word_1_153' title='bbox 152 2081 288 2130; x_wconf 87' lang='lat' dir='ltr'>feras</span> <span class='ocrx_word' id='word_1_154' title='bbox 324 2081 523 2144; x_wconf 84' lang='lat' dir='ltr'>quidem</span> <span class='ocrx_word' id='word_1_155' title='bbox 551 2084 684 2131; x_wconf 65' lang='lat' dir='ltr'>*istas</span> <span class='ocrx_word' id='word_1_156' title='bbox 724 2083 825 2130; x_wconf 91' lang='lat' dir='ltr'>suis</span> <span class='ocrx_word' id='word_1_157' title='bbox 862 2083 1054 2146; x_wconf 81' lang='lat' dir='ltr'>sagittis</span> <span class='ocrx_word' id='word_1_158' title='bbox 1100 2083 1272 2144; x_wconf 70' lang='lat' dir='ltr'>tollat,</span> <span class='ocrx_word' id='word_1_159' title='bbox 1320 2083 1452 2131; x_wconf 91' lang='lat' dir='ltr'>luem</span> <span class='ocrx_word' id='word_1_160' title='bbox 1488 2088 1653 2131; x_wconf 89' lang='lat' dir='ltr'>autem</span> <span class='ocrx_word' id='word_1_161' title='bbox 1689 2083 1737 2130; x_wconf 94' lang='lat' dir='ltr'>in</span> <span class='ocrx_word' id='word_1_162' title='bbox 1773 2097 1857 2130; x_wconf 84' lang='lat' dir='ltr'>ca-</span> 
     </span>
     <span class='ocr_line' id='line_1_24' title="bbox 152 2162 1856 2228; baseline -0.001 -18"><span class='ocrx_word' id='word_1_163' title='bbox 152 2177 266 2228; x_wconf 87' lang='lat' dir='ltr'>pras</span> <span class='ocrx_word' id='word_1_164' title='bbox 303 2168 572 2212; x_wconf 79' lang='lat' dir='ltr'>convertat.</span> <span class='ocrx_word' id='word_1_165' title='bbox 644 2162 748 2211; x_wconf 88' lang='lat' dir='ltr'>Nos</span> <span class='ocrx_word' id='word_1_166' title='bbox 784 2178 922 2221; x_wconf 87' lang='lat' dir='ltr'>vero,</span> <span class='ocrx_word' id='word_1_167' title='bbox 961 2180 989 2211; x_wconf 97' lang='lat' dir='ltr'>o</span> <span class='ocrx_word' id='word_1_168' title='bbox 1035 2163 1244 2221; x_wconf 89' lang='lat' dir='ltr'>Graeci,</span> <span class='ocrx_word' id='word_1_169' title='bbox 1293 2163 1543 2212; x_wconf 88' lang='lat' dir='ltr'>nobismet</span> <span class='ocrx_word' id='word_1_170' title='bbox 1580 2163 1701 2227; x_wconf 87' lang='lat' dir='ltr'>ipsis</span> <span class='ocrx_word' id='word_1_171' title='bbox 1737 2178 1856 2227; x_wconf 88' lang='lat' dir='ltr'>pro-</span> 
     </span>
     <span class='ocr_line' id='line_1_25' title="bbox 152 2242 1857 2308; baseline 0 -17"><span class='ocrx_word' id='word_1_172' title='bbox 152 2242 435 2306; x_wconf 65' lang='lat' dir='ltr'>spiciamus</span> <span class='ocrx_word' id='word_1_173' title='bbox 517 2243 655 2308; x_wconf 89' lang='lat' dir='ltr'>Opus</span> <span class='ocrx_word' id='word_1_174' title='bbox 710 2245 839 2292; x_wconf 91' lang='lat' dir='ltr'>enim</span> <span class='ocrx_word' id='word_1_175' title='bbox 890 2248 969 2292; x_wconf 89' lang='lat' dir='ltr'>est</span> <span class='ocrx_word' id='word_1_176' title='bbox 1014 2244 1356 2308; x_wconf 89' lang='lat' dir='ltr'>pestilentiam</span> <span class='ocrx_word' id='word_1_177' title='bbox 1403 2244 1632 2292; x_wconf 83' lang='lat' dir='ltr'>vitaturis</span> <span class='ocrx_word' id='word_1_178' title='bbox 1673 2242 1857 2307; x_wconf 82' lang='lat' dir='ltr'>frugali</span> 
     </span>
     <span class='ocr_line' id='line_1_26' title="bbox 150 2316 1857 2388; baseline 0.001 -18"><span class='ocrx_word' id='word_1_179' title='bbox 150 2321 285 2371; x_wconf 86' lang='lat' dir='ltr'>victu</span> <span class='ocrx_word' id='word_1_180' title='bbox 321 2329 372 2371; x_wconf 89' lang='lat' dir='ltr'>et</span> <span class='ocrx_word' id='word_1_181' title='bbox 405 2329 544 2372; x_wconf 89' lang='lat' dir='ltr'>motu</span> <span class='ocrx_word' id='word_1_182' title='bbox 582 2339 847 2388; x_wconf 86' lang='lat' dir='ltr'>corporum</span> <span class='ocrx_word' id='word_1_183' title='bbox 887 2324 1095 2375; x_wconf 85' lang='lat' dir='ltr'>acriore.</span> <span class='ocrx_word' id='word_1_184' title='bbox 1135 2316 1137 2318; x_wconf 39' lang='grc'>’</span> <span class='ocrx_word' id='word_1_185' title='bbox 1167 2323 1406 2386; x_wconf 78' lang='lat' dir='ltr'>Quamvis</span> <span class='ocrx_word' id='word_1_186' title='bbox 1442 2323 1572 2372; x_wconf 89' lang='lat' dir='ltr'>enim</span> <span class='ocrx_word' id='word_1_187' title='bbox 1620 2322 1857 2372; x_wconf 88' lang='lat' dir='ltr'>medendi</span> 
     </span>
     <span class='ocr_line' id='line_1_27' title="bbox 150 2403 1857 2471; baseline 0.002 -21"><span class='ocrx_word' id='word_1_188' title='bbox 150 2408 310 2452; x_wconf 86' lang='lat' dir='ltr'>artem</span> <span class='ocrx_word' id='word_1_189' title='bbox 346 2419 442 2452; x_wconf 90' lang='lat' dir='ltr'>non</span> <span class='ocrx_word' id='word_1_190' title='bbox 477 2405 746 2470; x_wconf 83' lang='lat' dir='ltr'>attigerim,</span> <span class='ocrx_word' id='word_1_191' title='bbox 783 2404 1029 2471; x_wconf 86' lang='lat' dir='ltr'>sapientia</span> <span class='ocrx_word' id='word_1_192' title='bbox 1060 2406 1224 2454; x_wconf 89' lang='lat' dir='ltr'>omnia</span> <span class='ocrx_word' id='word_1_193' title='bbox 1252 2404 1647 2470; x_wconf 88' lang='lat' dir='ltr'>comprehendit.</span> <span class='ocrx_word' id='word_1_194' title='bbox 1714 2403 1857 2453; x_wconf 86' lang='lat' dir='ltr'>Haec</span> 
     </span>
    </p>
   </div>
   <div class='ocr_carea' id='block_1_3' title="bbox 207 2599 1860 3368">
    <p class='ocr_par' dir='ltr' id='par_1_7' title="bbox 207 2599 1860 3368">
     <span class='ocr_line' id='line_1_28' title="bbox 207 2599 1858 2660; baseline 0.002 -19"><span class='ocrx_word' id='word_1_195' title='bbox 207 2599 258 2653; x_wconf 68' lang='lat'>³⁸²)</span> <span class='ocrx_word' id='word_1_196' title='bbox 288 2601 590 2655; x_wconf 88' lang='lat' dir='ltr'>Harpocratio</span> <span class='ocrx_word' id='word_1_197' title='bbox 623 2615 660 2643; x_wconf 83' lang='lat' dir='ltr'>s.</span> <span class='ocrx_word' id='word_1_198' title='bbox 691 2618 734 2646; x_wconf 85' lang='lat' dir='ltr'>v.</span> <span class='ocrx_word' id='word_1_199' title='bbox 779 2602 1205 2648; x_wconf 79' lang='grc' dir='ltr'><strong><em>διεκωδώνισε·</em></strong></span> <span class='ocrx_word' id='word_1_200' title='bbox 1246 2602 1355 2658; x_wconf 84' lang='grc' dir='ltr'><strong><em>ἤτοι</em></strong></span> <span class='ocrx_word' id='word_1_201' title='bbox 1386 2601 1479 2647; x_wconf 73' lang='grc' dir='ltr'><strong><em>ἀπὸ</em></strong></span> <span class='ocrx_word' id='word_1_202' title='bbox 1525 2604 1618 2646; x_wconf 76' lang='grc' dir='ltr'><strong><em>τῶν</em></strong></span> <span class='ocrx_word' id='word_1_203' title='bbox 1658 2616 1858 2660; x_wconf 84' lang='grc' dir='ltr'><strong><em>περιπο-</em></strong></span> 
     </span>
     <span class='ocr_line' id='line_1_29' title="bbox 293 2668 1858 2731; baseline 0.002 -18"><span class='ocrx_word' id='word_1_204' title='bbox 293 2669 497 2714; x_wconf 78' lang='grc' dir='ltr'><strong><em>λούντων</em></strong></span> <span class='ocrx_word' id='word_1_205' title='bbox 536 2669 619 2715; x_wconf 76' lang='grc' dir='ltr'><strong><em>σὺν</em></strong></span> <span class='ocrx_word' id='word_1_206' title='bbox 651 2672 833 2718; x_wconf 76' lang='grc' dir='ltr'><strong><em>κώδωσι</em></strong></span> <span class='ocrx_word' id='word_1_207' title='bbox 865 2673 1035 2726; x_wconf 81' lang='grc' dir='ltr'><strong><em>νυκτὸς</em></strong></span> <span class='ocrx_word' id='word_1_208' title='bbox 1063 2674 1149 2725; x_wconf 82' lang='grc' dir='ltr'><strong><em>τὰς</em></strong></span> <span class='ocrx_word' id='word_1_209' title='bbox 1181 2672 1415 2730; x_wconf 76' lang='grc' dir='ltr'><strong><em>φυλακάς,</em></strong></span> <span class='ocrx_word' id='word_1_210' title='bbox 1458 2668 1720 2731; x_wconf 68' lang='grc' dir='ltr'><strong><em>Εὐριπίδης</em></strong></span> <span class='ocrx_word' id='word_1_211' title='bbox 1750 2675 1858 2715; x_wconf 85' lang='grc' dir='ltr'>Πα-</span> 
     </span>
     <span class='ocr_line' id='line_1_30' title="bbox 295 2739 1860 2802; baseline 0.003 -19"><span class='ocrx_word' id='word_1_212' title='bbox 295 2739 505 2797; x_wconf 82' lang='grc' dir='ltr'><strong><em>λαμήδει.</em></strong></span> <span class='ocrx_word' id='word_1_213' title='bbox 567 2743 692 2786; x_wconf 86' lang='lat' dir='ltr'>Adde</span> <span class='ocrx_word' id='word_1_214' title='bbox 722 2746 867 2788; x_wconf 86' lang='lat' dir='ltr'>schol.</span> <span class='ocrx_word' id='word_1_215' title='bbox 902 2747 1131 2802; x_wconf 82' lang='lat' dir='ltr'>Aristoph.</span> <span class='ocrx_word' id='word_1_216' title='bbox 1170 2747 1252 2789; x_wconf 85' lang='lat' dir='ltr'>Av.</span> <span class='ocrx_word' id='word_1_217' title='bbox 1271 2745 1357 2786; x_wconf 78' lang='lat'>842</span> <span class='ocrx_word' id='word_1_218' title='bbox 1386 2760 1499 2800; x_wconf 83' lang='lat' dir='ltr'>seq.,</span> <span class='ocrx_word' id='word_1_219' title='bbox 1530 2760 1664 2800; x_wconf 86' lang='lat' dir='ltr'>quem</span> <span class='ocrx_word' id='word_1_220' title='bbox 1702 2743 1860 2788; x_wconf 75' lang='lat' dir='ltr'>citavit</span> 
     </span>
     <span class='ocr_line' id='line_1_31' title="bbox 291 2812 1854 2872; baseline 0.003 -19"><span class='ocrx_word' id='word_1_221' title='bbox 291 2812 426 2854; x_wconf 82' lang='lat' dir='ltr'>vater</span> <span class='ocrx_word' id='word_1_222' title='bbox 463 2814 493 2854; x_wconf 87' lang='lat' dir='ltr'>l.</span> <span class='ocrx_word' id='word_1_223' title='bbox 524 2814 554 2854; x_wconf 89' lang='lat' dir='ltr'>l.</span> <span class='ocrx_word' id='word_1_224' title='bbox 588 2829 630 2868; x_wconf 90' lang='lat' dir='ltr'>p.</span> <span class='ocrx_word' id='word_1_225' title='bbox 662 2814 732 2857; x_wconf 83' lang='lat'>33.</span> <span class='ocrx_word' id='word_1_226' title='bbox 791 2817 980 2871; x_wconf 82' lang='lat' dir='ltr'>Eadem,</span> <span class='ocrx_word' id='word_1_227' title='bbox 1016 2831 1131 2872; x_wconf 89' lang='lat' dir='ltr'>quae</span> <span class='ocrx_word' id='word_1_228' title='bbox 1163 2817 1433 2872; x_wconf 76' lang='lat' dir='ltr'>EuripideS,</span> <span class='ocrx_word' id='word_1_229' title='bbox 1470 2816 1773 2858; x_wconf 85' lang='lat' dir='ltr'>Philostratus</span> <span class='ocrx_word' id='word_1_230' title='bbox 1808 2819 1854 2859; x_wconf 83' lang='lat' dir='ltr'>et</span> 
     </span>
     <span class='ocr_line' id='line_1_32' title="bbox 293 2882 1858 2944; baseline 0.003 -20"><span class='ocrx_word' id='word_1_231' title='bbox 293 2882 485 2924; x_wconf 85' lang='lat' dir='ltr'>Tzetzes</span> <span class='ocrx_word' id='word_1_232' title='bbox 518 2883 746 2927; x_wconf 80' lang='lat' dir='ltr'>Palamedi</span> <span class='ocrx_word' id='word_1_233' title='bbox 777 2886 958 2931; x_wconf 83' lang='lat' dir='ltr'>inventa</span> <span class='ocrx_word' id='word_1_234' title='bbox 989 2889 1265 2941; x_wconf 85' lang='lat' dir='ltr'>tribuerunt,</span> <span class='ocrx_word' id='word_1_235' title='bbox 1298 2902 1486 2942; x_wconf 91' lang='lat' dir='ltr'>quorum</span> <span class='ocrx_word' id='word_1_236' title='bbox 1511 2888 1614 2929; x_wconf 82' lang='lat' dir='ltr'>ille:</span> <span class='ocrx_word' id='word_1_237' title='bbox 1646 2883 1736 2944; x_wconf 79' lang='grc' dir='ltr'><strong><em>πρὸ</em></strong></span> <span class='ocrx_word' id='word_1_238' title='bbox 1768 2884 1858 2944; x_wconf 75' lang='grc' dir='ltr'>γὰρ</span> 
     </span>
     <span class='ocr_line' id='line_1_33' title="bbox 291 2948 1859 3016; baseline 0.004 -23"><span class='ocrx_word' id='word_1_239' title='bbox 291 2948 351 3006; x_wconf 88' lang='grc' dir='ltr'>δὴ</span> <span class='ocrx_word' id='word_1_240' title='bbox 383 2952 468 2994; x_wconf 81' lang='grc' dir='ltr'>τοῦ</span> <span class='ocrx_word' id='word_1_241' title='bbox 501 2952 817 3008; x_wconf 81' lang='grc' dir='ltr'><strong><em>Παλαμήδους</em></strong></span> <span class='ocrx_word' id='word_1_242' title='bbox 847 2951 965 3016; x_wconf 67' lang='grc' dir='ltr'><strong><em>ὧραι</em></strong></span> <span class='ocrx_word' id='word_1_243' title='bbox 996 2957 1079 3015; x_wconf 74' lang='grc' dir='ltr'><strong><em>μὲν</em></strong></span> <span class='ocrx_word' id='word_1_244' title='bbox 1111 2957 1243 3002; x_wconf 75' lang='grc' dir='ltr'><strong><em>οὔπω</em></strong></span> <span class='ocrx_word' id='word_1_245' title='bbox 1278 2952 1418 3014; x_wconf 73' lang='grc' dir='ltr'><strong><em>ἦσαν,</em></strong></span> <span class='ocrx_word' id='word_1_246' title='bbox 1455 2959 1615 3013; x_wconf 75' lang='grc' dir='ltr'><strong><em>μηνῶν</em></strong></span> <span class='ocrx_word' id='word_1_247' title='bbox 1646 2956 1695 3001; x_wconf 79' lang='grc' dir='ltr'>δὲ</span> <span class='ocrx_word' id='word_1_248' title='bbox 1726 2954 1859 3000; x_wconf 77' lang='grc' dir='ltr'><strong><em>οὔπω</em></strong></span> 
     </span>
     <span class='ocr_line' id='line_1_34' title="bbox 290 3021 1860 3087; baseline 0.005 -23"><span class='ocrx_word' id='word_1_249' title='bbox 290 3022 483 3074; x_wconf 83' lang='grc' dir='ltr'><strong><em>κύκλος,</em></strong></span> <span class='ocrx_word' id='word_1_250' title='bbox 530 3021 738 3076; x_wconf 74' lang='grc' dir='ltr'><strong><em>ἐνιαυτὸς</em></strong></span> <span class='ocrx_word' id='word_1_251' title='bbox 782 3026 831 3070; x_wconf 82' lang='grc' dir='ltr'>δὲ</span> <span class='ocrx_word' id='word_1_252' title='bbox 873 3026 1005 3072; x_wconf 83' lang='grc' dir='ltr'><strong><em>οὔπω</em></strong></span> <span class='ocrx_word' id='word_1_253' title='bbox 1039 3024 1190 3084; x_wconf 76' lang='grc' dir='ltr'><strong><em>ὄνομα</em></strong></span> <span class='ocrx_word' id='word_1_254' title='bbox 1233 3024 1289 3084; x_wconf 85' lang='grc' dir='ltr'><strong><em>ἦν</em></strong></span> <span class='ocrx_word' id='word_1_255' title='bbox 1318 3031 1382 3087; x_wconf 81' lang='grc' dir='ltr'>τῷ</span> <span class='ocrx_word' id='word_1_256' title='bbox 1412 3027 1586 3087; x_wconf 82' lang='grc' dir='ltr'><strong><em>χρόνῳ,</em></strong></span> <span class='ocrx_word' id='word_1_257' title='bbox 1629 3025 1741 3072; x_wconf 76' lang='grc' dir='ltr'><strong><em>ου’δὲ</em></strong></span> <span class='ocrx_word' id='word_1_258' title='bbox 1777 3043 1860 3072; x_wconf 90' lang='grc' dir='ltr'><strong><em>νο-</em></strong></span> 
     </span>
     <span class='ocr_line' id='line_1_35' title="bbox 287 3086 1860 3158; baseline 0.005 -25"><span class='ocrx_word' id='word_1_259' title='bbox 287 3093 492 3148; x_wconf 81' lang='grc' dir='ltr'><strong><em>μίσματα</em></strong></span> <span class='ocrx_word' id='word_1_260' title='bbox 531 3086 590 3148; x_wconf 84' lang='grc' dir='ltr'><strong><em>ἦν</em></strong></span> <span class='ocrx_word' id='word_1_261' title='bbox 629 3092 740 3139; x_wconf 73' lang='grc' dir='ltr'><strong><em>ου’δὲ</em></strong></span> <span class='ocrx_word' id='word_1_262' title='bbox 781 3097 967 3154; x_wconf 78' lang='grc' dir='ltr'><strong><em>σταθμοὶ</em></strong></span> <span class='ocrx_word' id='word_1_263' title='bbox 1001 3099 1081 3144; x_wconf 74' lang='grc' dir='ltr'>καὶ</span> <span class='ocrx_word' id='word_1_264' title='bbox 1110 3098 1254 3156; x_wconf 76' lang='grc' dir='ltr'><strong><em>μέτρα</em></strong></span> <span class='ocrx_word' id='word_1_265' title='bbox 1286 3098 1396 3143; x_wconf 78' lang='grc' dir='ltr'><strong><em>ον’δὲ</em></strong></span> <span class='ocrx_word' id='word_1_266' title='bbox 1426 3099 1648 3158; x_wconf 67' lang='grc' dir='ltr'><strong><em>ἀριθμοί,</em></strong></span> <span class='ocrx_word' id='word_1_267' title='bbox 1690 3100 1860 3154; x_wconf 84' lang='grc' dir='ltr'><strong><em>σοφίας</em></strong></span> 
     </span>
     <span class='ocr_line' id='line_1_36' title="bbox 289 3159 1860 3228; baseline 0.003 -22"><span class='ocrx_word' id='word_1_268' title='bbox 289 3178 340 3207; x_wconf 82' lang='grc' dir='ltr'>τε</span> <span class='ocrx_word' id='word_1_269' title='bbox 372 3159 502 3206; x_wconf 83' lang='grc' dir='ltr'><strong><em>οὔπω</em></strong></span> <span class='ocrx_word' id='word_1_270' title='bbox 536 3163 662 3223; x_wconf 76' lang='grc' dir='ltr'><strong><em>ἔρως,</em></strong></span> <span class='ocrx_word' id='word_1_271' title='bbox 695 3165 792 3211; x_wconf 77' lang='grc' dir='ltr'><strong><em>ἐπεὶ</em></strong></span> <span class='ocrx_word' id='word_1_272' title='bbox 821 3169 990 3225; x_wconf 83' lang='grc' dir='ltr'><strong><em>μήποτ’</em></strong></span> <span class='ocrx_word' id='word_1_273' title='bbox 1019 3163 1079 3225; x_wconf 75' lang='grc' dir='ltr'><strong><em>ἧν</em></strong></span> <span class='ocrx_word' id='word_1_274' title='bbox 1109 3165 1370 3228; x_wconf 69' lang='grc' dir='ltr'><strong><em>γράμματα.</em></strong></span> <span class='ocrx_word' id='word_1_275' title='bbox 1405 3195 1461 3205; x_wconf 89' lang='grc'>-</span> <span class='ocrx_word' id='word_1_276' title='bbox 1502 3170 1651 3215; x_wconf 85' lang='grc' dir='ltr'><strong><em>ὄντων</em></strong></span> <span class='ocrx_word' id='word_1_277' title='bbox 1682 3170 1732 3213; x_wconf 78' lang='grc' dir='ltr'>δὲ</span> <span class='ocrx_word' id='word_1_278' title='bbox 1764 3170 1860 3212; x_wconf 77' lang='grc' dir='ltr'><strong><em>τῶν</em></strong></span> 
     </span>
     <span class='ocr_line' id='line_1_37' title="bbox 289 3229 1859 3300; baseline 0.004 -25"><span class='ocrx_word' id='word_1_279' title='bbox 289 3229 477 3290; x_wconf 80' lang='grc' dir='ltr'><strong><em>Ἀχαιῶν</em></strong></span> <span class='ocrx_word' id='word_1_280' title='bbox 507 3232 555 3278; x_wconf 79' lang='grc' dir='ltr'><strong><em>ἐν</em></strong></span> <span class='ocrx_word' id='word_1_281' title='bbox 577 3233 752 3291; x_wconf 77' lang='grc' dir='ltr'><strong><em>Αὐλίδι,</em></strong></span> <span class='ocrx_word' id='word_1_282' title='bbox 783 3237 981 3290; x_wconf 71' lang='grc' dir='ltr'><strong><em>πεῖ-τούς</em></strong></span> <span class='ocrx_word' id='word_1_283' title='bbox 1010 3234 1155 3299; x_wconf 79' lang='grc' dir='ltr'><strong><em>εὗρεν,</em></strong></span> <span class='ocrx_word' id='word_1_284' title='bbox 1189 3237 1244 3283; x_wconf 73' lang='grc' dir='ltr'>οὐ</span> <span class='ocrx_word' id='word_1_285' title='bbox 1273 3241 1490 3300; x_wconf 77' lang='grc' dir='ltr'><strong><em>ῥᾴθυμον</em></strong></span> <span class='ocrx_word' id='word_1_286' title='bbox 1513 3241 1730 3294; x_wconf 83' lang='grc' dir='ltr'><strong><em>παιδιάν,</em></strong></span> <span class='ocrx_word' id='word_1_287' title='bbox 1765 3236 1859 3282; x_wconf 74' lang='grc' dir='ltr'><strong><em>ἄλλ’</em></strong></span> 
     </span>
     <span class='ocr_line' id='line_1_38' title="bbox 291 3302 1855 3368; baseline 0.003 -20"><span class='ocrx_word' id='word_1_288' title='bbox 291 3302 514 3360; x_wconf 81' lang='grc' dir='ltr'><strong><em>οἷγχίνουν</em></strong></span> <span class='ocrx_word' id='word_1_289' title='bbox 544 3321 593 3350; x_wconf 83' lang='grc' dir='ltr'>τε</span> <span class='ocrx_word' id='word_1_290' title='bbox 624 3309 700 3351; x_wconf 85' lang='grc' dir='ltr'>καὶ</span> <span class='ocrx_word' id='word_1_291' title='bbox 735 3308 841 3352; x_wconf 81' lang='grc' dir='ltr'><strong><em>εἴσω</em></strong></span> <span class='ocrx_word' id='word_1_292' title='bbox 872 3313 1096 3366; x_wconf 78' lang='grc' dir='ltr'><strong><em>σπουδῆς.</em></strong></span> <span class='ocrx_word' id='word_1_293' title='bbox 1155 3313 1330 3354; x_wconf 89' lang='lat' dir='ltr'>Eodem</span> <span class='ocrx_word' id='word_1_294' title='bbox 1359 3313 1557 3368; x_wconf 80' lang='lat' dir='ltr'>respexit</span> <span class='ocrx_word' id='word_1_295' title='bbox 1586 3314 1718 3354; x_wconf 89' lang='lat' dir='ltr'>Plato</span> <span class='ocrx_word' id='word_1_296' title='bbox 1738 3312 1855 3364; x_wconf 85' lang='lat' dir='ltr'>Rep-</span> 
     </span>
    </p>
   </div>
   <div class='ocr_carea' id='block_1_4' title="bbox 289 3376 1860 3495">
    <p class='ocr_par' dir='ltr' id='par_1_8' title="bbox 289 3376 1860 3495">
     <span class='ocr_line' id='line_1_39' title="bbox 290 3376 1860 3438; baseline 0.004 -22"><span class='ocrx_word' id='word_1_297' title='bbox 290 3376 386 3416; x_wconf 82' lang='lat' dir='ltr'><strong>vll.</strong></span> <span class='ocrx_word' id='word_1_298' title='bbox 419 3391 464 3431; x_wconf 87' lang='lat' dir='ltr'>p.</span> <span class='ocrx_word' id='word_1_299' title='bbox 496 3376 593 3419; x_wconf 80' lang='lat'><strong>522.</strong></span> <span class='ocrx_word' id='word_1_300' title='bbox 626 3379 681 3420; x_wconf 93' lang='lat' dir='ltr'>D.</span> <span class='ocrx_word' id='word_1_301' title='bbox 755 3380 969 3423; x_wconf 82' lang='lat' dir='ltr'>Ceterum</span> <span class='ocrx_word' id='word_1_302' title='bbox 1000 3383 1206 3427; x_wconf 83' lang='lat' dir='ltr'>conferas</span> <span class='ocrx_word' id='word_1_303' title='bbox 1235 3396 1351 3438; x_wconf 83' lang='lat' dir='ltr'>quae</span> <span class='ocrx_word' id='word_1_304' title='bbox 1393 3384 1448 3426; x_wconf 86' lang='lat' dir='ltr'>de</span> <span class='ocrx_word' id='word_1_305' title='bbox 1490 3382 1750 3426; x_wconf 80' lang='lat' dir='ltr'>Palamedis</span> <span class='ocrx_word' id='word_1_306' title='bbox 1786 3380 1860 3423; x_wconf 83' lang='lat' dir='ltr'>iu—</span> 
     </span>
     <span class='ocr_line' id='line_1_40' title="bbox 289 3446 969 3495; baseline 0.012 -8"><span class='ocrx_word' id='word_1_307' title='bbox 289 3446 434 3490; x_wconf 83' lang='lat' dir='ltr'>ventis</span> <span class='ocrx_word' id='word_1_308' title='bbox 465 3447 674 3492; x_wconf 82' lang='lat' dir='ltr'>disseruit</span> <span class='ocrx_word' id='word_1_309' title='bbox 705 3450 809 3493; x_wconf 85' lang='lat' dir='ltr'>Otto</span> <span class='ocrx_word' id='word_1_310' title='bbox 839 3452 969 3495; x_wconf 84' lang='lat' dir='ltr'>lahn.</span> 
     </span>
    </p>
   </div>
   <div class='ocr_carea' id='block_1_5' title="bbox 223 3515 1524 3574">
    <p class='ocr_par' dir='ltr' id='par_1_9' title="bbox 223 3515 1524 3574">
     <span class='ocr_line' id='line_1_41' title="bbox 223 3515 1524 3574; baseline 0.005 -8"><span class='ocrx_word' id='word_1_311' title='bbox 223 3515 284 3566; x_wconf 87' lang='grc' dir='ltr'>Τ.</span> <span class='ocrx_word' id='word_1_312' title='bbox 320 3517 384 3566; x_wconf 93' lang='lat' dir='ltr'>II.</span> <span class='ocrx_word' id='word_1_313' title='bbox 1461 3527 1524 3574; x_wconf 73' lang='lat'>17</span> 
     </span>
    </p>
   </div>
  </div>
 </body>
</html>
