2170 3848
1120 268 1243 328 loo

360 423 493 471 facto
539 417 836 470 Laodamiae
884 417 1111 467 omnibus
1158 430 1222 465 ex
1270 417 1491 481 partibus
1539 422 1836 486 respondet=
1885 423 2021 488 quod

358 503 542 550 faciens
570 498 817 562 duplicem
849 497 999 546 subiit
1033 496 1409 557 accusationem,
1443 499 1578 560 quod
1604 501 1768 550 tristia
1794 502 2020 552 tristibus

360 578 650 629 cumulando
694 577 892 640 assequi
939 576 1019 637 id,
1068 574 1199 641 quod
1244 581 1322 625 est
1367 579 1652 642 tragoediae
1692 580 2022 646 propositum,

359 659 515 720 magis
563 654 879 704 multitudine
931 670 1076 717 quam
1121 657 1476 718 temperatione
1518 673 1684 708 rerum
1711 660 2022 724 tragicarum

360 737 660 794 studuisset,
730 734 963 797 quodque
1003 734 1262 783 'iterandis
1317 735 1495 785 iisdem
1540 737 1749 786 inventis
1808 739 2023 804 inopiam

359 818 600 882 quandam
642 813 824 878 ingenii
871 813 1213 878 significasset.
1282 814 1480 879 inopiae
1523 815 1723 880 quidem
1755 831 1853 865 non
1884 823 2022 868 recte

360 900 623 945 accusatur
656 894 718 954 iS‚
754 892 895 941 cuius
928 897 1096 941 tantae
1130 898 1243 942 sunt
1275 894 1492 954 divitiae,
1526 899 1583 943 ut
1616 895 1767 944 etiam
1789 895 2024 945 detractis

359 976 439 1029 iis,
475 991 600 1037 quae
633 972 852 1030 iteravit,
899 972 1300 1035 opulentissimus
1336 988 1448 1021 esse
1480 988 1578 1022 non
1610 974 1827 1035 desinat;
1873 975 2024 1024 itera-

359 1054 576 1104 tionibus
613 1057 777 1100 autem
814 1066 876 1099 ne
910 1055 1087 1099 natura
1118 1051 1316 1114 quidem
1349 1067 1546 1112 rerum,
1580 1052 1663 1101 dei
1694 1052 2026 1118 potentissimi

359 1132 810 1198 sapientissimique
854 1130 1065 1190 fabrica,
1111 1135 1278 1190 vacat3
1338 1131 1614 1180 mortalium
1658 1147 1776 1182 vero
1817 1133 2026 1183 neminis

364 1227 576 1275 unquam
595 1215 750 1258 tanta
784 1209 880 1258 fuit
925 1209 1170 1270 sollertia,
1215 1215 1272 1258 ut
1304 1225 1388 1257 eas
1420 1210 1705 1274 impensius,
1737 1227 1883 1275 quam
1915 1212 2026 1262 Eu:-

359 1293 575 1358 ripideS,
622 1290 861 1339 vitaverit.
929 1289 1256 1353 Exaggeratio
1304 1304 1422 1338 vero
1455 1290 1761 1340 miseriarum
1794 1296 1907 1340 tum·
1932 1292 2024 1341 de-

359 1387 491 1422 mum
526 1369 843 1434 vituperanda
877 1375 985 1427 est,
1020 1369 1063 1416 si
1097 1369 1155 1416 fit
1189 1384 1300 1417 cum
1333 1367 1632 1418 detrimento
1666 1370 2024 1435 simplicitatis:

358 1468 469 1502 nam
503 1450 546 1498 si
582 1454 851 1514 congruant
900 1464 981 1496 res
1018 1453 1070 1495 et
1104 1453 1218 1511 apte
1263 1447 1528 1508 haereant,
1575 1450 1720 1498 etiam
1751 1450 2023 1511 laudanda3

357 1533 506 1594 idque
556 1530 606 1577 in
655 1528 748 1576 hac
792 1527 1027 1575 dramatis
1062 1531 1202 1590 parte
1237 1542 1329 1574 usu
1361 1527 1508 1577 venit.
1574 1528 1767 1578 Adsunt
1798 1529 2024 1579 curandis

358 1611 614 1660 funeribus
663 1612 714 1656 et
771 1612 955 1655 matres
1003 1611 1054 1654 et
1100 1605 1242 1655 liberi
1289 1606 1659 1668 defunctorum3
1707 1611 1913 1668 absunt,
1960 1609 2025 1659 ad

360 1706 480 1755 quas
525 1688 600 1737 vel
643 1686 852 1735 maxime
904 1686 1149 1733 calamitas
1193 1686 1434 1750 pertinet,
1490 1703 1684 1736 uxores.
1749 1688 1920 1739 Potuit
1965 1690 2026 1738 iis

360 1770 500 1820 chori
534 1782 707 1816 munus
739 1765 971 1828 delegare
1006 1771 1168 1828 poeta,
1205 1765 1295 1814 sed
1328 1771 1508 1814 matres
1534 1767 1739 1829 vetulas,
1774 1785 1917 1832 quam
1943 1768 2023 1818 fe-

361 1849 517 1898 minas
554 1846 728 1893 aetatis
762 1846 927 1907 vigore
955 1844 1206 1905 florentes,
1239 1845 1364 1893 duce
1392 1861 1512 1911 rege
1531 1846 1706 1896 iuvene
1726 1847 1858 1897 inter
1877 1864 2024 1913 pere·

360 1929 525 1995 grinos
557 1924 757 1985 versari,
793 1923 945 1986 magis
981 1924 1163 1973 decere
1196 1924 1447 1974 iudicavit.
1512 1925 1843 1987 Quamobrem
1875 1943 2024 1991 quum

360 2022 523 2070 neque
571 2003 732 2052 omitti
789 2003 1040 2065 coniugeS,
1111 2003 1228 2065 quin
1288 2004 1491 2052 deesset
1557 2020 1670 2067 pars
1725 2007 2022 2068 necessaria,

362 2090 590 2153 possent,
639 2097 800 2146 neque
850 2081 987 2129 tertii
1022 2082 1159 2130 chori
1203 2081 1467 2131 inducendi
1502 2084 1641 2147 copia
1675 2091 1835 2147 esset,
1880 2101 2024 2135 unam

360 2169 516 2216 instar
548 2163 762 2212 omnium
795 2161 857 2209 ob
893 2161 1060 2209 oculos
1095 2162 1283 2225 posuit,
1330 2163 1470 2211 cuius
1505 2159 1728 2227 spectata
1758 2166 1942 2228 pietate
1973 2170 2026 2214 et

362 2260 532 2295 amore
563 2242 775 2305 reliquas
823 2240 983 2288 minus
1026 2240 1436 2291 desideraremus.
1503 2240 1743 2294 Dixerunt
1790 2245 2026 2295 mulieres

363 2327 514 2374 vitam
548 2338 715 2377 suam,
761 2321 999 2384 privatam
1032 2318 1192 2381 bono,
1239 2336 1336 2382 quo
1371 2322 1527 2370 omnis
1560 2322 1774 2372 felicitas
1806 2323 2026 2374 contine-

362 2411 525 2463 retur,
559 2401 738 2451 nullam
774 2415 909 2460 esse3
953 2398 1018 2447 nil
1053 2399 1144 2446 sibi
1177 2399 1404 2449 relictum
1437 2417 1550 2450 esse
1583 2408 1783 2466 praeter
1813 2403 2027 2469 aegritu-

361 2485 527 2533 dinem
561 2486 851 2546 perpetuam
885 2484 935 2528 et
967 2478 1210 2527 lacrimas.
1277 2480 1388 2528 Hoc
1422 2480 1505 2543 qui
1550 2482 1724 2542 sentit,
1774 2498 1888 2531 eum
1923 2479 2027 2548 (ve-

362 2572 526 2613 terum
561 2569 697 2609 certe
728 2558 961 2621 iudicio),
1015 2558 1108 2606 nisi
1151 2558 1351 2624 ignavus
1397 2563 1500 2620 est,
1545 2566 1752 2610 mortem
1787 2577 2027 2626 quaerere

364 2656 570 2692 necesse
604 2643 710 2688 est:
753 2642 975 2704 praestat
1019 2637 1148 2686 enim
1191 2637 1463 2687 inferorum
1514 2654 1719 2688 numero
1751 2641 2022 2702 accenseri,

367 2737 511 2785 quam
545 2721 676 2768 inter
708 2719 841 2766 vivos
875 2722 1194 2780 mortuosque
1226 2717 1443 2767 medium
1476 2718 1748 2783 penderes

498 2799 608 2850 οὔτ’
644 2793 701 2847 ἐν
733 2798 846 2855 τοῖς
875 2792 1156 2860 φθιμένοις

498 2879 607 2928 οὔτ’
644 2874 701 2928 ἐν
736 2877 892 2938 ζῶσιν
923 2873 1222 2941 κρινομένη,

497 2955 654 3022 χωρὶς
689 2955 755 3023 δή
789 2974 908 3008 τινα
938 2955 1095 3007 τῶνδ’
1132 2951 1324 3022 ἔχουσα
1355 2958 1563 3022 μοῖραν.

366 3038 468 3087 Sed
500 3038 760 3087 videndum
794 3044 898 3104 est,
950 3043 1005 3087 ut
1046 3052 1178 3085 mors
1224 3042 1389 3087 nostra
1433 3045 1517 3088 aut
1547 3036 1892 3103 superstitibus
1939 3040 2024 3086 aut

365 3117 611 3167 defunctis
646 3117 781 3166 utilis
816 3118 898 3167 sit.
965 3117 1168 3166 Evadne
1199 3132 1346 3177 vero,
1397 3119 1631 3168 desiderii
1675 3115 1882 3165 stimulis
1913 3120 2024 3164 acta

366 3203 420 3247 et
450 3196 617 3246 furore
660 3196 871 3260 quodam
917 3197 1143 3246 divinitus
1189 3197 1408 3257 concita,
1460 3214 1608 3262 quum
1639 3195 1904 3245 fefellisset
1923 3210 2022 3245 cu-

366 3277 535 3326 stodes
569 3294 599 3325 e
631 3277 777 3325 domo
811 3277 965 3339 patris
1001 3276 1284 3341 aufugienS‚
1334 3277 1460 3326 duce
1506 3278 1583 3327 vel
1614 3281 1784 3325 natura
1815 3274 1894 3323 vel
1927 3274 2022 3324 deo

364 3357 554 3420 aliquo,
589 3356 651 3404 ad
685 3371 858 3421 rogum
891 3355 1085 3416 mariti,
1133 3371 1228 3421 quo
1262 3371 1324 3404 ne
1358 3357 1592 3413 defuncto
1625 3355 1818 3419 quidem
1852 3368 2022 3403 carere

364 3436 487 3499 vult,
522 3435 683 3486 delata
718 3440 808 3484 est.
876 3434 1033 3497 Quam
1067 3450 1306 3499 quaerens
1340 3439 1511 3501 pater,
1544 3435 1631 3501 qui
1663 3434 1795 3484 idem
1829 3432 2022 3498 Eteocli
