2170 3866
1099 275 1228 335 56⁰

460 418 665 469 Interim
701 420 895 485 gravius
921 420 1104 487 ingruit
1135 424 1322 472 bellum
1356 428 1408 475 et
1440 424 1502 474 ad
1530 425 1690 491 ipsam
1716 429 1888 479 urbem
1923 443 2016 495 op·

328 502 639 567 pugnandam
682 501 853 549 hostes
901 518 1013 551 cum
1059 504 1380 568 populatione
1427 522 1655 571 agrorum
1696 509 2014 569 contendunt,

332 598 429 645 quo
467 581 667 629 excitati
715 589 911 632 terrore
959 584 1206 650 agricolae
1252 586 1315 635 ad
1361 587 1547 652 regiam
1581 595 1846 639 accurrunt
1878 589 2016 639 auxi-

327 663 449 711 lium
485 670 745 726 petentes:

458 741 675 805 βασιλεῦ
710 741 884 805 χώρας
919 746 1012 811 τῆς
1046 744 1383 810 πολυβώλου,

461 824 674 885 Κισσεῦ,
707 823 894 874 πεδίον
927 824 1059 890 πυρὶ
1092 827 1396 892 μαρμαίρει.
1886 844 1939 876 ‘z‘

325 905 517 968 Quibus
565 905 750 953 auditis
789 907 1065 955 Archelaus
1115 925 1255 974 spem
1304 909 1518 974 concipit
1563 908 1676 958 fore
1724 894 2015 974 opportuni-

320 991 477 1037 tatem
514 1002 574 1034 ex
610 991 833 1048 egestate
868 989 1137 1038 euadendi·

457 1064 524 1116 οὐ
559 1062 662 1130 γὰρ
697 1063 951 1129 ύπερθεῖν
984 1067 1222 1131 κύματος
1253 1069 1428 1136 ἄκραν

457 1146 780 1208 δυνάμεσθ’·
818 1146 891 1198 ἔτι
924 1146 1027 1214 γὰρ
1063 1148 1246 1200 θάλλει
1278 1148 1452 1212 πενία,

453 1227 621 1279 κακὸν
654 1226 915 1293 ἔχθιστον,
954 1230 1138 1296 φεύγει
1174 1229 1221 1281 δ’
1257 1231 1436 1296 ὄλβος.

321 1311 462 1360 Haec
497 1319 646 1371 atque
683 1311 775 1356 alia
813 1311 1017 1359 alteruis
1055 1314 1245 1362 vicibus
1280 1314 1419 1361 chori
1455 1325 1655 1359 carmen
1688 1305 2012 1372 interpellans

321 1393 542 1441 canebat.
610 1390 775 1438 Finito
811 1399 955 1438 cautu
992 1407 1081 1439 rex
1118 1393 1167 1440 in
1205 1408 1403 1440 scenam
1438 1405 1673 1440 reversus
1707 1388 1759 1436 in
1781 1385 2012 1438 Archelai

317 1474 501 1522 virtute
536 1487 591 1518 se
626 1486 765 1533 spem
800 1471 1035 1519 victoriae
1070 1488 1257 1535 ponere
1293 1472 1540 1520 declarat:

453 1549 624 1615 ὀλίγοι
658 1547 760 1614 γὰρ
799 1546 982 1599 ἐσθλοὶ
1015 1550 1318 1612 κρείσσονες
1351 1550 1564 1600 πολλῶν
1595 1547 1779 1600 κακῶν

450 1660 514 1668 -
582 1658 649 1668 —-
716 1659 780 1666 —-
849 1628 1034 1696 ὀλίγον
1067 1633 1295 1694 ἄλκιμον
1331 1629 1467 1694 δόρυ

452 1715 701 1778 κρεῖσσον
735 1718 1010 1776 στρατηγῷ
1046 1712 1246 1776 μυρίον
1284 1711 1705 1776 στρατεύματος·

452 1791 552 1860 ἔχει
587 1790 643 1843 δὲ
677 1790 767 1843 καὶ
798 1797 946 1843 τοῦτ’
983 1791 1101 1859 οὐχὶ
1137 1794 1345 1860 μικρόν,
1381 1789 1599 1859 εὐγενὴς

452 1872 589 1941 ἀνὴρ
625 1876 934 1939 στρατηγῶν
969 1875 1154 1926 εὐκλεᾶ
1187 1876 1232 1926 τ’
1268 1870 1400 1941 ἔχων
1433 1874 1612 1940 φάτιν.

318 1959 473 2008 Iterat
501 1957 679 2004 deiude
714 1957 812 2014 illa„
850 1973 995 2020 quae,
1032 1974 1181 2020 quum
1219 1960 1490 2022 exciperet,
1526 1954 1741 2005 monuit:

453 2036 552 2087 οὐκ
587 2035 727 2086 ἔστιν
763 2031 902 2095 ὅςτις
938 2034 1105 2102 ἡδέως
1139 2038 1309 2102 ζητῶν
1344 2037 1506 2102 βιοῦν

450 2120 690 2169 εὔκλειαν
725 2115 1053 2184 εἰςεκτήσατ’,
1091 2116 1222 2169 ἀλλὰ
1257 2116 1355 2185 χρὴ
1390 2119 1591 2169 πονεῖν.

318 2200 546 2249 Paratum
596 2216 652 2246 se
699 2202 760 2248 ad
811 2200 1181 2264 suscipiendum
1220 2201 1439 2249 laborem
1475 2215 1590 2249 esse
1636 2197 1784 2247 docel:
1817 2193 2007 2245 Arche-

317 2283 439 2339 laus,
492 2281 578 2328 sed
619 2281 748 2328 nolle
784 2296 995 2343 egenum
1031 2280 1355 2343 divitigratis
1391 2290 1441 2328 et
1475 2281 1582 2328 siue
1614 2277 1851 2327 mercede
1884 2289 2006 2338 ope-

316 2378 420 2410 ram
454 2368 732 2425 praestare:
1780 2371 1782 2373 ·

451 2438 518 2489 οὐ
553 2438 820 2503 βούλομαι
852 2441 1181 2490 πλουτοῦντι
1217 2437 1507 2500 δωρεῖσθαι
1539 2434 1730 2503 πένης·

449 2520 521 2587 μή
556 2522 609 2587 μ’
645 2522 860 2586 ἄφρονα
894 2521 1097 2586 κρίνῃς,
1133 2518 1204 2587 ἢν
1238 2513 1423 2579 διδοὺς
1457 2516 1622 2568 αἰτεῖν
1656 2514 1894 2574 δοκῶὉ.

316 2603 606 2668 Egestatem
658 2605 787 2651 euim
833 2605 966 2651 nullo
1013 2618 1127 2651 esse
1173 2602 1391 2660 honore3
1441 2602 1609 2663 itaque
1654 2595 2007 2664 vituperandos

318 2699 431 2733 esse
465 2684 567 2745 qui,
604 2700 751 2746 quum
788 2685 848 2731 ad
887 2689 1054 2732 cetera
1091 2683 1297 2746 sapiant,
1335 2697 1430 2729 non
1465 2682 1663 2744 sapiant
1695 2678 1757 2729 ad
1791 2678 1957 2727 lucra:

454 2763 554 2813 οὐκ
590 2762 696 2814 ἔστι
729 2763 914 2822 πενίας
947 2761 1108 2825 ἱερόν,
1146 2761 1414 2828 αἰσχίστης
1443 2764 1612 2812 θεοῦ·

448 2845 582 2910 μισῶ
617 2843 721 2909 γὰρ
756 2845 927 2903 ὄντως
961 2842 1152 2903 οἵτινες
1186 2846 1455 2908 φρονοῦσι
1488 2839 1603 2906 μέν,

446 2929 718 2991 φρονοῦσι
752 2924 800 2976 ὁ’
838 2923 999 2976 οὐδὲν
1033 2921 1105 2984 ῶς
1138 2941 1199 2990 γε
1231 2923 1518 2990 χρημάτων
1549 2919 1685 2984 ὕπερ

315 3005 485 3069 ltaque
530 3009 778 3072 postulat,
826 3012 879 3056 ut
924 3008 1078 3055 filiam
1126 3022 1215 3057 rex
1258 3006 1352 3054 sibi
1400 3005 1713 3070 despondeat
1757 2998 2006 3062 simulque

244 3112 274 3118 w
304 3088 454 3151 tegni
487 3089 726 3136 heredem
762 3088 1020 3145 instituat,
1067 3087 1111 3134 si
1152 3086 1309 3152 pulsis
1346 3086 1572 3134 hostibus
1606 3091 1789 3132 terram
1825 3080 2005 3130 libera-

1702 2916 1805 2978 **).

235 3173 249 3187 “
312 3168 460 3215 verit.
529 3167 785 3232 Hyginus:
841 3167 1104 3232 „Regnum
1141 3172 1192 3215 et
1225 3167 1378 3215 filiam
1413 3167 1463 3214 in
1498 3163 1779 3229 coniugium
1812 3160 2004 3212 Arche-

314 3245 394 3295 lao
444 3247 564 3295 dare
597 3248 878 3311 pollicetur,
928 3248 969 3296 si
1004 3262 1061 3296 se
1093 3247 1154 3296 ab
1190 3247 1337 3295 hoste
1371 3251 1558 3295 tutatus
1605 3241 1794 3297 esset.''
1859 3238 2003 3287 'Con-

370 3408 424 3463 aa)
453 3404 663 3466 Vulgo*
631 3427 660 3465 η
692 3423 774 3466 pro
805 3405 878 3466 ἤν.

341 3478 422 3534 ”J
455 3478 599 3537 Vulgo
631 3479 856 3538 φρονοῦσι
884 3472 926 3526 δ’
958 3474 1150 3529 οὐδενός
1177 3491 1242 3534 γε
