2170 3866
868 276 992 333 429

232 421 301 474 οὐ
332 420 436 488 γάρ
469 421 586 474 ποτ’
622 419 690 474 ἂν
722 420 973 490 πράξειαν
1007 419 1061 484 ἐς
1090 419 1235 484 τέλος
1266 422 1441 484 κακῶς
1452 423 1523 487 *).

238 585 379 649 τρεῖς
411 581 543 634 εἰσὶν
575 582 771 647 ἀρεταί,
805 582 898 644 τὰς
928 582 1095 650 χρεών
1128 584 1175 634 σ’
1210 581 1405 646 ἀσκεῖν,
1438 580 1657 635 τέκνον·

233 664 400 724 θεούς
432 681 486 714 τε
519 669 678 730 τιμᾶν
710 663 837 724 τούς
868 681 922 715 τε
956 664 1232 730 φύσαντας
1264 666 1441 729 γονεῖς

236 745 442 810 νόμους
473 761 526 796 τε
557 738 774 806 κοινοὺς
798 738 1074 805 Ἑλλάδος·
1109 743 1198 795 καὶ
1230 748 1398 796 ταῦτα
1432 743 1576 810 δρῶν

236 825 514 877 κάλλιστον
548 823 674 888 ἕξεις
708 824 972 890 στέφανον
1006 825 1237 886 εὐκλείας
1270 824 1365 876 ἀεί.

105 905 236 956 Tum
270 907 435 971 Lycus
470 908 520 956 in
554 909 717 957 medio
765 910 1064 958 constitutus
1115 908 1402 957 criminibus
1448 903 1778 964 convincitur;

109 1003 255 1052 quum
292 988 524 1036 occidere
556 989 739 1037 vellent
782 990 991 1051 gemini,
1038 989 1390 1039 Mei-curiose
1434 987 1795 1057 interponente·

110 1071 336 1116 servatus
372 1073 463 1116 est.
532 1067 794 1116 Liberatus
840 1069 1106 1133 supplicio,
1158 1084 1310 1134 regno
1345 1068 1523 1116 cedere
1556 1067 1779 1115 iubetur:

109 1145 160 1195 in
208 1148 342 1210 quod
387 1163 480 1196 non
528 1148 747 1209 Zethus,
794 1156 962 1213 pastor
1009 1157 1058 1198 et
1093 1149 1334 1213 agricola,
1378 1148 1468 1196 sed
1515 1145 1782 1209 Amphion,

108 1230 246 1275 vates
272 1232 420 1291 atque
440 1228 786 1292 philosophuS‚
819 1230 1043 1277 succedit
1056 1228 1160 1290 **);
1193 1230 1365 1277 urbem
1393 1234 1556 1276 tamen
1582 1226 1783 1274 coniun-

110 1311 191 1355 cta
224 1321 377 1370 opera
410 1309 553 1356 ambo
589 1307 819 1356 condunt.
886 1307 1059 1356 Dirces
1106 1308 1392 1356 memoriam
1438 1306 1634 1354 nomine
1672 1303 1785 1353 fon-

109 1386 175 1434 tis
209 1385 270 1433 ad
304 1391 532 1449 posteros
567 1387 627 1434 iri
662 1387 896 1435 traditum
931 1388 1053 1436 deus
1082 1387 1216 1436 idem
1250 1390 1620 1435 commemorat.

241 1465 438 1528 Quanto
472 1466 522 1515 in
557 1465 747 1516 honore
781 1466 929 1515 fuerit
962 1467 1131 1516 drama
1164 1466 1669 1532 praestantissimum,
1709 1462 1785 1512 in-

110 1544 335 1611 telligere
370 1545 486 1594 licet
519 1562 581 1594 ex
616 1563 919 1595 summorum
953 1553 1228 1610 poetarum,
1263 1546 1489 1606 Pacuvii,
1525 1543 1787 1608 Propertii,

109 1625 319 1686 Horatii,
352 1624 568 1689 Virgilii,
606 1625 797 1687 Ovidii,
837 1628 1015 1675 summi
1051 1627 1264 1675 oratoris
1301 1625 1574 1686 CiceroniS,
1609 1623 1790 1674 summi

110 1704 395 1771 philosophi
441 1704 659 1753 Platonis
693 1722 789 1755 non
837 1705 1387 1755 commemorationibus
1432 1711 1652 1765 tantum,
1699 1703 1789 1753 sed

113 1786 263 1836 etiam
326 1785 697 1837 imitationibus.
781 1786 971 1848 Quibus
1025 1787 1269 1835 accedunt
1325 1785 1573 1835 artificum
1622 1799 1791 1850 opera,

111 1870 285 1915 taurus
319 1865 616 1926 Far-nesius,
650 1866 896 1930 Apollonii
942 1871 994 1914 et
1026 1865 1256 1915 Taurisci
1303 1880 1453 1930 opus,
1501 1871 1553 1915 et
1599 1864 1793 1930 pictura

114 1944 517 1995 Herculanensis.
589 1945 640 1994 ln
673 1946 846 2011 vulgus
882 1944 1013 1993 idem
1049 1946 1119 1994 sic
1153 1948 1322 1993 notum
1357 1950 1480 2004 erat,
1514 1950 1570 1994 ut
1595 1936 1793 1994 Ἀντιό-

113 2039 216 2088 πης
247 2025 453 2092 θρῆνος
486 2026 734 2090 proverbii
767 2025 875 2074 loco
897 2025 995 2073 dici
1029 2026 1215 2074 soleret
1241 2024 1304 2073 de
1338 2026 1416 2083 iis,
1452 2026 1535 2090 qui
1567 2025 1793 2075 iniuriam

117 2111 169 2156 et
203 2106 548 2155 contumeliam
583 2105 718 2169 passi
763 2111 936 2171 postea
971 2106 1196 2155 vindicati
1232 2110 1430 2165 essent,
1475 2109 1608 2154 teste
1642 2104 1795 2153 Suida

117 2202 157 2236 s.
190 2202 232 2235 v.
262 2178 504 2250 Ἀντιόπη
539 2204 589 2250 p.
613 2188 728 2245 478,
751 2189 797 2233 8.
850 2186 1161 2250 Frequenter
1195 2185 1340 2233 etiam
1375 2185 1426 2233 in
1459 2183 1796 2234 Romanorum

115 2266 326 2317 theatris
368 2266 574 2315 imitatio
609 2265 810 2313 Pacuvii
846 2266 1198 2326 exhibebatur,
1243 2269 1375 2312 teste
1416 2263 1658 2313 Cicerone
1692 2262 1793 2313 Off.

116 2348 154 2410 l,
187 2349 268 2408 31,
303 2347 381 2396 11.
460 2345 819 2409 Aristophanes
863 2346 925 2393 ad
971 2344 1097 2392 hanc
1144 2343 1359 2392 fabulam
1406 2344 1596 2392 nonnisi
1640 2343 1796 2394 semel

117 2427 341 2492 respexit
372 2441 538 2482 versu,
572 2441 721 2489 quem
757 2440 818 2473 ex
851 2424 1007 2473 altera
1034 2423 1341 2486 Thesmoph.
1378 2423 1596 2472 editione
1628 2439 1795 2472 serva-

118 2507 188 2554 vit
211 2504 414 2553 Pollux:
962 2531 964 2533 .

235 2576 519 2646 ’Ἁμφοδον
551 2579 710 2649 ἐχρῆν
743 2582 886 2652 αὐτῷ
919 2585 1192 2633 τεθεῖσθαι
1224 2582 1480 2645 τοῦνομα.

122 2665 361 2727 „Praeter
395 2664 492 2712 ista
526 2664 689 2728 digna,
725 2681 849 2730 quae
884 2665 977 2713 sibi
1013 2669 1231 2713 sumeret
1264 2663 1495 2711 Comicus
1530 2662 1798 2723 irridenda,

123 2760 279 2813 pauca
313 2744 538 2807 suspicor
571 2744 667 2792 hoc
698 2746 750 2795 in
784 2746 1004 2794 dramate
1038 2743 1406 2807 elegantissimo
1435 2742 1692 2807 Euripidis
1716 2759 1798 2792 re-

122 2832 282 2891 perta,
315 2838 441 2887 quae
475 2824 871 2874 mordacissimus
893 2824 1248 2888 Aristophanes
1273 2823 1506 2872 arrodere
1530 2821 1812 2886 potuerit.'''

124 2905 292 2956 Verba
327 2910 441 2952 sunt
464 2901 779 2952 Valckenarii
811 2906 860 2953 in
895 2904 1036 2953 diatr.
1062 2920 1110 2967 p.
1129 2905 1211 2953 62.
1281 2902 1682 2951 celebratissima
1713 2918 1800 2951 au-

125 2991 225 3036 tem
262 2983 360 3032 fuit
388 2982 655 3046 disputatio
683 2982 746 3031 de
772 2983 1114 3048 philosophiae
1145 2988 1197 3031 et
1230 2983 1425 3044 artium,
1462 2982 1637 3045 quibus
1660 2981 1801 3031 utilia

181 3120 234 3175 ³⁸)
261 3117 350 3162 Hic
374 3129 531 3159 versus
557 3114 693 3157 etiam
718 3115 764 3156 in
786 3115 1094 3158 Andromache
1130 3130 1172 3157 v.
1191 3114 1316 3158 1258.
1343 3116 1550 3167 habetur,
1579 3128 1665 3170 quo
1699 3116 1800 3157 loco

265 3187 474 3244 quoniam
503 3200 645 3240 neque
672 3188 801 3239 aptus
828 3190 871 3229 et
901 3187 1169 3242 depravatus
1190 3191 1270 3238 est,
1309 3186 1547 3229 delendum
1573 3199 1677 3228 eum
1702 3197 1800 3227 ease

267 3271 438 3301 censeo.

161 3329 238 3384 **)
265 3329 420 3386 Epigr.
452 3327 617 3369 anthol.
651 3326 821 3368 Iacobo.
847 3328 902 3370 Τ.
926 3328 982 3370 Π.
1018 3343 1061 3382 p.
1084 3324 1192 3368 755:

379 3396 655 3442 ἓπταπύλων
688 3397 852 3453 Θηβῶν
880 3395 1091 3455 βασιλεὺς
1123 3391 1201 3439 ὅδε
1231 3398 1379 3439 κεῖται
1410 3392 1637 3448 ὕπόχθων

493 3468 662 3523 Ζῆθος,
694 3462 749 3511 ὃν
777 3461 982 3525 Ἀντιόπη
1014 3469 1197 3524 γείνατο
1225 3462 1355 3510 παῖδ’
1382 3461 1581 3521 ἀγαθόν.
