2170 3848
976 267 1091 327 151

187 422 250 470 ad
285 420 568 469 concionem
604 419 812 468 dicendo
845 418 909 467 de
944 417 1106 480 priore
1130 416 1227 463 vita
1257 415 1586 478 exposuisset.
1634 413 1855 473 Accedit,

188 506 244 551 ut
286 499 482 549 Orestis
531 499 831 564 Pyladisque
878 495 1209 559 colloquium,
1271 510 1420 557 quum
1483 495 1544 542 ad
1602 493 1853 543 docendos

186 585 492 645 spectatores
527 586 577 629 et
604 579 772 643 ipsum
812 577 1126 630 instituatur,
1173 574 1223 621 in
1256 573 1393 621 initio
1427 573 1659 622 dramatis
1694 574 1853 623 collo-

185 661 289 710 cari
339 660 557 724 potuerit
606 656 1016 708 commodissime.
1086 654 1254 713 Haec,
1306 669 1434 716 quae
1467 653 1670 716 quilibet
1702 654 1854 715 videt,

186 740 380 804 fugisse
430 739 718 802 Euripidem
775 751 871 783 non
924 740 1003 782 est
1051 733 1317 782 credibile:
1366 733 1449 796 qui
1495 733 1624 796 quod
1668 734 1852 793 facere,

185 835 311 884 quae
344 833 498 883 prona
531 822 688 875 erant,
742 814 940 872 omisit,
986 813 1102 862 inde
1136 818 1272 877 patet
1320 829 1432 862 eum
1477 813 1558 874 id,
1606 813 1736 876 quod
1769 813 1853 861 alii

183 900 528 963 sequebantur,
562 895 706 944 etiam
742 894 805 941 de
839 893 1074 941 industria
1107 893 1306 953 vitasse,
1342 909 1399 940 ac
1430 893 1652 941 noluisse
1684 894 1744 941 ab
1779 894 1853 942 in-

183 977 358 1025 stituta
405 976 594 1024 ratione
641 973 739 1020 ullo
789 973 935 1022 modo
986 972 1243 1022 discedere
1258 969 1328 1038 *).
1409 972 1572 1022 Pluris
1619 973 1851 1022 nimirum

179 1055 390 1104 faciebat
421 1053 845 1119 perspicuitatem,
882 1068 1026 1117 quam
1062 1053 1258 1101 facilem
1283 1053 1652 1116 naturalemque
1685 1068 1851 1100 rerum

179 1134 468 1195 decursum,
519 1149 578 1181 ac
610 1136 866 1197 praestare
913 1133 1107 1181 censuit
1153 1132 1322 1181 doceri
1376 1134 1532 1182 semel
1563 1134 1626 1182 de
1662 1148 1852 1181 summa

178 1229 346 1263 rerum
388 1213 530 1278 plana
591 1218 859 1276 apertaque
918 1213 1243 1277 explicatione
1302 1216 1640 1276 spectatores,
1704 1227 1851 1276 quam

177 1292 429 1358 paullatim
478 1307 780 1357 cognoscere
831 1292 1095 1340 divinando
1140 1297 1189 1355 et
1234 1292 1541 1340 coniiciendo
1577 1309 1704 1356 quae
1737 1306 1851 1356 pas-

176 1372 270 1422 sim
305 1372 564 1434 obiterque
598 1372 1003 1437 significarentur.
1073 1370 1253 1420 Statim
1290 1372 1442 1436 igitur
1463 1372 1620 1435 prima
1649 1386 1851 1438 aggres-

176 1452 314 1500 sione
359 1453 616 1516 occupavit
660 1451 848 1500 animos
892 1452 1167 1515 imbuitque
1213 1453 1379 1500 studio
1425 1468 1626 1509 eorum,
1684 1450 1852 1516 quiin

173 1530 407 1596 periculis
440 1536 724 1589 versantur3
759 1531 876 1579 nihil
913 1532 1141 1591 obscuri,
1187 1532 1255 1579 nil
1292 1532 1534 1598 ambigui,
1571 1531 1638 1580 nil
1672 1546 1849 1579 recon-

175 1611 267 1659 diti
301 1610 517 1675 reliquit,
554 1612 623 1659 nil
657 1627 748 1675 per
780 1611 1011 1674 ambages
1047 1611 1358 1675 significavit,
1393 1611 1482 1660 sed
1517 1613 1663 1675 plane
1691 1611 1848 1659 diser-

175 1697 325 1755 teque
369 1691 434 1739 de
466 1691 694 1739 omnibus
727 1691 877 1739 rebus
922 1690 1201 1753 explicavit.
1269 1692 1558 1740 Abiicienda
1593 1696 1672 1741 est
1703 1692 1851 1753 igitur

174 1771 351 1834 opinio-
374 1770 459 1818 illa
494 1770 615 1818 satis
648 1770 948 1834 pervulgata,
983 1770 1207 1818 varietati
1241 1770 1562 1820 formularum
1597 1787 1653 1819 ac
1681 1771 1846 1834 dispo-

175 1849 366 1897 sitionis
405 1849 692 1912 Euripidem
728 1849 1011 1907 studuisse,
1046 1854 1100 1897 ut
1131 1849 1348 1898 novitate
1382 1851 1521 1914 quasi
1556 1850 1848 1915 supellecti-

175 1929 236 1976 lis
271 1934 581 1992 spectatores
617 1929 866 1986 alliceret,
916 1943 1039 1992 quos
1074 1943 1237 1976 rerum
1273 1931 1634 1993 verborumque
1667 1931 1846 1978 virtute

174 2015 344 2056 tenere
377 2009 534 2056 minus
569 2014 766 2072 posset,
816 2024 975 2070 neque
1011 2016 1196 2056 certum
1244 2011 1616 2073 compositionis
1651 2010 1846 2057 institu-

172 2094 277 2136 tum
312 2102 566 2146 servasse,
615 2088 705 2136 sed
751 2103 842 2151 per
892 2087 1140 2136 libidinem
1175 2088 1268 2136 alia
1302 2094 1450 2153 atque
1485 2090 1578 2137 alia
1613 2094 1847 2148 tentasse,

172 2167 351 2229 quibus
386 2172 529 2215 vetus
565 2166 848 2232 tragoediae
882 2167 1160 2216 institutum
1195 2169 1505 2234 dignitasque
1539 2186 1564 2216 a
1601 2169 1845 2232 prioribus

170 2245 352 2295 tradita
386 2252 722 2305 everteretur3
771 2247 1072 2310 repudianda
1107 2254 1185 2295 est
1218 2251 1470 2297 accusatio
1506 2250 1845 2313 importunita-

171 2327 235 2375 tis
269 2326 656 2391 imperitiaeque,
691 2343 784 2390 qua
819 2327 1120 2389 iniquissime
1155 2328 1398 2391 premitur
1431 2335 1577 2391 poeta
1610 2331 1672 2390 is,
1708 2329 1846 2378 cuius

168 2420 359 2454 summa
393 2406 579 2469 ingenii
611 2406 826 2455 sollertia
859 2406 909 2455 iu
943 2408 1192 2456 struendis
1228 2408 1501 2458 dramatum
1546 2410 1846 2474 argumentis

167 2490 389 2549 apparet.

226 2613 274 2666 *)
306 2613 354 2654 Α.
414 2613 502 2654 Um
528 2613 682 2655 Gottes
710 2613 888 2655 willen!
930 2614 1011 2661 hat
1040 2626 1146 2655 man
1178 2614 1316 2655 sehon
1347 2616 1445 2656 eine
1474 2616 1627 2657 solche
1656 2614 1842 2669 Exposi—

305 2683 397 2724 tion
434 2684 656 2739 geschen!
714 2683 823 2725 Man
860 2684 970 2725 sehe
1009 2672 1150 2738 do‘ch,
1193 2684 1278 2725 wie
1318 2684 1405 2726 tief
1437 2684 1509 2726 die
1546 2684 1845 2727 dramatischc

306 2753 453 2794 Knnst
481 2754 710 2808 gesunken
739 2753 819 2795 ist!

307 2822 361 2864 Β.
418 2822 539 2863 Aber
566 2822 641 2865 ich
671 2824 790 2865 habe
820 2824 935 2865 doch
966 2824 1087 2865 Alles
1116 2822 1246 2864 recht
1274 2827 1355 2877 gut
1382 2824 1665 2866 verstanden.

308 2893 365 2938 A.
424 2892 516 2934 Das
549 2891 607 2935 ist
642 2894 694 2946 ja
732 2894 844 2935 eben
885 2895 965 2935 der
993 2894 1183 2935 Fehler!
1240 2893 1347 2934 Man
1390 2895 1510 2936 murs
1549 2909 1597 2937 es
1626 2895 1729 2936 dem
1757 2894 1844 2935 Zu-

304 2964 502 3005 schauer
530 2976 580 3003 so
610 2964 920 3006 verstohlener
950 2963 1100 3006 Weise
1128 2967 1256 3004 unter
1290 2964 1372 3005 den
1402 2965 1514 3006 Ful's
1546 2965 1718 3021 geben,
1747 2963 1844 3006 ihm

313 3033 424 3075 aber
443 3032 566 3074 nicht
590 3034 814 3089 geradezu
836 3035 880 3077 in
902 3035 986 3077 den
1014 3035 1125 3076 Bart
1149 3032 1318 3075 werfen
1336 3034 1347 3074 ἰ

311 3103 365 3145 Β.
421 3103 541 3145 Aber
562 3116 666 3144 man
683 3104 812 3146 weiss
830 3106 945 3147 doch
970 3119 1072 3159 nun,
1104 3117 1255 3146 woran
1274 3117 1378 3145 man
1400 3104 1480 3148 ist!

303 3174 355 3216 A.
414 3174 508 3216 nas
538 3173 657 3215 murs
690 3188 795 3215 man
816 3176 867 3228 ,ia
889 3176 1114 3217 durchaus
1143 3174 1266 3216 nicht
1289 3188 1337 3215 so
1371 3175 1631 3231 geschwind
1655 3175 1840 3216 wissen:

308 3243 409 3285 dass
438 3256 542 3285 man
571 3257 619 3284 so
653 3245 773 3285 nach
802 3245 892 3286 und
918 3247 1036 3288 nach
1066 3244 1408 3296 himinkiimmt,
1443 3246 1521 3286 das
1556 3244 1612 3287 ist
1648 3246 1698 3296 Ja
1730 3243 1842 3285 eben

305 3313 385 3354 der
410 3313 536 3355 beste
559 3314 710 3368 Spars.

305 3382 361 3424 B.
416 3382 502 3425 Die
528 3383 714 3426 Illusion
741 3383 876 3427 leidet
898 3385 1123 3438 darunter,
1153 3385 1236 3426 das
1262 3383 1318 3426 ist
1339 3385 1658 3441 ausgemacht!

878 3455 1085 3499 Tiecks
1119 3455 1507 3512 gestiefelter
1538 3455 1727 3497 Katcr.
