2170 3848
907 282 986 337 23

102 431 368 497 supplices.
416 429 518 478 Iam
556 444 711 493 quum
744 444 906 492 neque
937 425 1160 491 fugiendi
1195 425 1403 474 facultas
1438 429 1674 489 appareat
1696 440 1784 475 ne-

99 529 196 578 que
228 512 278 560 iu
315 510 485 560 amicis
521 509 621 557 ulla
656 524 770 572 spes
796 508 966 555 salutis
989 507 1168 568 relictav
1186 505 1266 562 sit,
1301 505 1406 569 pati
1432 506 1632 554 fortiter
1655 522 1784 569 quae

97 592 237 644 vitari
271 595 519 656 nequeant
554 589 792 654 optimum
829 586 963 635 factu
998 602 1111 634 esse
1144 585 1331 633 statuit.
1402 585 1543 633 Hanc
1568 585 1783 651 Amphi-

98 679 227 733 truo,
264 678 317 719 ut
350 672 519 734 quieto
555 671 618 718 sit
653 667 812 714 animo
848 682 939 714 nec
975 666 1136 713 minus
1172 664 1353 713 liberos
1389 664 1578 713 blandis
1616 665 1784 715 verbis

98 760 248 817 atque
282 751 431 800 etiam
468 747 756 798 commentis
793 746 1080 810 tranquillos
1116 745 1310 804 reddat,
1347 745 1598 793 hortatur:
1631 761 1784 809 posse

98 833 230 883 enim
265 831 544 879 etiamnunc
588 828 817 876 fortunae
866 826 1301 874 commutationem
1349 825 1513 873 reditu
1548 824 1783 874 Herculis

100 912 252 973 effici,
286 916 338 960 et
371 924 573 973 sperare
608 912 889 955 constanter
921 922 1085 970 neque
1111 912 1302 955 temere
1326 905 1540 954 animum
1569 904 1782 971 despon-

99 993 219 1043 dere
252 987 556 1039 t'ortitudinis
591 1003 717 1036 esse.

228 1068 374 1119 Nulla
409 1068 492 1116 hic
526 1067 760 1132 prologus
795 1066 1062 1115 verborum
1095 1076 1305 1130 pompa,
1353 1082 1496 1131 quam
1532 1063 1780 1114 admiren-

96 1158 177 1202 tur
203 1154 527 1216 spectatores,
563 1148 695 1196 nulla
720 1147 1075 1196 sententiarum
1099 1146 1355 1211 gravitate,
1392 1151 1590 1210 praeter
1615 1145 1782 1207 finem,

94 1229 301 1296 insignis
342 1235 435 1278 est.
504 1227 607 1277 Res
642 1227 771 1276 enim
806 1229 973 1292 ipsae,
1027 1227 1239 1292 dignitas
1275 1226 1528 1274 hominum
1565 1231 1614 1274 et
1650 1224 1782 1274 cala-

94 1312 277 1362 mitatis
323 1310 563 1375 gravitas,
608 1308 731 1356 satis
778 1308 1098 1356 vehementer
1146 1306 1337 1355 animos
1386 1312 1600 1356 movent.
1670 1304 1784 1354 Hoc

96 1392 199 1456 egit
231 1396 404 1456 poeta,
451 1395 504 1437 ut
547 1393 724 1454 postea
760 1388 913 1436 caede
950 1388 1217 1436 liberorum
1256 1388 1519 1449 uxorisque
1553 1386 1613 1433 ab
1649 1385 1782 1434 Her-

95 1471 207 1522 cule
223 1471 332 1534 ipso
352 1469 485 1518 facta
513 1469 854 1517 vehementius
883 1468 1212 1517 afficeremur.
1247 1468 1357 1515 Hoc
1373 1467 1573 1515 consilio
1589 1480 1783 1514 summo

96 1551 347 1600 desiderio
372 1550 503 1598 illius
526 1549 782 1598 adventum
811 1548 1092 1612 exspectari
1115 1554 1166 1596 et
1193 1563 1463 1612 suspensos
1489 1547 1619 1595 inter
1641 1561 1782 1610 spem

95 1636 386 1694 metumque
418 1629 479 1677 ad
516 1630 736 1693 quemvis
771 1630 1031 1693 strepitum
1068 1629 1191 1692 erigi
1225 1628 1376 1685 fecit,
1414 1627 1670 1691 cupientes
1695 1642 1782 1689 ge-

96 1727 194 1761 nua
242 1710 369 1759 illius
418 1709 652 1774 ampiecti
703 1724 997 1771 omnemque
1045 1724 1184 1773 spem
1234 1707 1407 1756 salutis
1454 1711 1695 1769 ponentes
1731 1706 1782 1755 in

99 1807 178 1852 eo,
210 1789 293 1854 qui
326 1789 589 1848 miserius,
623 1803 767 1850 quam
803 1789 975 1836 hostes
1003 1788 1351 1846 crudelissimi,
1387 1787 1524 1850 ipsos
1560 1785 1780 1835 trucida-

98 1875 241 1920 turus
276 1875 370 1918 est.

228 1949 446 1999 Veniunt
470 1962 615 1995 senes
639 1946 899 2010 decrepiti,
933 1947 1308 2011 Amphitruonis
1343 1946 1593 2010 aequaleS,
1629 1946 1779 1995 bacu-

99 2031 159 2079 lis
186 2029 353 2088 innixi,
390 2027 615 2075 manibus
644 2026 965 2090 vestibusque
995 2044 1050 2074 se
1074 2027 1282 2074 invicem
1304 2027 1593 2085 retinentes,
1629 2043 1780 2090 quum

98 2123 304 2174 corpora
350 2125 378 2155 a
414 2107 555 2170 lapsu
587 2107 664 2153 vix
701 2107 1003 2166 sustineant,
1057 2107 1118 2155 ad
1154 2107 1371 2171 studium
1406 2107 1779 2169 significandum

96 2205 240 2254 quam
286 2186 521 2236 auxilium
554 2186 817 2234 ferendum
854 2189 1102 2251 aptiores:
1153 2188 1334 2251 quippe
1368 2188 1671 2235 somniorum
1704 2187 1780 2236 in-

97 2276 198 2319 star
231 2285 288 2317 se
321 2283 434 2316 esse
468 2267 562 2331 ipsi
601 2266 782 2314 dicunt.
838 2266 1049 2315 Miseret
1084 2284 1172 2316 eos
1208 2268 1341 2316 senis
1377 2273 1429 2315 et
1462 2267 1653 2324 matris,
1689 2267 1780 2316 sed

95 2349 306 2398 maxime
338 2363 622 2410 puerorum,
659 2346 893 2396 Herculis
930 2363 985 2394 os
1021 2347 1328 2411 vultumque,
1366 2348 1582 2411 quamvis
1611 2347 1779 2397 sintin

96 2429 308 2487 miseria,
342 2427 680 2486 referentium,
716 2420 923 2475 miseret
955 2443 1073 2475 vero
1108 2429 1254 2476 etiam
1289 2428 1495 2493 patriae,
1531 2428 1662 2491 quod
1698 2433 1780 2477 ta-

98 2510 224 2560 libus
258 2503 405 2556 sociis
442 2507 891 2571 defensoribusque
925 2508 1164 2571 privetur.

226 2587 380 2636 Actus
428 2589 672 2637 secundus
718 2592 851 2635 totus
901 2587 1205 2635 consumitur
1247 2588 1657 2638 contentionibus.
1726 2587 1779 2637 ln

100 2667 273 2731 capitis
306 2667 435 2716 enim
468 2668 702 2717 iudicium
737 2673 976 2716 vocantur
1011 2668 1333 2729 Heraclidae,
1368 2685 1494 2732 quae
1529 2669 1779 2732 discepta-

100 2747 172 2795 tio
207 2747 280 2795 sic
313 2746 599 2809 instituitur,
635 2753 692 2796 ut
727 2749 788 2797 ad
814 2749 1046 2796 Herculis
1083 2748 1260 2796 merita
1296 2750 1455 2796 onmia
1479 2749 1778 2796 referantur.

100 2827 294 2876 Absens
327 2827 473 2889 igitur
506 2828 588 2876 hic
623 2844 844 2876 caussam
884 2828 1050 2877 dicere
1092 2835 1142 2876 et
1176 2834 1423 2876 certamen
1456 2829 1582 2876 inire
1617 2827 1777 2877 laudis

98 2907 394 2969 virtutisque
425 2908 631 2957 videtur.
684 2908 752 2957 Et
788 2909 997 2972 primum
1026 2909 1224 2971 quidem
1251 2909 1414 2972 Lycus
1442 2908 1779 2972 mortem'pati

101 2991 154 3036 et
186 2987 370 3034 liberos
406 2993 455 3034 et
487 2994 717 3048 parentes
752 2990 883 3037 illius
910 3005 1117 3051 aequum
1146 3004 1257 3036 esse
1284 2995 1456 3037 censet
1481 2989 1610 3047 ideo,
1645 2988 1778 3051 quod

100 3082 198 3116 non
233 3066 331 3115 sint
366 3071 531 3115 tantae
564 3067 690 3117 illius
725 3085 806 3118 res
841 3073 1027 3132 gestae,
1064 3075 1270 3132 propter
1297 3085 1416 3131 quas
1441 3068 1568 3117 vitae
1597 3068 1778 3116 horum

100 3152 363 3212 parcatur:
417 3146 601 3194 ultores
649 3150 779 3196 enim
827 3150 959 3197 caesi
1008 3148 1236 3197 Creontis
1270 3150 1504 3213 regnique
1553 3147 1777 3211 occupati

102 3226 319 3275 vindices
353 3226 565 3290 relinqui
599 3229 802 3277 stultum
840 3246 950 3277 esse
987 3230 1266 3278 arbitratur.
1338 3229 1593 3293 Nunquam
1629 3228 1778 3292 igitur

102 3307 239 3356 illum
287 3306 539 3366 cominuS,
587 3314 793 3357 stantem
841 3310 888 3357 in
924 3310 1061 3365 acie,
1108 3325 1216 3356 cum
1253 3308 1476 3358 hostibus
1512 3323 1777 3372 pugnasse,

104 3387 196 3437 sed
232 3392 316 3435 aut
350 3386 556 3451 sagittis,
592 3388 873 3437 timidorum
909 3389 1076 3446 armis),
1110 3388 1243 3437 seras
1279 3389 1544 3437 sustulisse
1578 3392 1662 3434 aut
1693 3402 1775 3435 re-

105 3466 243 3517 tibus
276 3458 488 3531 cepisse,
521 3468 784 3532 postmodo
818 3483 873 3518 se
906 3469 1125 3518 manibus
1160 3484 1244 3517 eas
1280 3468 1614 3534 strangulasse
1639 3482 1775 3516 men-
