2150 3866
877 311 998 368 213

202 461 341 524 ὄςτις
372 459 517 526 νέμει
550 459 802 513 κάλλιστα
836 457 936 527 τὴν
972 456 1144 510 αὐτοῦ
1179 457 1364 524 φύσιν,

204 533 365 604 οὗτος
397 541 569 608 σοφὸς
600 540 843 610 πέφυκεν
878 539 950 601 εἰς
983 539 1044 591 τὸ
1077 537 1375 606 συμφέρον.

69 626 139 676 Et
169 625 401 676 hortatur
435 626 617 674 chorus
653 640 880 689 quoque,
932 626 988 670 ut
1021 621 1306 670 necessitati
1351 624 1554 685 pareat,
1607 620 1761 670 docu-

68 711 291 757 mentum
327 705 599 771 sapientiae
631 704 682 752 id
717 702 1043 752 certissimum
1079 716 1193 750 esse
1227 700 1515 749 affirmans:

201 784 340 847 ὄςτις
374 785 424 837 δ’
461 783 668 850 α’νοὶγκῃ
704 778 1108 848 συγκεχώρηκεν
1143 780 1373 845 βροτῶν,

201 867 374 933 σοφὸς
406 866 532 930 παρ’
566 862 697 930 ἡμῖν
728 860 819 914 καὶ
851 860 916 912 τὰ
949 860 1051 911 θεῖ’
1085 860 1439 926 ἐπίσταται*).

69 947 298 998 Mutatur
341 947 522 996 deinde
567 945 814 994 sententia
847 943 1045 1008 Polyidi
1092 948 1145 991 et
1195 948 1456 1009 praestare
1506 939 1763 1004 cognoscit

70 1032 247 1092 sponte
279 1027 429 1074 vitam
465 1026 748 1090 deponere,
786 1040 932 1090 quam
969 1024 1187 1089 turpiter
1221 1021 1450 1073 interfici.
1521 1021 1760 1083 Queritur

66 1106 155 1155 ille
199 1105 429 1171 quidem,
486 1104 620 1170 quod
664 1105 938 1171 perniciem
982 1118 1075 1170 pro
1108 1103 1382 1154 commodis
1427 1101 1648 1152 sollertia
1681 1101 1762 1161 iis,

69 1186 156 1253 qui
185 1186 421 1246 habeant,
456 1185 640 1235 afferre
674 1186 854 1235 soleat:

199 1263 255 1318 οἱ
287 1262 381 1325 τὰς
412 1262 601 1331 τέχνας
634 1263 687 1316 δ’·
718 1263 924 1331 ἔχοντες
955 1261 1273 1329 ἀθλιώτεροι

197 1348 295 1414 τῆς
327 1345 665 1412 φαυλότητος
683 1362 697 1377 ·
733 1344 824 1398 καὶ
854 1343 960 1412 γὰρ
993 1343 1052 1396 έν
1085 1349 1251 1410 κοινῷ
1285 1339 1468 1410 ψέγειν

197 1425 366 1479 ἅπασι
397 1428 610 1479 κεῖσθαι
643 1425 896 1495 δυςτυχὲς
928 1425 1064 1479 κούκ
1098 1422 1311 1493 εὐτυχές

67 1508 221 1575 (quae
254 1509 503 1559 sententia
539 1511 766 1575 congruit
800 1526 914 1560 cum
948 1509 1030 1571 iis,
1067 1525 1194 1574 quae
1227 1508 1413 1557 Medea
1437 1520 1482 1553 v.
1498 1505 1599 1554 296
1621 1518 1760 1567 seqq.

67 1586 311 1656 disserit).
381 1588 483 1639 Sed
519 1596 761 1653 mortem,
808 1605 937 1654 quae
972 1590 1198 1638 omnibus
1233 1586 1550 1653 impendeat,
1599 1598 1763 1647 neque

65 1670 300 1720 miseram
334 1685 498 1734 neque
532 1670 797 1720 timendam
830 1686 945 1719 esse
979 1669 1242 1733 intelligit:

199 1752 362 1801 πᾶσιν
394 1747 498 1816 γὰρ
531 1747 663 1816 ἡμῖν
695 1750 840 1801 τοῦτ)
878 1746 1143 1814 ὀφείλεται
1178 1748 1376 1799 παθεῖν
1389 1743 1487 1813 **).

67 1830 229 1894 Quem
262 1830 427 1879 locum
463 1835 515 1880 et
548 1832 714 1895 ipsum
749 1830 972 1881 comicus
1005 1829 1310 1879 deformavit
1341 1829 1443 1878 sic:

203 1908 266 1960 τὸ
299 1907 404 1975 γὰρ
439 1909 734 1975 φοβεῖσθαι
767 1909 863 1961 τὸν
896 1908 1139 1960 θάνατον
1168 1910 1334 1976 λῆρος
1365 1903 1550 1965 πολύς.

67 1991 207 2041 Idem
254 1991 390 2055 quod
438 1991 548 2040 risit
594 1992 893 2040 sententiam
938 1989 1086 2054 longe
1127 1991 1346 2039 omnium
1390 1983 1762 2054 praestantissi-

66 2087 198 2120 mam
242 2077 293 2119 et
338 2070 492 2120 multo
540 2071 922 2136 sapientiorem,
974 2086 1123 2134 quam
1174 2086 1303 2135 quae
1352 2070 1403 2118 in
1439 2065 1762 2117 mediocrium

65 2150 145 2200 vel
196 2149 345 2200 etiam
390 2150 708 2200 sordidorum
741 2151 1002 2201 hominum
1037 2156 1238 2215 captum
1275 2150 1510 2211 caderet,
1559 2146 1763 2197 minime

65 2229 344 2280 mirandum
377 2235 482 2279 est:

191 2307 270 2370 τίς
306 2307 354 2360 δ’
390 2302 555 2374 οἶδεν,
591 2308 637 2361 εἰ
669 2309 730 2362 τὸ
767 2311 864 2380 ζῆν
896 2308 995 2376 μέν
1029 2308 1138 2363 ἐστι
1170 2311 1480 2374 κατθανεῖν,

192 2388 255 2441 τὸ
288 2393 579 2442 κατθανεῖν
608 2389 667 2443 δὲ
702 2393 797 2459 ζῆν
831 2391 974 2443 κάτω
1007 2390 1273 2458 νομίζεται
1286 2412 1309 2452 ,·

70 2470 255 2520 Clauso
307 2478 629 2522 monumento
679 2479 732 2524 et
784 2474 995 2538 Polyido
1046 2490 1138 2539 pro
1190 2473 1391 2522 victima
1446 2470 1621 2520 inferis
1664 2467 1763 2517 diis

65 2551 278 2614 tradito,
314 2567 405 2601 rex
439 2554 638 2618 quidem
675 2571 704 2603 a
739 2553 971 2620 sepulcro
1004 2554 1055 2602 in
1086 2553 1238 2602 aedes
1274 2553 1435 2616 regias
1470 2550 1638 2599 redire
1669 2562 1762 2612 po-

66 2631 188 2691 tuit,
239 2631 328 2680 sed
379 2633 532 2683 choro
565 2635 615 2683 in
664 2635 842 2684 eodem
892 2634 1004 2683 loco
1038 2633 1390 2682 remanendum
1429 2631 1555 2691 fuit,
1604 2629 1763 2677 donec

66 2711 272 2777 spiritus
318 2718 514 2762 mortuo
562 2715 923 2764 restitueretur.
992 2713 1158 2763 Locus
1203 2713 1353 2778 igitur
1400 2713 1610 2762 dabatur
1643 2724 1760 2773 pre-

66 2793 209 2842 cibus
245 2791 470 2855 votisque
502 2793 767 2844 faciundis.
841 2794 1063 2843 Cantatis
1091 2799 1257 2842 autem
1291 2792 1369 2855 iis,
1404 2808 1531 2856 quae
1556 2804 1763 2840 caussae

67 2871 436 2932 conveniebant,
472 2873 736 2924 audierunt
768 2874 1030 2939 Polyidum
1063 2879 1116 2922 et
1144 2872 1386 2921 Glaucum
1410 2870 1761 2930 vociferanteS,

66 2951 199 3002 unde
231 2951 473 3001 revixisse
509 2951 753 3002 Glaucum
788 2958 1149 3020 cognoverunt,
1201 2958 1253 3002 et
1300 2953 1511 3001 invicem
1554 2951 1761 2999 missum

68 3048 98 3081 a
131 3047 187 3082 se
223 3047 338 3081 esse
372 3031 615 3092 nuntium,
653 3034 735 3098 qui
768 3049 938 3098 regem
973 3038 1266 3094 arcesseret,
1300 3032 1419 3088 illis,
1456 3032 1540 3096 qui
1572 3031 1623 3080 in
1648 3045 1763 3079 mo-

67 3117 306 3162 numento
341 3111 520 3161 inclusi
554 3118 712 3176 erant,
747 3114 963 3164 clamore
994 3113 1348 3179 significarunt.
1383 3112 1610 3162 Reverso
1640 3125 1763 3176 rege

126 3308 180 3363 ¹⁸)
206 3308 392 3364 Fragm.
418 3307 507 3351 inc.
531 3310 652 3364 trag.
675 3306 775 3350 120.

101 3377 180 3434 *ἢ
207 3377 437 3434 Euripidis
474 3378 594 3420 hunc
631 3392 814 3421 versum
856 3392 977 3431 esse,
1020 3384 1065 3423 et
1107 3379 1287 3435 quidem
1325 3392 1380 3421 ex
1410 3379 1499 3420 hac
1527 3373 1763 3433 tragoedia

213 3448 496 3503 depromtum
513 3479 524 3500 ,
579 3452 700 3491 recte
738 3448 956 3494 iudicavit
994 3450 1218 3507 Bergkius
1247 3449 1294 3491 in
1323 3450 1472 3492 annal.
1502 3447 1762 3490 Zimmcrm.

214 3516 342 3562 1835.
371 3533 416 3574 p.
444 3517 546 3564 962.
575 3523 620 3563 et
647 3518 815 3577 fragm.
845 3518 1073 3576 Aristoph.
1107 3536 1150 3576 p.
1173 3518 1273 3563 245.
