2170 3848
1019 267 1136 324 141

245 416 465 468 moribus
499 415 855 480 sententiisque
896 414 1142 464 imitandis
1175 412 1437 464 tribuisse:
1482 419 1561 465 est
1605 413 1736 465 enim
1780 413 1914 481 lphi-

248 496 422 562 geniae
455 495 698 545 Tauricae
748 496 915 544 fabula
948 510 1152 544 numero
1198 509 1364 543 earum
1385 532 1399 556 ,
1449 510 1575 557 quae
1623 496 1687 544 ad
1720 494 1914 560 Sopho-

246 577 386 625 cleae
420 576 702 638 tragoediae
737 575 945 624 formam
980 572 1181 638 propius
1215 574 1471 622 accedunt.

381 654 572 716 Restat,
606 661 661 704 ut
694 670 901 719 quonam
932 659 1156 717 tempore
1186 653 1272 700 illa
1302 653 1515 717 primum
1548 653 1694 702 docta
1715 654 1779 702 sit
1811 654 1917 703 dis-

251 735 513 800 quiramus.
579 735 709 784 Ante
741 733 1059 783 Aulidensem
1104 731 1412 798 Iphigeniam
1447 733 1771 797 compositam
1805 750 1918 783 esse

251 813 544 875 Tauricam,
592 814 688 862 nisi
730 813 880 862 certis
927 812 1225 861 testimoniis
1259 816 1510 861 constaret
1546 811 1678 876 (nam
1710 813 1834 862 haec
1866 814 1918 863 in

251 895 403 944 Ranis
450 892 793 956 Aristophanis
839 892 1133 958 respicitur,
1196 884 1331 940 illam
1375 898 1492 957 post
1532 891 1697 941 Ranas
1742 909 1771 941 a
1814 893 1919 942 filio

251 973 502 1038 Euripidis
550 973 747 1022 doctam
789 988 904 1020 esse
948 972 1214 1022 scholiasta
1260 972 1607 1036 Aristophanis
1650 973 1920 1022 memoriae

251 1053 511 1116 tradidit),
560 1069 622 1102 ex
666 1052 966 1118 argumentis
1013 1053 1133 1118 ipsis
1178 1052 1456 1102 fabularum
1514 1052 1687 1101 coniici
1732 1058 1919 1118 posset.

250 1133 415 1182 Licuit
448 1133 556 1181 sine
590 1132 738 1181 dubio
760 1132 988 1196 Euripidi
1011 1132 1330 1181 Aulidensem
1360 1137 1474 1196 post
1497 1131 1759 1181 Tauricam
1786 1148 1922 1181 com-

250 1213 453 1278 ponenti
499 1218 837 1276 argumentum
875 1214 946 1261 sic
984 1212 1319 1273 conformare,
1365 1212 1778 1276 quemadmodum
1814 1218 1922 1262 erat

252 1293 508 1342 movendis
556 1293 886 1357 docendisque
934 1293 1297 1357 spectatoribus
1332 1291 1638 1355 aptissimum
1683 1292 1923 1355 futurum,

253 1389 347 1423 nec
379 1373 638 1422 tenebatur
671 1373 751 1430 iis,
788 1388 914 1436 quae
941 1373 1003 1421 de
1026 1372 1308 1437 Iphigeniae
1330 1371 1663 1421 immolatione
1684 1373 1733 1422 in
1758 1374 1925 1438 priore

253 1453 474 1502 dramate
508 1457 647 1502 erant
681 1453 842 1502 obiter
874 1457 1272 1503 commemorata.
1340 1451 1506 1500 Licuit
1538 1452 1689 1515 igitur
1715 1457 1924 1502 matrem

254 1530 314 1584 iu*
353 1540 516 1582 castra
563 1549 851 1593 arcessere,
900 1533 1005 1582 siue
1050 1549 1144 1596 qua
1194 1547 1291 1581 non
1340 1538 1536 1596 poterat
1580 1540 1923 1596 argumentum

256 1613 514 1664 commode
546 1613 776 1679 impediri
787 1632 801 1674 ;
835 1613 971 1662 licuit
1002 1613 1243 1677 virginem
1278 1611 1446 1661 facere
1475 1613 1605 1661 ultro
1626 1629 1681 1660 se
1704 1612 1765 1660 ad
1793 1628 1925 1661 mor-

256 1700 362 1744 tem
396 1694 732 1756 obserentem,
779 1694 908 1757 quod
955 1694 1156 1742 invitam
1189 1709 1281 1757 per
1313 1694 1411 1740 vim
1444 1692 1658 1741 abstrahi
1708 1692 1925 1756 puellam

254 1775 527 1833 insontem,
579 1774 873 1837 praesertim
908 1774 951 1821 si
983 1774 1031 1821 in
1067 1774 1175 1822 eius
1208 1788 1417 1836 persona
1451 1788 1697 1821 summum
1731 1773 1926 1821 drama-

254 1856 322 1904 tis
358 1860 623 1918 poneretur
650 1860 969 1915 momentum,
1003 1853 1196 1902 facinus
1224 1853 1438 1902 immane
1465 1852 1644 1900 fuisset
1670 1852 1928 1916 exitusque

256 1935 529 1998 argumenti
562 1935 632 1994 is,
676 1936 725 1983 in
759 1950 857 1997 quo
890 1935 970 1982 vix
1001 1938 1207 1997 possent
1253 1938 1557 1997 spectatores
1592 1932 1926 1995 acquiescere.

258 2014 472 2063 Caussas
505 2015 653 2078 igitur
687 2014 1016 2062 mutationum
1050 2014 1187 2063 vides
1230 2013 1522 2062 iustissimas
1557 2018 1705 2075 atque
1738 2011 1928 2077 gravis-

258 2094 425 2143 simas.
495 2093 756 2143 Tauricam
790 2110 907 2143 vero
943 2095 984 2142 si
1019 2095 1347 2158 posteriorem
1381 2109 1492 2142 esse
1526 2108 1697 2158 ponaS‚
1731 2092 1812 2140 vix
1847 2093 1926 2142 ul-

254 2174 352 2223 lam
384 2174 614 2223 idoneam
646 2174 935 2245 immutandi
969 2175 1244 2238 argumenti
1276 2189 1500 2223 caussam
1532 2173 1770 2237 reperies.
1829 2171 1929 2221 Po-

255 2254 353 2303 tuit
399 2255 529 2302 enim
577 2254 684 2304 fere
729 2255 904 2304 eadem
949 2256 1111 2304 omnia
1154 2260 1204 2304 et
1248 2247 1539 2304 sentire‘et
1583 2268 1732 2319 agere
1774 2253 1929 2316 virgo,

256 2334 448 2384 etiamsi
481 2334 656 2384 lubens
679 2336 929 2385 immolata
972 2336 1166 2388 fuisset.
1234 2335 1428 2384 Eodem
1472 2337 1759 2399 argumento
1792 2330 1929 2382 Tau-

256 2414 412 2463 ricam
441 2413 739 2479 Iphigeniam
775 2421 888 2466 ante
922 2416 1154 2465 Orestem
1188 2416 1514 2480 compositam
1548 2430 1663 2463 esse
1697 2413 1928 2462 efficitur.

259 2493 464 2543 Orestes
499 2494 630 2544 enim
664 2497 826 2546 sorori
860 2496 922 2545 de
946 2496 1174 2545 Menelao
1207 2497 1364 2544 hocce
1398 2495 1683 2559 quaerenti:

389 2574 454 2623 οὔ
498 2589 606 2626 που
639 2579 939 2636 νοσοῦντας
969 2579 1119 2637 θεῖος
1151 2573 1369 2642 ὕβρισεν
1402 2574 1638 2639 δόμους;

260 2655 555 2704 contrarium
591 2658 858 2723 respondet
891 2674 1092 2718 eorum,
1139 2674 1266 2722 quae
1313 2657 1508 2706 Orestis
1554 2656 1775 2711 dramate
1809 2670 1928 2704 con-

260 2733 502 2794 tinentur3
549 2736 682 2786 idem
716 2754 814 2802 quo
850 2738 960 2787 loco
994 2744 1223 2788 recenset
1259 2752 1579 2802 quaecunque
1612 2740 1728 2801 post
1760 2739 1928 2799 patra-

258 2819 363 2863 tum
395 2816 723 2866 matricidium
759 2818 886 2867 mala
920 2834 1186 2884 perpessus
1222 2822 1327 2879 est,
1362 2817 1666 2883 periculum,
1716 2814 1847 2879 quod
1880 2814 1933 2864 in

258 2894 444 2958 patria,
495 2900 756 2960 antequam
788 2898 1053 2949 Furiarum
1086 2900 1273 2964 impetu
1307 2897 1666 2963 expelleretur,
1716 2896 1931 2944 subiisse
2000 2916 2009 2927 ν

259 2973 420 3022 altero
455 2974 675 3024 dramate
709 2977 926 3043 fingitur,
963 2980 1160 3028 omittit.
1226 2977 1450 3043 Vestigia
1485 2983 1678 3038 autem,
1727 2991 1789 3024 ex
1822 2975 1932 3039 qui-

258 3053 352 3102 bus
387 3053 579 3103 definiri
613 3059 808 3121 tempus
843 3065 1039 3123 posset,
1091 3059 1216 3108 haec
1249 3058 1428 3108 inveni.
1497 3057 1734 3106 Feminae
1768 3054 1929 3116 chori,

260 3147 359 3196 quo
403 3134 515 3182 loco
547 3135 738 3200 patriae
784 3137 1088 3188 desiderium
1122 3139 1427 3203 exprimunt,
1473 3153 1663 3186 summa
1698 3152 1810 3185 cum
1844 3149 1931 3183 vo-

260 3210 450 3277 luptate
492 3214 543 3263 in
590 3214 700 3263 Deli
742 3216 930 3267 insulae
962 3225 1108 3284 atque
1142 3234 1314 3268 eorum
1348 3218 1605 3277 locorum,
1654 3217 1704 3265 in
1753 3214 1931 3279 quibus

259 3290 448 3342 Latona
478 3295 702 3357 geminos
735 3296 918 3347 liberos
955 3301 1094 3348 enixa
1128 3299 1220 3360 sit,
1255 3298 1719 3347 commemoratione
1754 3295 1932 3342 immo-

259 3378 460 3434 rantur,
510 3374 643 3423 unde
687 3375 796 3424 illas
832 3377 954 3428 Delo
1003 3380 1231 3429 oriundas
1264 3379 1385 3443 fingi
1419 3382 1558 3427 recte
1591 3373 1931 3425 Marklandius

260 3452 536 3517 suspicatus
569 3460 664 3505 est.
730 3456 928 3509 Eximie
960 3459 1290 3510 Athenienses
1340 3458 1493 3523 gavisi
1542 3473 1655 3507 esse
1699 3455 1933 3505 videntur
